1835 3240
603 146 786 191 COMM.
813 146 893 191 VlI
922 143 1047 187 CAP.
1071 145 1270 187 25—28.
1669 148 1749 189 421

198 265 321 308 manis
344 270 573 317 coeperunt.
619 260 708 315 Quo
732 263 870 303 timore
892 260 1089 315 perterriti
1114 258 1232 308 Galli,
1263 273 1310 298 ne
1335 259 1380 298 ab
1404 261 1575 310 equitatu
1598 261 1677 301 Ro·
1701 260 1725 300 5

197 347 399 374 manorum
423 331 509 372 uiae
531 338 933 385 praeoccuparentur,
959 329 1123 369 consilio
1147 327 1398 367 destiterunt.
1433 325 1598 367 Postero
1622 330 1681 369 dic
1701 330 1756 373 27

196 399 348 442 Caesar
369 407 546 454 promota
570 401 667 440 turri
690 398 928 450 directisque
951 396 1149 450 operibus,
1175 408 1272 447 quae
1293 393 1676 445 facereinstituerat,

195 482 336 522 magno
369 475 503 508 coorto
536 468 660 507 imbre
693 481 769 506 non
803 465 977 505 inutilem
1013 465 1111 503 lianc
1144 463 1190 502 ad
1223 462 1451 515 capiendum
1476 462 1680 501 consilium

148 545 166 576 5
200 543 472 589 tempestatem
495 535 705 576 arbitratus
729 540 801 583 est,
829 533 930 585 quod
954 533 1067 585 paulo
1090 531 1284 571 incautius
1308 529 1555 570 custodiasin
1572 543 1681 569 muro

196 604 405 657 dispositas
429 603 608 652 uidebat,
646 615 816 654 suosque
852 600 1072 653 languidius
1106 599 1144 638 in
1167 612 1286 652 opere
1311 597 1462 637 uersari
1486 597 1602 637 iussit
1624 604 1677 645 et,

198 672 289 724 quid
312 672 395 712 lieri
421 672 553 720 uellet,
579 670 765 710 ostendit.
810 667 1132 721 Legionibusque
1161 668 1265 706 intra
1301 666 1436 705 uineas
1468 665 1506 705 in
1531 665 1682 706 occulto
1706 667 1731 707 2

197 740 392 793 expeditis
425 739 680 787 cohortatus,
715 744 755 777 ut
789 736 995 789 aliquando
1029 749 1097 788 pro
1134 734 1253 774 tantis
1286 733 1482 773 laboribus
1515 734 1683 773 fructum

200 808 392 848 uictoriae
415 807 676 861 perciperent,
701 805 766 854 iis,
792 805 855 857 qui
879 804 991 857 primi
1016 817 1167 842 murum
1190 802 1485 851 ascendissent,
1511 801 1685 855 praemia

125 883 166 915 10
198 876 401 930 proposuit
422 874 685 927 militibusque
709 873 864 926 signum
889 872 1007 912 dedit.
1052 869 1110 910 Illi
1136 870 1264 910 subito
1288 884 1339 909 ex
1361 869 1539 908 omnibus
1563 869 1683 923 parti·
1706 869 1731 908 3

197 944 269 983 bus
292 943 551 983 euolauerunt
572 955 800 993 murumque
824 940 1009 980 celeriter
1031 938 1341 992 compleuerant.
1378 936 1524 977 Hostes
1548 952 1591 978 re
1615 952 1683 977 no-
1704 937 1761 982 28

198 1025 247 1051 ua
269 1011 470 1064 perterriti
492 1025 603 1050 muro
627 1008 881 1061 turribusque
913 1008 1054 1048 deiecti
1088 1007 1126 1046 in
1159 1007 1244 1046 foro
1269 1019 1314 1046 ac
1337 1005 1432 1046 locis
1456 1005 1686 1058 patentiori-

197 1078 269 1119 bus
291 1079 485 1120 cuneatim
510 1078 788 1127 constiterunt,
815 1078 886 1117 hoc
909 1076 1063 1125 animo,
1089 1082 1144 1124 ut,
1170 1074 1202 1114 si
1226 1087 1296 1128 qua
1324 1087 1376 1113 ex
1398 1080 1509 1127 parte
1532 1073 1686 1113 obuiam

200 1154 339 1187 contra
362 1147 582 1197 ueniretur,
608 1147 691 1188 acie
713 1147 907 1186 instructa
930 1145 1213 1198 depugnarent.
1244 1141 1316 1183 Vbi
1342 1141 1536 1182 neminem
1559 1141 1599 1180 in
1623 1154 1687 1181 ae-
1709 1141 1736 1179 2

128 1223 167 1255 15
201 1230 314 1268 quum
340 1215 465 1255 locum
491 1229 578 1255 sese
602 1216 834 1264 demittere,
870 1214 938 1254 sed
973 1220 1053 1252 toto
1087 1211 1254 1264 undique
1287 1225 1396 1250 muro
1429 1209 1688 1249 circumfundi

200 1283 409 1332 uiderunt,
443 1283 584 1333 ueriti,
617 1297 666 1323 ne
696 1283 854 1322 omnino
877 1296 965 1335 spes
990 1282 1103 1334 fugae
1126 1280 1356 1324 tolleretur,
1382 1277 1544 1317 abiectis
1568 1276 1688 1317 armis

201 1350 356 1390 ultimas
381 1350 508 1404 oppidi
542 1358 671 1404 partes
704 1350 921 1390 continenti
954 1350 1100 1402 impetu
1132 1348 1379 1401 pctiucrunt,
1418 1358 1585 1398 parsque
1617 1344 1686 1394 ibi,
1712 1341 1736 1382 3

202 1431 288 1458 cuin
312 1425 478 1471 angusto
502 1420 612 1459 exitu
634 1426 830 1472 portarum
856 1431 898 1457 se
920 1417 991 1470 ipsi
1017 1422 1264 1470 premerent,
1302 1428 1322 1453 a
1347 1413 1557 1463 militibus,
1598 1427 1688 1467 pars

203 1486 276 1526 iam
301 1500 459 1540 egressa
484 1487 605 1540 portis
629 1487 675 1527 ab
698 1486 893 1539 equitibus
917 1492 977 1524 est
999 1485 1226 1525 interfecta.
1260 1481 1348 1522 Nec
1372 1482 1444 1521 fuit
1466 1482 1686 1534 quisquam,

128 1560 171 1594 20
204 1554 266 1606 qui
290 1555 459 1606 praedae
482 1555 673 1594 studeret.
738 1553 806 1595 Sic
839 1561 878 1593 et.
900 1551 1052 1593 Cenabi
1076 1552 1193 1592 caede
1217 1557 1256 1591 et
1277 1550 1410 1590 labore
1434 1550 1565 1602 operis
1589 1550 1687 1589 inci·
1708 1549 1735 1589 4

204 1621 272 1661 tati
296 1636 372 1661 non
396 1629 525 1662 aetate
549 1623 740 1662 confectis
757 1652 766 1669 ,
792 1636 869 1661 non
894 1620 1141 1669 mulieribus,
1168 1634 1244 1659 nou
1269 1617 1484 1657 infantibus
1508 1631 1691 1670 peperce-

202 1696 309 1729 runt.
353 1688 536 1743 Denique
559 1704 611 1730 ex
635 1691 738 1730 omni
763 1704 952 1739 numero,
978 1688 1041 1741 qui
1067 1688 1136 1727 fuit
1159 1686 1321 1726 circiter
1343 1686 1487 1725 milium
1510 1692 1594 1734 XL,
1622 1685 1692 1725 nix
1713 1685 1737 1725 5

203 1764 330 1807 DCCC,
356 1759 420 1811 qui
444 1758 566 1811 primo
591 1759 760 1799 clamore
783 1758 915 1798 audito
938 1771 980 1797 se
1004 1771 1056 1796 ex
1079 1756 1217 1809 oppido
1232 1755 1450 1802 eiecerunt,
1475 1752 1693 1793 incolumes

204 1827 251 1866 ad
273 1825 645 1880 Vercingetorigem
670 1833 952 1881 peruenerunt.
999 1822 1110 1878 Quos
1140 1824 1207 1864 ille
1240 1823 1360 1863 multa
1393 1821 1469 1862 iam
1503 1828 1616 1861 nocte
1640 1821 1691 1861 si·
1713 1820 1740 1862 6

350 1976 363 2008 ‘l
387 1981 551 2018 ceperunt
568 1977 610 2010 Β.
749 1977 767 2009 3
788 1977 1004 2018 derectisque
1024 1976 1054 2007 Β
1072 1976 1127 2007 Ce
1146 1977 1179 2005 el
1197 1972 1341 2005 secuml.
1363 1972 1555 2004 Achaiam
1576 1981 1610 2010 a,
1631 1973 1696 2012 qui

198 2027 303 2069 salso
323 2029 358 2058 in
378 2028 407 2059 B
428 2029 657 2071 perfectisque
676 2029 750 2071 legs
773 2033 921 2068 narra&
950 2028 1185 2071 perfectisque
1206 2027 1223 2057 Ι)
1238 2026 1289 2057 cd
1305 2028 1359 2065 et,
1391 2027 1431 2055 at
1453 2025 1635 2064 arbitror,
1657 2034 1690 2054 α.

350 2080 370 2110 4
389 2079 529 2111 cohorto
548 2081 589 2112 Β.
749 2081 855 2112 imbre
875 2081 904 2112 B
926 2078 1101 2121 ‘reliqum
1124 2078 1222 2109 imbri
1243 2077 1305 2108 de.
1463 2076 1480 2107 5
1501 2079 1554 2106 est
1572 2085 1639 2106 om.
1662 2084 1692 2105 e.

351 2130 368 2161 6
388 2141 535 2172 suosque
554 2132 584 2163 B
602 2136 639 2163 cl*
655 2132 797 2173 reliqui,
819 2142 899 2163 suos
920 2142 1051 2173 quoque
1071 2130 1160 2161 cde.
1309 2128 1327 2161 7
1347 2127 1604 2168 legionibusque
1623 2126 1695 2158 ΑΒ

208 2181 290 2221 CI),
312 2181 463 2221 legiones
484 2192 546 2214 eu.
714 2183 805 2214 intra
825 2182 944 2213 uineas
964 2192 1036 2221 eu,-
1057 2186 1155 2212 extra
1174 2180 1293 2210 uineas
1315 2179 1365 2217 A,
1393 2183 1488 2210 extra
1509 2182 1622 2209 castra
1644 2177 1693 2208 ui-

209 2243 290 2264 neas
311 2233 340 2264 B
357 2234 437 2274 CD,
461 2234 556 2265 iuxta
575 2234 693 2265 uineas
709 2243 775 2275 pro
795 2243 873 2264 aar.
896 2233 976 2263 lect.
1000 2233 1030 2264 b.
1186 2231 1217 2261 in
1239 2230 1372 2261 occulto
1392 2240 1460 2261 om.
1483 2230 1551 2269 bc,
1573 2239 1641 2260 uon
1662 2239 1691 2260 ρ..

350 2286 370 2317 8
389 2285 557 2327 expeditis
576 2285 745 2323 ABCJ),
769 2285 947 2326 expeditas
968 2294 984 2313 c
999 2293 1032 2313 u.
1189 2281 1389 2312 cohortatus
1409 2281 1552 2322 reliqui,
1575 2280 1695 2312 cohor-

208 2340 301 2366 tatur
318 2336 377 2376 (B)
392 2337 436 2367 ?b
451 2348 541 2367 cell.
730 2337 748 2368 9
769 2336 809 2366 iis
828 2335 953 2373 Aldus,
976 2335 1026 2366 liis
1046 2334 1104 2374 (Β)
1125 2332 1202 2364 edd.
1223 2335 1306 2364 ante
1324 2333 1405 2363 Ald.
1429 2343 1462 2363 n.
1628 2332 1696 2373 pri-

211 2396 297 2418 1nu1n
316 2388 345 2418 b.
518 2387 774 2428 (ascendissent
792 2387 835 2427 B)
855 2386 1090 2418 escendissent
1107 2394 1154 2415 m.
1173 2394 1230 2426 pr.
1251 2394 1283 2421 a,
1307 2387 1462 2425 utputo,
1484 2382 1693 2424 qitodsalso

215 2438 444 2470 AchaiatrMs
463 2438 695 2480 (leBretulll,
717 2439 960 2471 excendissent
979 2450 1008 2469 c.
1146 2438 1185 2469 ’10
1200 2436 1328 2478 subito]
1351 2437 1513 2467 celeriter
1530 2445 1646 2478 m.p1·.
1662 2437 1691 2467 b.

354 2489 393 2520 12
413 2490 608 2531 patentibus
629 2490 646 2521 Ι)
660 2501 676 2520 e
696 2489 967 2531 (puteacioribus
986 2488 1044 2529 Β).
1250 2488 1289 2519 14.
1307 2491 1498 2529 pugnarent
1518 2488 1549 2519 b.

217 2540 253 2573 17
273 2542 430 2573 continuo
450 2543 576 2585 impetu
595 2543 671 2574 eod.
695 2542 822 2575 Vrsini
841 2542 955 2573 Ooeon.
978 2544 1011 2571 et
1030 2542 1160 2572 omisso
1180 2539 1304 2582 inipetu
1325 2550 1354 2569 e.
1524 2538 1562 2570 18
1581 2542 1695 2580 porta-

213 2603 284 2624 rum
303 2594 395 2624 exitu
414 2604 488 2626 cnm
509 2606 578 2626 uno
598 2595 615 2626 b
635 2605 669 2626 u.
833 2597 1047 2635 praemerent
1064 2592 1108 2623 B.
1272 2590 1310 2622 19
1331 2591 1394 2621 iam
1415 2600 1483 2621 om.
1504 2590 1549 2621 D.

213 2644 255 2678 ,⁸20
275 2644 337 2685 sic]
365 2646 421 2676 sed
443 2646 480 2686 b,
511 2646 570 2678 sed
589 2651 623 2677 et
640 2647 685 2677 D.
929 2643 1058 2676 Genabi
1077 2645 1106 2676 B
1123 2647 1157 2675 et
1175 2643 1328 2684 reliqui,
1357 2642 1549 2674 Genabensi
1571 2641 1690 2672 boda.

213 2697 253 2728 Ρ.
274 2697 330 2729 91.
480 2699 522 2731 22
541 2698 629 2730 omni
648 2708 785 2729 numero
806 2697 835 2729 Β
854 2700 890 2728 et
907 2697 1051 2738 reliqui,
1074 2696 1162 2727 omni
1181 2706 1219 2726 eo
1240 2705 1378 2726 numero
1397 2693 1550 2725 abade-

216 2748 343 2779 milium
371 2758 411 2779 xi,
440 2750 468 2780 B
496 2750 600 2781 ‘mss.
626 2749 812 2791 plnrimi',
842 2759 884 2780 xa
912 2749 1041 2780 milium
1068 2747 1136 2789 (e)
1162 2747 1275 2778 Aldus
1301 2747 1355 2788 (is
1383 2744 1632 2787 quadraginta)
1658 2755 1693 2776 u.

358 2800 415 2830 uix
434 2799 606 2841 octoginta
626 2800 772 2832 Orosius
792 2799 850 2839 Vl,
875 2800 927 2832 ll.
1092 2799 1135 2831 23
1155 2798 1330 2829 eiecerunt
1349 2797 1377 2828 Β
1399 2798 1491 2828 ‘'mss.
1512 2796 1693 2837 plurimi',

216 2852 390 2884 vict-erant
404 2862 436 2883 ll.
576 2851 935 2893 24Vercinget01-igvn
960 2853 989 2883 Ι).
1161 2854 1258 2882 nocte
1278 2849 1416 2881 silentio
1437 2859 1475 2880 cx
1499 2847 1576 2888 fuga
1596 2858 1697 2879 exce-
