1835 3240
787 154 1209 197 —210—

258 274 453 330 petierant
472 286 648 328 quaeque
669 273 717 314 ad
739 285 826 313 eam
846 284 929 311 rem
946 284 1042 323 opus
1065 277 1193 319 erant,
1219 281 1354 308 omnes
1377 267 1482 307 intra
1503 267 1739 308 munitiones

258 343 479 384 minutatim
501 343 756 392 modesteque
778 338 864 379 sine
887 339 1053 378 tumultu
1075 343 1142 378 aut
1170 345 1323 377 terrore
1355 349 1398 375 se
1426 335 1603 389 recipere
1626 343 1740 388 atque

257 411 299 451 in
321 425 439 465 opere
462 408 709 450 consistere'.
754 405 799 446 In
821 407 932 445 codd.
958 405 1055 445 haec
1085 406 1139 446 ita
1168 405 1312 457 scripta
1345 409 1461 452 sunt,
1493 404 1742 455 quemadmo-

259 479 347 518 dum
370 476 674 529 Oudendorpius
698 474 840 514 edidit:
869 473 948 525 ‘qui
971 480 1089 513 extra
1106 473 1342 512 munitiones
1362 478 1640 524 processerant
1659 471 1743 523 qui-

258 559 331 598 que
354 544 558 598 pabulandi
583 550 649 581 aut
672 541 843 594 lignandi
866 548 933 580 aut
955 541 1070 580 etiam
1093 540 1288 580 muniendi
1311 539 1437 592 gratia
1459 538 1598 578 uallem
1621 538 1743 591 petie-

258 620 349 653 rant
370 613 510 665 quique
533 611 579 649 ad
603 624 686 650 eam
711 623 793 649 rem
816 623 912 662 opus
929 609 1069 648 erant'.
1095 606 1173 648 Sed
1197 608 1358 661 primum
1381 607 1551 659 ineptum
1575 613 1636 646 est
1657 618 1740 654 eos,

258 681 323 734 qui
346 686 461 720 extra
484 677 721 717 munitiones
745 682 1035 730 processerant,
1061 676 1237 729 separari
1260 676 1305 714 ab
1329 675 1376 714 iis
1391 705 1400 723 ‚
1435 674 1499 726 qui
1533 674 1663 726 aliqua
1696 674 1743 713 de

260 761 379 788 causa
410 746 513 785 idem
545 746 738 784 fecerant.
790 742 925 796 Itaque
949 743 1055 795 prius
1081 743 1260 795 ‘quique'
1285 742 1489 781 delendum
1512 748 1610 781 erat.
1656 738 1744 792 Quo

262 817 361 855 facto
384 820 523 866 sponte
545 811 753 865 apparebat
775 818 861 864 post
891 812 1013 851 uerba
1047 811 1279 864 ‘pabulandi
1311 818 1378 850 aut
1405 809 1600 863 lignandi'
1635 808 1745 848 exci-

260 883 364 922 disse
388 879 551 920 ‘causa'.
598 877 705 918 Haec
729 879 830 917 enim
853 878 975 918 uerba
996 878 1262 931 superioribus
1286 879 1549 931 adiungenda,
1577 890 1746 930 sequen-

258 949 313 989 tia
346 953 439 988 ‘aut
467 947 582 987 etiam
606 945 804 985 muniendi
825 946 974 999 gratia'
1010 946 1234 985 necessario
1256 946 1303 985 ad
1327 946 1485 986 uerbum
1522 944 1744 999 ‘petierant'

257 1016 464 1056 reserenda
497 1021 604 1055 sunt.
667 1012 866 1062 Libram,
909 1012 972 1065 qui
1003 1013 1100 1053 haec
1130 1014 1261 1054 omnia
1301 1014 1616 1067 coniungebant,
1646 1012 1746 1065 J'quia

259 1091 397 1139 postea
414 1083 569 1137 ‘gratia'
586 1081 817 1135 ponebatur,
843 1081 1022 1134 superius
1039 1082 1186 1121 ‘causa'
1198 1096 1531 1135 superuacaneum
1543 1081 1747 1121 existima-

258 1158 418 1200 uerunt,
444 1150 599 1199 deinde,
624 1163 710 1188 cum
732 1149 787 1188 ita
810 1148 997 1188 dissoluta
1021 1157 1128 1188 esset
1150 1150 1292 1199 oratio,
1317 1157 1403 1203 post
1436 1148 1746 1203 ‘processerant'

259 1220 491 1260 adiecerunt
515 1215 704 1270 ‘quique'.
731 1214 844 1268 Quod
863 1216 896 1255 si
919 1215 1003 1268 quis
1027 1217 1126 1256 liano
1149 1217 1351 1270 abruptam
1375 1217 1593 1257 orationem
1616 1218 1748 1256 feren·

260 1289 346 1328 dam
367 1285 525 1326 duxerit
545 1292 584 1326 et
606 1285 700 1324 haee
721 1284 777 1324 ita
798 1284 1096 1324 constituenda:
1134 1290 1144 1307 ⁶
1159 1285 1222 1337 qui
1254 1291 1369 1325 extra
1401 1285 1637 1323 munitiones
1659 1297 1748 1336 pro—

260 1361 481 1403 cesserant,
506 1353 715 1406 pabulandi
739 1359 805 1392 aut
826 1352 999 1404 lignandi
1023 1357 1089 1390 aut
1105 1353 1222 1392 etiam
1238 1352 1437 1391 muniendi
1460 1351 1587 1404 gratia
1608 1350 1748 1391 uallem

258 1422 483 1477 petierant'‚
509 1428 551 1460 ut
573 1420 762 1460 extremis
784 1419 917 1459 uerbis
941 1419 1174 1472 explicetur,
1209 1433 1278 1458 cur
1300 1419 1441 1458 milites
1464 1418 1747 1472 processerint,

258 1492 293 1531 is
317 1490 538 1544 opinionem
562 1489 731 1537 abiciet,
767 1501 851 1527 cum
888 1487 1072 1526 ‘uallem'
1103 1487 1198 1527 ferri
1229 1501 1306 1527 non
1335 1500 1450 1540 posse
1482 1486 1745 1540 perspexerit.

259 1557 365 1599 Nam
388 1572 473 1598 cnm
497 1557 639 1597 milites
662 1555 859 1596 muniendi
884 1554 1012 1608 gratia
1034 1555 1173 1594 uallem
1197 1555 1344 1607 petisse
1367 1554 1569 1603 dicuntur,
1602 1555 1674 1594 hoc
1694 1554 1750 1594 ita

260 1633 410 1666 tantum
432 1624 609 1677 intellegi
632 1631 784 1677 potest,
819 1637 886 1662 eos
918 1622 958 1661 in
989 1622 1086 1661 ualle
1110 1622 1244 1662 nescio
1269 1634 1343 1674 qua
1364 1621 1618 1661 munitionem
1638 1621 1750 1661 insti-

260 1694 398 1734 tuisse.
443 1692 497 1732 At
520 1692 652 1745 quales
674 1691 766 1730 illae
788 1691 1028 1730 munitiones
1050 1690 1232 1736 fuissent,
1257 1690 1356 1729 unde
1377 1689 1522 1729 milites
1537 1720 1547 1739 ,
1572 1704 1658 1729 cum
1681 1689 1750 1729 ho-

261 1762 332 1802 stis
355 1761 582 1805 accederet,
614 1765 747 1798 essent
769 1759 1011 1798 reuocandi?
1060 1756 1202 1810 Neque
1225 1757 1347 1797 ualles
1369 1757 1446 1797 ulla
1468 1764 1559 1797 ante
1582 1770 1750 1796 comme-

261 1836 415 1869 morata
446 1834 521 1867 est.
572 1825 698 1866 Recte
731 1833 821 1866 ante
855 1823 1172 1878 Oudendorpium
1206 1825 1395 1866 edebatur
1429 1826 1596 1865 ‘uallum
1629 1825 1750 1878 petie-

260 1896 392 1946 rant',
426 1895 527 1948 quod
559 1895 693 1934 nescio
715 1908 736 1933 a
759 1908 833 1946 quo
857 1893 1019 1946 primum
1043 1893 1209 1946 positum
1233 1893 1298 1932 sit.
1353 1892 1508 1933 Vallum
1539 1901 1672 1947 petere
1695 1893 1751 1933 di-

262 1971 405 2004 cuntur
426 1963 468 2011 ii,
495 1962 558 2015 qui
583 1961 689 2015 palos
712 1961 814 2001 uallo
838 1961 1014 2000 faciendo
1036 1960 1121 2000 siue
1144 1961 1268 2000 uallos
1291 1968 1444 2014 petunt,
1471 1968 1511 2000 ut
1532 1962 1631 2015 apud
1651 1959 1747 2001 Liu.

262 2029 335 2079 III,
361 2030 430 2070 27.
458 2028 574 2078 VIII,
601 2027 679 2078 383
708 2028 870 2068 ‘uallum
893 2027 1017 2069 serre*
1040 2028 1185 2081 legitur
1206 2029 1304 2080 apud
1329 2028 1445 2067 eund.
1471 2027 1643 2078 XXIII,
1680 2027 1747 2069 16.

261 2096 477 2147 XXXIII,
512 2096 554 2137 6.
578 2095 689 2136 Flor.
715 2094 779 2146 Π,
817 2095 892 2145 18,
930 2095 1006 2146 10,
1042 2096 1104 2135 ubi
1137 2096 1213 2134 uid.
1240 2094 1391 2134 Duker.
1417 2101 1455 2134 et
1477 2093 1676 2136 Drakenb.
1703 2096 1751 2137 ad

263 2165 358 2206 Liu.
384 2163 496 2215 VIII,
523 2164 592 2205 38.
636 2163 816 2217 Denique
837 2163 927 2203 item
950 2170 1060 2203 recte
1082 2169 1172 2202 ante
1195 2160 1298 2203 Oud.
1325 2162 1470 2202 editum
1493 2176 1581 2202 esse
1620 2170 1751 2216 ‘quae-

265 2247 339 2287 que
362 2234 406 2272 ad
431 2247 516 2273 eam
538 2246 623 2271 rem
647 2246 742 2286 opus
766 2232 908 2280 erant',
935 2231 1002 2270 uix
1025 2237 1100 2280 est,
1125 2231 1225 2283 quod
1248 2243 1438 2269 moneam.
1464 2229 1566 2270 Nam
1591 2228 1751 2270 Ouden-

264 2302 422 2354 dorpius
446 2306 630 2353 nugatur,
657 2313 759 2349 cum,
786 2298 848 2351 qui
871 2299 917 2338 ad
941 2312 1025 2338 eam
1046 2312 1128 2338 rem
1151 2313 1247 2352 opus
1265 2304 1393 2347 erant,
1418 2298 1576 2338 calones
1594 2305 1631 2338 et
1647 2298 1751 2338 lixas

266 2368 342 2408 dici
363 2368 559 2420 opinatur.

399 2432 448 2474 C.
490 2434 543 2474 34
584 2434 623 2473 in
665 2433 724 2472 his
768 2433 897 2474 uerbis
916 2450 924 2472 ε
983 2439 992 2457 ⁴
1008 2434 1185 2487 legiones
1223 2433 1450 2486 equitesque
1493 2447 1547 2473 ex
1585 2432 1750 2473 nauibus

266 2516 451 2557 egressos
483 2502 590 2541 iubet
622 2515 675 2541 ex
703 2501 892 2554 languore
924 2515 1148 2553 nauseaque
1179 2501 1368 2550 reficere,
1405 2501 1585 2540 dimissos
1615 2501 1656 2540 in
1687 2514 1752 2541 ca-

266 2571 381 2612 stella
413 2570 729 2621 munitionesque
771 2569 979 2622 disponit'‚
1011 2569 1181 2609 alienum
1216 2576 1275 2608 est
1309 2568 1527 2621 dimittendi
1570 2568 1748 2619 uerbum,

268 2637 379 2692 quasi
403 2633 555 2677 Caesar
576 2637 718 2676 milites
753 2635 885 2675 nescio
909 2650 983 2688 quo
1006 2636 1229 2689 ablegasset
1245 2667 1254 2685 ‚
1289 2651 1384 2691 quos
1416 2636 1455 2675 iu
1478 2636 1620 2676 castris
1643 2650 1752 2676 man-

266 2707 368 2747 sisse
389 2704 509 2744 uerba
536 2709 545 2727 ‘
561 2702 599 2742 in
623 2704 783 2743 castella
806 2703 1133 2755 munitionesque'
1157 2704 1444 2743 demonstrant.
1487 2702 1611 2743 Posui
1632 2703 1753 2756 igitur

270 2772 464 2814 ‘diuisos'.

380 2838 429 2880 C.
454 2837 505 2878 37
529 2839 603 2890 in.,
629 2839 692 2879 ubi
716 2839 813 2879 haec
836 2839 1042 2891 leguntur:
1077 2844 1213 2879 ‘naues
1234 2838 1291 2881 VI
1315 2840 1519 2881 onerarias
1542 2839 1673 2880 statim
1692 2838 1751 2878 iu-
