1835 3240
78 166 161 209 524
649 168 722 211 DE
756 167 945 211 BELLO
978 164 1151 208 CIVILI

155 294 229 333 que
250 280 399 322 auxilia
422 282 686 335 expectabant
707 289 746 321 et
767 281 848 321 suis
871 280 969 320 locis
991 280 1132 320 bellum
1155 280 1196 319 in
1218 280 1382 320 hiemem
1406 281 1548 321 ducere
1571 295 1636 321 co-

105 346 131 386 4
153 347 345 400 gitabant.
383 348 468 389 Hoc
492 350 587 389 inito
610 349 776 388 consilio
800 355 882 388 toto
906 348 1064 388 [lumine
1086 346 1235 386 Hibero
1259 361 1379 388 naues
1403 349 1636 401 conquirere

153 422 194 455 et
215 413 453 470 Octogesam
476 415 612 455 adduci
634 415 784 455 iubent.
819 413 863 455 Id
885 423 971 456 erat
993 415 1170 468 oppidum
1195 415 1360 467 positum
1383 417 1429 455 ad
1442 415 1635 456 Hiberum

153 483 337 537 miliaque
360 497 543 537 passuum
567 496 586 521 a
611 483 751 522 castris
773 482 909 523 aberat
925 490 1007 522 XX.
1032 482 1095 522 Ad
1117 496 1202 522 eum
1226 482 1350 522 locum
1375 483 1544 523 fluminis
1568 497 1637 522 na-

151 550 266 591 uibus
288 551 430 591 iunctis
453 556 608 603 pontem
631 550 823 604 imperant
847 551 930 591 fieri
962 551 1218 605 legionesque
1241 549 1334 589 duas
1357 549 1497 590 flumen
1520 548 1632 591 Sico-

77 616 136 662 62
158 619 231 658 rim
256 619 480 667 traducunt,
506 626 635 659 castra
651 618 831 658 muniunt
852 619 955 658 uallo
977 619 1114 672 pedum
1128 624 1208 657 XII.
1235 614 1324 669 Qua
1345 631 1388 657 re
1410 631 1479 670 per
1500 618 1635 671 explo-

150 693 307 725 ratores
331 685 487 738 cognita
509 699 659 726 summo
680 686 816 726 labore
837 686 999 726 militum
1020 683 1173 726 Caesar
1195 685 1420 725 continuato
1443 685 1542 724 diem
1566 699 1635 724 no-

154 759 332 805 ctemque
363 767 483 807 opere
514 753 554 793 in
583 753 739 794 ssumine
770 754 986 794 auertendo
1018 753 1092 793 huc
1115 754 1188 793 iam
1212 753 1429 792 reduxerat
1449 765 1559 801 rem,
1594 759 1637 792 ut

152 820 319 873 equiteS,
345 821 419 860 etsi
441 820 645 861 difficulter
667 829 782 875 atque
804 835 923 876 aegre
945 821 1078 871 fiebat,
1105 827 1267 874 possent
1288 826 1417 860 tamen
1440 826 1553 872 atque
1567 833 1635 859 au-

103 887 132 929 2
153 888 292 928 derent.
313 888 455 928 flumen
479 889 665 939 transire,
690 890 840 943 pedites
864 903 959 930 uero
983 888 1249 930 tantummodo
1273 887 1445 927 humeris
1467 901 1512 927 ac
1530 900 1635 927 sum—

150 970 214 995 mo
236 963 394 1009 pectore
426 963 566 997 extare
598 963 637 998 et
669 971 755 997 cum
786 958 990 998 altitudine
1022 970 1148 1010 aquae
1178 963 1255 995 tum
1287 955 1404 996 etiam
1427 954 1635 1008 rapiditate

104 1022 129 1064 3
154 1023 322 1064 fluminis
344 1024 391 1064 ad
414 1025 694 1065 transeundum
716 1026 1004 1079 inpedirentur.
1030 1023 1108 1065 Sed
1132 1031 1261 1065 tamen
1274 1024 1409 1063 eodem
1433 1023 1516 1062 fere
1539 1029 1635 1062 tem-

151 1105 246 1144 pore
268 1106 364 1145 pons
385 1092 426 1132 in
449 1091 597 1134 Hibero
629 1107 747 1147 prope
771 1094 933 1134 effectus
957 1092 1233 1141 nuntiabatur,
1270 1097 1309 1132 et
1338 1090 1378 1130 in
1403 1088 1534 1130 Sicori
1565 1103 1634 1129 ua-

77 1157 136 1203 63
159 1160 247 1200 dum
270 1160 558 1214 reperiebatur.
602 1159 686 1201 Iam
718 1175 812 1201 uero
844 1175 890 1202 eo
922 1161 1046 1214 magis
1078 1160 1134 1199 illi
1157 1158 1426 1199 maturandum
1449 1158 1526 1198 iter
1548 1157 1634 1197 exi-

151 1228 377 1268 stimabant.
436 1227 573 1282 Itaque
607 1228 754 1269 duabus
777 1228 1039 1268 auxiliaribus
1062 1226 1289 1267 cohortibus
1311 1224 1464 1265 Ilerdae
1487 1224 1635 1278 praesi-

151 1295 214 1335 dio
236 1296 385 1336 relictis
408 1297 587 1336 omnibus
610 1296 732 1350 copiis
755 1294 925 1336 Sicorim
949 1302 1154 1336 transeunt
1176 1301 1214 1334 et
1236 1308 1321 1333 cum
1345 1292 1492 1332 duabus
1513 1291 1635 1344 legio-

100 1361 128 1403 2
149 1362 280 1413 nibus,
306 1378 401 1417 quas
424 1364 691 1418 superioribus
715 1364 848 1404 diebus
872 1365 1148 1413 traduxerant,
1174 1369 1305 1402 castra
1327 1362 1505 1414 iungunt.
1552 1357 1635 1399 Re-

148 1430 397 1485 linquebatur
419 1429 586 1472 Caesari
609 1432 729 1480 nihil,
766 1431 844 1472 nisi
876 1432 931 1472 uti
956 1431 1131 1484 equitatu
1153 1443 1292 1484 agmen
1314 1427 1633 1470 aduersariorum

148 1500 250 1540 male
284 1500 448 1541 haberet
477 1507 515 1540 et
547 1508 740 1554 carperet.
783 1498 890 1541 Pons
924 1500 1026 1541 enim
1058 1499 1181 1554 ipsius
1212 1512 1395 1551 magnum
1428 1495 1634 1536 circuitum

149 1566 317 1608 habebat
332 1598 342 1616 ‚
381 1575 422 1608 ut
443 1569 564 1609 multo
586 1568 768 1609 breuiore
789 1568 932 1609 itinere
954 1568 1010 1609 illi
1033 1568 1079 1608 ad
1103 1567 1293 1607 Hiberum
1315 1564 1523 1620 peruenire
1546 1577 1635 1617 pos-

101 1633 126 1675 3
149 1642 250 1676 sent.
296 1634 461 1690 Equites
484 1635 530 1676 ab
554 1650 599 1677 eo
622 1637 731 1677 missi
755 1637 897 1677 flumen
920 1642 1128 1676 transeunt
1150 1643 1212 1685 et,
1248 1648 1334 1674 cum
1366 1633 1412 1673 de
1435 1632 1551 1673 tertia
1575 1631 1632 1671 ui-

147 1704 239 1757 gilia
260 1703 445 1745 Petreius
478 1711 592 1758 atque
612 1704 803 1744 Afranius
837 1711 968 1744 castra
989 1704 1230 1753 mouissent,
1267 1708 1430 1755 repente
1463 1713 1552 1741 sese
1583 1699 1631 1739 ad

146 1772 401 1813 nouissimum
425 1786 564 1826 agmen
588 1773 802 1812 ostendunt
823 1779 861 1812 et
882 1786 1022 1825 magna
1033 1771 1280 1812 multitudine
1294 1770 1528 1811 circumfusa
1551 1782 1633 1808 mo-

70 1837 131 1883 64
151 1839 231 1880 rari
253 1848 370 1894 atque
392 1841 468 1882 iter
488 1841 676 1894 impedire
697 1840 900 1894 incipiunt.
944 1838 1079 1880 Prima
1099 1839 1188 1881 luce
1212 1854 1265 1880 ex
1285 1837 1552 1893 superioribus
1574 1837 1632 1876 lo-

147 1907 203 1947 cis
219 1939 229 1958 ,
265 1923 363 1962 quae
386 1906 575 1949 Caesaris
599 1909 742 1949 castris
766 1915 880 1948 erant
901 1908 1109 1948 coniuncta
1125 1939 1135 1957 ‚
1169 1906 1406 1948 cernebatur
1438 1905 1632 1958 equitatus

145 1976 268 2016 nostri
293 1977 441 2030 proelio
472 1976 710 2017 nouissimos
742 1976 896 2016 illorum
928 1976 1051 2030 premi
1085 1976 1342 2016 uehementer
1371 1988 1416 2015 ac
1439 1988 1632 2014 nonnum-

97 2041 125 2082 2
145 2057 257 2097 quam
281 2045 479 2085 sustinere
502 2052 723 2086 extremum
738 2058 878 2098 agmen
892 2051 1007 2097 atque
1028 2044 1214 2098 inrumpi,
1240 2044 1338 2084 alias
1360 2041 1498 2082 inferri
1518 2041 1632 2095 signa

145 2118 186 2152 et
216 2112 491 2154 uniuersarum
522 2113 740 2154 cohortium
773 2113 920 2167 impetu
951 2119 1110 2153 nostros
1141 2111 1326 2166 propelli,
1370 2110 1460 2150 dein
1490 2122 1628 2149 rursus

144 2250 274 2282 auxilia
294 2251 326 2283 b.
493 2250 507 2283 1
530 2251 757 2293 expectabant
776 2260 809 2282 α.
972 2249 1122 2292 hyemem
1142 2259 1176 2281 a.
1344 2248 1366 2282 2
1385 2246 1509 2279 Hibero
1530 2245 1625 2277 “mss·

141 2303 289 2345 semper'
308 2306 353 2344 et,
376 2303 587 2344 ubicumque
607 2304 740 2344 tacebo,
762 2313 796 2334 α.
939 2302 1036 2333 nauis
1056 2311 1130 2332 cum
1143 2300 1161 2333 3
1175 2299 1262 2332 dett.
1284 2297 1437 2330 et‘alz'is'
1450 2308 1485 2329 u.

144 2355 347 2396 conquirere
368 2360 555 2396 totogesma
574 2366 593 2386 α
607 2356 638 2387 b.
782 2356 801 2387 4
820 2355 979 2396 miliaque
998 2363 1156 2396 passuum
1176 2363 1195 2383 a
1214 2352 1336 2383 castris
1355 2351 1474 2383 aberat
1491 2360 1533 2381 xx
1553 2349 1629 2381 Ste-

142 2406 308 2448 phanus5
326 2406 419 2437 milia
437 2416 457 2438 v
475 2416 637 2448 passuum
657 2415 674 2437 a
694 2405 818 2437 castris
838 2406 959 2437 aberat
975 2415 1020 2437 xx
1038 2414 1059 2436 a
1077 2403 1155 2435 edd.
1175 2406 1258 2434 ante
1276 2401 1417 2443 Steph„
1439 2401 1546 2432 ‘inilia
1564 2411 1627 2442 vp.

145 2457 266 2489 aberat
283 2468 302 2489 a
320 2469 349 2490 c.
370 2468 414 2489 xx
433 2468 515 2489 mss.
537 2468 656 2489 omnes
674 2461 710 2488 et
728 2457 806 2489 edd.
823 2457 899 2498 pp.'
913 2462 928 2488 ν
1081 2457 1097 2487 5
1119 2455 1270 2487 Sicorum
1291 2454 1322 2484 b.
1480 2453 1498 2484 fi
1520 2459 1631 2485 trans-

145 2509 275 2542 ducunt
291 2520 326 2541 a.
532 2514 648 2541 castra
666 2520 685 2539 0
701 2510 730 2549 b,
753 2513 933 2550 castraque
952 2518 987 2539 u.
1189 2506 1209 2538 8
1228 2505 1414 2537 reduxerat
1431 2514 1451 2535 a
1473 2503 1627 2545 ἐρῶντ’,

145 2561 290 2593 duxerat
309 2572 400 2593 unus
419 2561 512 2601 ἀεί,-
533 2561 724 2592 deduxerat
741 2560 896 2592 Achilles
913 2558 1056 2591 Statius
1075 2568 1109 2589 v.
1299 2556 1334 2588 ll
1357 2560 1494 2587 exstare
1514 2561 1549 2587 et
1566 2566 1627 2596 ae,

144 2616 324 2644 exstarent
343 2613 360 2643 b
378 2614 461 2651 (ext.
483 2611 532 2653 α).
678 2612 716 2643 12
734 2611 982 2653 impedirentur
1000 2609 1019 2641 3
1039 2609 1140 2649 dett„
1163 2618 1225 2639 non
1247 2608 1494 2648 impedirentur
1512 2607 1629 2649 a‘ple-

143 2664 256 2706 ri’qzte'
275 2663 360 2706 (inp.
381 2663 433 2705 a).
578 2663 616 2695 13
637 2662 773 2705 Hybero
791 2672 825 2693 α.
994 2660 1033 2692 16
1051 2660 1202 2691 Sicoram
1221 2669 1254 2699 a,
1277 2658 1431 2690 Sicorum
1452 2659 1483 2690 b.

144 2717 184 2750 17
203 2716 431 2748 traduxerunt
450 2715 480 2746 b.
646 2715 789 2755 iungunt
807 2723 826 2744 a
841 2713 872 2753 b,
893 2712 1103 2752 coniungunt
1122 2722 1156 2743 u.
1322 2711 1361 2742 19
1379 2709 1477 2753 pons]
1497 2714 1574 2752 post
1591 2719 1625 2740 α.

287 2767 330 2803 20
349 2766 521 2810 Hyberum
541 2776 573 2797 α.
715 2765 758 2798 24
778 2764 875 2804 locis]
897 2764 1021 2795 eastris
1042 2763 1105 2796 illo
1123 2773 1285 2806 supra-sc.
1307 2762 1337 2794 b.
1478 2761 1520 2795 25
1541 2769 1626 2802 quae

144 2830 212 2852 om.
235 2829 269 2850 a.
409 2819 451 2850 26
471 2820 724 2859 (nonnunquam
745 2816 812 2857 (a))
834 2826 1003 2857 nunquam
1025 2816 1055 2848 b.
1196 2815 1238 2848 27
1258 2815 1404 2857 inrumpi
1423 2824 1499 2856 ego,
1522 2813 1627 2845 inter-

145 2872 254 2915 rumpi
273 2871 373 2907 codd.
395 2871 434 2903 P.
458 2872 533 2905 1¹13.
677 2868 761 2902 scri-i
779 2878 798 2899 α
820 2868 916 2899 ‘ms-5.
939 2867 979 2900 4'.

1664 559 1681 589 5

1669 894 1708 926 10

1669 1231 1708 1263 15

1665 1570 1708 1604 20

1663 1912 1706 1947 25
