1835 3240
758 148 1183 190 ——174—

223 266 318 306 bant
349 272 387 306 et
417 278 460 305 se
497 264 701 304 confestim
734 263 780 303 ad
812 277 905 303 suos
928 262 1199 316 recipiebant'.
1234 261 1383 303 Verum
1405 263 1459 303 ita
1481 264 1516 303 in
1541 264 1707 317 quinque

226 341 374 374 tantum
398 332 657 373 deterioribus
687 332 799 371 codd.
827 331 1013 384 scriptum
1037 337 1122 378 est,
1155 329 1195 370 in
1225 331 1387 384 reliquis
1420 333 1593 372 ‘aduersi
1624 333 1709 372 uni—

222 401 388 442 uersas'.
431 400 548 441 Prius
579 401 651 439 hac
674 399 720 438 de
743 413 859 438 causa
890 412 959 452 pro
994 398 1199 453 ‘adgressi'
1223 399 1387 452 positum
1419 400 1575 440 uidetur
1604 400 1709 451 (‘ad-

223 469 363 524 gressi'
387 475 514 509 autem
539 474 646 507 certa
669 466 895 506 coniectura
916 466 1103 520 scriptum
1126 467 1321 516 arbitror,
1357 482 1441 507 cum
1474 470 1621 508 nullum
1651 470 1708 509 ui-

223 538 363 577 deatur
384 538 549 576 alterum
572 534 730 574 uerbum
755 534 843 573 huic
866 534 951 574 loco
974 542 1102 588 aptum
1136 536 1303 589 reperiri
1335 539 1478 589 posse)
1494 567 1503 585 ,
1540 537 1606 575 sed
1623 566 1633 585 ,
1667 544 1710 575 ut

224 605 354 645 dicere
376 603 640 652 institueram,
666 615 716 641 cx
738 602 945 656 ‘adgressi'
970 604 1181 643 factumest
1197 603 1399 651 ‘aduersi',
1427 604 1515 655 quia
1529 603 1710 655 sequenti

222 672 311 712 uoci
334 671 640 724 suprascriptum
666 677 752 709 erat
776 670 927 720 ‘uersi'‚
953 677 996 710 ut
1026 670 1231 710 ‘uniuersi‘
1255 671 1461 724 legendum
1476 684 1564 710 esse
1586 671 1709 724 signi-

223 741 421 780 ficaretur.
456 736 509 776 Et
534 739 729 792 ‘aggressi
752 738 930 778 uniuersi
952 738 1053 779 intra
1066 739 1347 779 multitudinem
1363 738 1528 792 sagittas
1541 738 1711 778 conicie-

222 808 337 848 bant'
372 805 596 846 necessario
628 805 776 858 requiri
810 805 1012 856 existimo,
1047 808 1135 861 quia
1167 822 1243 848 non
1268 814 1343 846 tam
1366 807 1403 845 id
1425 805 1628 859 agebatur,
1666 811 1708 844 ut

222 872 451 927 Pompeiani
483 873 690 913 uniuersas
722 874 959 914 munitiones
994 877 1320 929 aggrederentur,
1355 888 1466 927 quam
1500 880 1543 913 ut
1574 886 1708 912 omnes

223 941 369 981 milites
401 954 479 979 uno
512 947 685 994 tempore
707 942 872 996 sagittas
896 943 1151 995 conicerent,
1186 957 1234 983 ne
1259 942 1492 984 Caesariani
1514 940 1710 994 prioribus

224 1010 313 1050 telis
345 1008 533 1049 admoniti
562 1009 608 1048 ab
632 1009 927 1063 insequentibus
952 1018 1142 1051 cauerent
1163 1018 1201 1051 et
1223 1010 1390 1051 celerius
1403 1024 1445 1050 se
1459 1009 1705 1063 expedirent,

223 1092 337 1131 quam
359 1075 589 1130 Pompeiani
612 1091 654 1117 se
676 1078 934 1131 recepissent.

338 1143 386 1186 C.
413 1145 466 1185 54
489 1159 676 1198 peruerse
706 1146 760 1186 ita
785 1147 988 1187 edebatur:
1026 1145 1251 1200 ‘Pompeius
1269 1145 1553 1198 noctumagnis
1568 1144 1709 1184 additis

222 1213 504 1254 munitionibus
536 1213 698 1266 reliquis
730 1213 864 1254 diebus
901 1222 1028 1255 turres
1052 1215 1234 1255 extruxit
1257 1222 1295 1254 et
1316 1213 1354 1252 in
1378 1213 1622 1253 altitudinem
1645 1226 1710 1266 pe-

223 1282 311 1322 dum
342 1279 423 1321 XV
447 1281 597 1321 effectis
627 1281 810 1334 oper-ibus
842 1282 969 1322 uineis
1002 1295 1086 1322 eam
1123 1289 1272 1336 partem
1306 1288 1526 1321 castrorum
1559 1280 1713 1320 obtexit

225 1357 264 1391 et
295 1350 463 1402 quinque
494 1349 734 1390 intermissis
768 1349 902 1390 diebus
935 1350 1097 1390 alteram
1122 1357 1276 1389 noctem
1300 1348 1546 1389 subnubilam
1570 1355 1711 1388 nactus

222 1418 418 1459 extructis
451 1418 631 1458 omnibus
666 1425 887 1458 castrorum
921 1418 1043 1471 portis
1083 1425 1123 1458 et
1151 1419 1196 1458 ad
1226 1417 1513 1470 impediendum
1549 1415 1711 1455 obiectis

222 1486 341 1526 tertia
363 1485 460 1526 inita
481 1486 619 1539 uigilia
641 1486 799 1526 silentio
822 1486 1042 1526 exercitum
1067 1486 1217 1526 eduxit'
1241 1493 1335 1526 cett.
1368 1483 1472 1525 Nam
1498 1497 1623 1537 neque
1639 1497 1710 1524 ex-

221 1554 321 1595 strui
344 1561 564 1594 castrorum
587 1561 725 1608 portae
747 1560 855 1594 recte
878 1554 1076 1604 dicuntur,
1111 1568 1237 1607 neque
1267 1567 1402 1593 omnes
1431 1559 1590 1606 portae:
1624 1552 1706 1600 sed,

220 1630 263 1662 ut
284 1623 483 1663 sententia
505 1629 752 1671 nasceretur,
780 1623 883 1662 fores
906 1621 1085 1662 omnibus
1107 1623 1229 1674 portis
1250 1620 1452 1674 impositas
1477 1619 1711 1659 essedicen-

221 1691 311 1730 dum
333 1698 433 1730 erat.
477 1688 521 1729 In
545 1690 699 1744 optimis
723 1690 834 1730 codd.
860 1690 1004 1743 legitur
1037 1689 1308 1738 ‘obstructis',
1342 1701 1429 1728 nam
1467 1692 1476 1710 ‘
1493 1686 1709 1727 obstruxit'

219 1756 315 1798 Par.
341 1772 424 1799 sec.
448 1758 550 1797 idem
572 1758 781 1812 significat.
826 1756 868 1797 Id
890 1758 1018 1812 recepi
1042 1765 1079 1797 et
1101 1764 1189 1812 post
1212 1762 1222 1780 ‘
1238 1755 1440 1796 omnibus7
1472 1754 1598 1795 adieci
1631 1758 1710 1793 ‘re-

220 1826 323 1876 bus',
366 1826 465 1879 qnod
498 1826 611 1866 facile
643 1826 866 1867 excidebat.
914 1825 973 1866 Ita
1006 1839 1141 1865 omnes
1173 1839 1237 1865 res
1280 1827 1381 1876 (nos
1415 1822 1577 1862 dicimus
1610 1821 1707 1861 alles

219 1894 431 1947 mo'gliche>
462 1901 682 1934 castrorum
705 1895 828 1947 portis
852 1894 1076 1934 obstructae
1097 1900 1136 1933 et
1157 1893 1202 1932 ad
1226 1891 1509 1946 impediendum
1533 1890 1709 1930 obiectae

220 1962 419 2002 dicuntur.
467 1961 568 2002 Nam
601 1962 635 2003 si
669 1962 754 2016 quis
783 1962 906 2003 ascito
935 1962 1001 2002 illo
1037 1960 1278 2001 ‘obstructis'
1302 1966 1433 2014 portas
1455 1957 1710 2012 interpretari

217 2030 337 2070 uellet
359 2031 464 2070 fores
487 2044 633 2083 easque
655 2031 828 2070 obiectas
851 2031 924 2070 dici
947 2030 1211 2079 existimaret,
1237 2028 1309 2067 hae
1331 2033 1586 2081 praepostere
1599 2025 1708 2079 prius

220 2098 462 2148 obstructae,
489 2098 627 2138 deinde
649 2099 758 2152 ipsae
781 2099 957 2139 obiectae
979 2099 1217 2138 dicerentur:
1245 2103 1284 2136 et
1305 2094 1526 2135 eratmaius
1543 2093 1706 2147 impedi-

218 2173 389 2206 mentum
412 2165 533 2215 iniis,
559 2179 657 2219 quae
680 2167 1004 2217 obstruebantur,
1029 2181 1143 2219 quam
1166 2166 1205 2205 in
1229 2164 1392 2205 foribus.

332 2232 381 2274 C.
406 2232 477 2284 63,
501 2232 527 2274 6
549 2235 586 2274 in
610 2235 740 2284 codd„
777 2236 822 2275 de
845 2235 982 2288 quibus
1006 2241 1178 2283 constat,
1214 2233 1310 2273 haec
1332 2232 1542 2285 leguntur:
1578 2227 1709 2270 ‘Nam

217 2309 260 2342 ut
281 2302 328 2342 ad
360 2316 467 2342 mare
499 2310 660 2343 nostrae
692 2303 877 2343 cohortes
909 2317 1036 2343 nonae
1057 2302 1224 2356 legionis
1246 2300 1539 2346 excuhuerant‚
1573 2309 1707 2336 acces·

219 2383 307 2410 sere
330 2370 460 2410 subito
483 2371 605 2424 prima
627 2372 714 2412 luce
726 2371 957 2425 Pompeiani
980 2371 1180 2411 exercitus
1203 2370 1394 2409 aduentus
1418 2365 1566 2406 extitit:
1592 2363 1707 2403 simul

219 2438 384 2478 nauibus
407 2438 658 2478 circumuecti
680 2439 827 2480 milites
850 2439 890 2478 in
913 2440 1156 2479 exteriorem
1180 2438 1324 2477 uallum
1347 2435 1425 2474 tela
1439 2431 1702 2480 coniciebant,

220 2506 426 2558 fossaeque
448 2519 592 2558 aggere
616 2507 931 2560 complebantur,
968 2514 1006 2546 et
1027 2505 1233 2559 legionarii
1255 2501 1456 2543 interioris
1479 2498 1706 2538 munitionis

218 2574 447 2614 defensores
471 2574 587 2613 scalis
610 2575 774 2615 admotis
797 2574 1004 2614 tormentis
1026 2574 1211 2625 cuiusque
1225 2569 1382 2624 generis
1400 2568 1565 2620 telisque
1579 2573 1706 2606 terre-

218 2642 340 2682 bant'.
387 2639 500 2693 Quod
523 2642 626 2681 enim
648 2642 737 2682 inde
759 2642 805 2681 ab
830 2640 1106 2693 Oudendorpio
1138 2645 1226 2693 post
1259 2635 1403 2677 ‘simul'
1428 2636 1598 2676 adicitur
1621 2634 1703 2674 ‘ex’

219 2709 472 2764 praepositi0‚
499 2723 582 2749 eam
607 2723 742 2749 errore
754 2709 916 2763 primum
935 2709 974 2748 in
988 2706 1256 2760 Oudendorpii
1277 2704 1478 2758 exemplar
1493 2703 1705 2756 irrepsisse

219 2776 371 2817 monuit
393 2775 541 2817 Elberl.
569 2777 674 2817 obss.
700 2792 736 2830 p.
761 2776 829 2816 75.
875 2774 952 2816 Sed
975 2777 1014 2816 in
1038 2774 1306 2829 superioribus
1329 2772 1478 2819 uerbis,
1504 2772 1550 2811 de
1567 2771 1704 2824 quibus

221 2845 351 2886 dicere
367 2845 569 2895 constitui,
595 2844 697 2885 inter
709 2844 830 2885 uerba
844 2843 1075 2884 ‘exercitus'
1100 2849 1140 2883 et
1153 2840 1374 2883 ‘aduentus'
1389 2840 1505 2894 uulgo
1519 2840 1703 2880 inserun-
