1835 3240
725 158 1149 199 -172—

193 281 294 318 l'ecto
317 277 505 318 subiecit:
536 278 676 332 ‘legem
699 277 975 331 promulgauit,
1001 284 1042 317 ut
1061 277 1229 318 sexenni
1252 278 1312 317 die
1334 276 1419 317 sine
1441 275 1569 316 usuris
1592 290 1677 317 cre-

193 346 295 386 ditae
326 346 516 399 pecuniae
548 345 785 386 soluantur'.
835 343 1044 385 ‘Sexenni‘
1077 345 1177 386 enim
1211 344 1301 384 ‘die'
1333 351 1441 384 recte
1470 342 1677 385 Manutius

192 413 378 463 coniecit,
416 427 503 453 cum
532 413 570 452 in
593 412 704 452 codd.
733 413 931 466 legeretur
954 412 1105 453 ‘sexies
1128 411 1210 452 seni
1235 412 1345 451 dies'.
1378 410 1482 451 Nam
1507 426 1605 465 quae
1626 412 1679 452 ibi

192 480 240 521 ab
262 482 348 522 aliis
371 481 599 534 excogitata
622 488 727 527 sunt,
757 480 901 520 nullam
926 479 1067 519 habent
1088 479 1483 520 uerisimilitudinem.

308 548 354 590 C.
378 549 448 598 44,
478 548 505 588 4
527 549 580 588 ita
602 548 639 588 in
665 549 776 588 codd.
803 547 989 601 scriptum
1012 554 1094 588 est:
1134 547 1281 600 ‘Atque
1313 554 1356 586 ut
1387 547 1513 586 nostri
1542 561 1679 601 perpe-

193 624 280 658 tuas
302 617 539 657 munitiones
562 616 746 656 uidebant
768 615 973 669 perductas
997 627 1049 654 ex
1064 615 1287 655 castellisin
1303 615 1482 667 proxima
1499 615 1676 664 castella,

194 700 244 725 ne
273 699 347 739 quo
379 685 466 724 loco
498 691 745 738 erumperent
766 681 995 736 Pompeiani
1028 689 1067 723 et
1088 689 1244 723 nostros
1267 689 1355 735 post
1376 688 1530 734 tergum
1552 681 1681 721 adori-

192 760 344 799 rentur,
371 752 574 798 timebant,
598 752 650 791 ita
672 752 728 791 illi
749 751 940 790 interiore
961 750 1088 805 spatio
1111 757 1318 805 perpetuas
1341 749 1578 789 munitiones
1599 749 1682 789 effi—

195 820 364 869 ciebant,
397 834 445 859 ne
468 832 578 872 quem
603 820 727 859 locum
753 818 879 858 nostri
901 819 1051 858 intrare
1074 825 1187 871 atque
1209 819 1315 872 ipsos
1339 831 1359 858 a
1383 825 1494 871 tergo
1517 816 1683 857 circum-

195 888 330 928 uenire
353 886 543 941 possent'.
589 886 660 927 Hic
683 886 849 940 primum
870 893 978 926 recte
1000 884 1197 925 Fae‘rnum
1223 890 1233 909 ⁴
1248 885 1455 925 timebant'
1479 884 1681 925 delendum

194 955 391 995 iudicasse
414 961 593 1009 apertum
617 961 700 1003 est,
737 954 839 1007 quod
862 967 989 1006 neque
1012 954 1142 999 habet,
1168 968 1242 1007 quo
1264 955 1486 1003 referatur,
1512 959 1576 1000 et,
1613 966 1684 992 cur

194 1023 385 1063 adiectum
408 1023 484 1072 sit,
519 1037 638 1062 causa
659 1023 698 1062 in
722 1029 900 1076 promptu
924 1029 998 1061 est.
1040 1020 1184 1061 Editur
1206 1022 1358 1074 quidem
1381 1034 1499 1074 supra
1523 1020 1681 1069 ‘nostri,

194 1091 258 1144 qui
281 1097 490 1144 perpetuas
514 1091 751 1130 munitiones
775 1090 999 1139 habebant',
1031 1090 1098 1129 sed
1125 1090 1217 1142 ‘qui'
1240 1090 1280 1129 in
1303 1089 1407 1129 nullo
1431 1088 1565 1128 codice
1587 1087 1685 1128 scri-

194 1165 300 1213 ptum
323 1165 407 1209 est,
443 1165 481 1199 et
503 1159 542 1198 in
565 1158 744 1198 omnibus
767 1158 914 1213 legitur
947 1166 955 1182 ‘
973 1157 1195 1197 uidebant'.
1236 1155 1280 1196 In
1313 1157 1385 1197 hoc
1408 1157 1540 1210 inepto
1564 1154 1684 1197 uerbo

196 1227 439 1267 emendando
474 1227 653 1280 proxime
686 1227 732 1266 ad
765 1227 941 1266 codicum
973 1225 1142 1279 uestigia
1173 1224 1344 1264 accessit
1374 1225 1474 1263 idem
1505 1223 1685 1264 Faernus

197 1294 439 1348 ‘iungebant'
463 1294 687 1335 coniciens:
713 1301 820 1334 certa
836 1293 1056 1334 emendatio
1079 1293 1247 1332 nondum
1260 1298 1417 1344 reperta
1439 1299 1513 1331 est.
1546 1290 1687 1331 Muen-

195 1363 359 1402 scherus
390 1363 429 1402 in
463 1363 615 1416 ephem.
643 1362 829 1402 scholast.
855 1377 892 1402 a.
922 1361 1029 1401 1828
1051 1375 1087 1414 p.
1105 1358 1187 1400 562
1211 1360 1305 1399 haec
1328 1359 1381 1399 ita
1406 1359 1684 1399 consorinauit:

198 1435 341 1485 ‘atque
375 1437 416 1470 ut
447 1431 594 1471 nostris
627 1437 837 1484 perpetuas
876 1429 1114 1468 munitiones
1152 1427 1337 1467 uidebant
1373 1427 1581 1480 perductas
1620 1452 1685 1472 ——-‚

194 1498 250 1538 ita
271 1499 326 1538 illi
347 1523 400 1528 ——
423 1498 677 1539 efficiebant'.
714 1496 808 1547 Sed,
835 1511 884 1538 ne
906 1497 993 1550 quid
1017 1496 1217 1536 deduritie
1232 1494 1528 1549 compositionis
1542 1494 1684 1544 dicam,

197 1564 386 1608 Caesaris
428 1568 667 1607 munitiones
701 1579 940 1619 nequaquam
975 1570 1088 1604 erant
1118 1564 1331 1616 perfectae.
1385 1559 1690 1601 contendebant

196 1635 300 1675 enim
323 1632 557 1675 Caesariani
581 1635 697 1675 etiam
721 1641 799 1674 tum
823 1631 1106 1673 munitionibus
1130 1642 1216 1670 cum
1239 1629 1506 1683 Pompeianis,
1540 1630 1610 1678 illi,
1647 1636 1689 1669 ut

197 1702 425 1756 Pompeium
457 1716 569 1755 quam
608 1701 887 1756 angustissime
923 1698 1230 1747 concluderent,
1267 1698 1319 1746 hi,
1358 1705 1397 1737 ut
1420 1694 1688 1738 Caesarianos

197 1785 310 1824 quam
343 1771 515 1810 maxime
546 1770 832 1817 extenderent,
866 1767 903 1807 id
934 1767 1034 1819 quod
1066 1765 1335 1819 superioribus
1365 1772 1404 1805 et
1434 1764 1689 1805 inferioribus

197 1838 331 1879 uerbis
365 1838 601 1878 declaratur.
654 1835 791 1890 Itaque
826 1841 870 1875 ‘a
903 1834 1050 1875 nostris
1082 1833 1242 1887 perduci
1274 1832 1481 1873 uidebant'
1514 1832 1690 1873 scriben-

200 1907 288 1947 dum
311 1907 467 1947 fuisset.

313 1971 361 2015 C.
387 1974 441 2015 48
470 1974 526 2014 in.
551 1974 607 2014 ita
630 1973 780 2015 editur:
817 1971 915 2012 ‘Est
940 1971 1056 2012 etiam
1089 1983 1217 2024 genus
1248 1969 1393 2010 radicis
1415 1969 1619 2011 inuentum
1643 1968 1690 2009 ab

198 2044 263 2094 iis,
289 2043 351 2097 qui
376 2044 532 2083 fuerant
563 2056 647 2082 cum
670 2040 859 2091 Valerio,
894 2039 993 2093 quod
1016 2039 1234 2091 appellatur
1254 2037 1404 2085 cbara',
1439 2052 1540 2090 quae
1571 2051 1594 2077 a
1615 2050 1690 2090 quo

200 2111 328 2166 posita
349 2110 443 2161 sint,
469 2110 626 2151 nescio:
653 2110 692 2149 in
715 2109 827 2149 codd.
852 2108 1042 2162 scriptum
1065 2114 1126 2147 est
1158 2106 1239 2159 ‘qui
1272 2106 1429 2146 fueraut
1460 2105 1687 2145 ualeribus'.

198 2178 312 2220 Nihil
334 2179 456 2232 igitur
476 2179 618 2219 attinet
639 2178 934 2226 demonstrare,
970 2181 1210 2228 quantopere
1231 2174 1298 2213 illa
1329 2178 1430 2212 ‘cum
1456 2170 1630 2212 Valerio'
1654 2179 1693 2212 et

200 2248 285 2302 ipsa·
306 2248 437 2300 inepta
460 2247 540 2287 sint
561 2254 601 2286 et
623 2244 804 2286 aVossio
826 2245 958 2297 inepte
980 2243 1059 2283 sint
1080 2242 1292 2295 explicata.
1327 2238 1371 2281 In
1395 2240 1569 2280 codicum
1593 2240 1693 2279 scri-

201 2322 314 2370 ptura
338 2313 534 2354 Gruterus
557 2313 685 2367 oppidi
709 2326 851 2353 nomen
873 2312 998 2352 latere
1021 2310 1300 2359 arbitrabatur,
1323 2309 1437 2362 eique
1459 2305 1694 2348 Oudendor-

201 2384 287 2438 pius
310 2382 540 2423 assentitur.
582 2379 660 2421 Sed
676 2395 801 2434 neque
823 2387 884 2420 cst
905 2380 944 2419 in
968 2379 1025 2419 his
1048 2378 1274 2432 regionibus
1299 2377 1389 2416 urbs
1413 2376 1550 2416 similis
1569 2375 1693 2415 nomi-

200 2452 286 2502 nis,
321 2464 447 2505 neque
476 2450 516 2490 in
552 2449 690 2503 oppido
714 2449 867 2489 radices
889 2448 1073 2487 inuentas
1104 2460 1193 2486 csse
1226 2445 1410 2485 credibile
1435 2451 1518 2492 est,
1555 2450 1593 2483 et
1623 2457 1691 2483 eos

203 2519 345 2560 milites
369 2519 469 2559 lianc
492 2518 661 2558 radicem
684 2517 883 2570 reperisse
905 2521 1089 2568 apparet,
1121 2514 1185 2567 qui
1206 2511 1434 2566 Pompeium
1469 2510 1693 2550 munitioni-

202 2587 274 2627 bus
297 2586 542 2627 obsidebant.
577 2584 679 2625 Mihi
700 2584 948 2624 scribendum
962 2583 1119 2622 uidetur
1150 2582 1230 2636 ‘qui
1251 2582 1408 2620 fuerant
1426 2579 1466 2618 in
1492 2577 1689 2618 uallibus'.

203 2654 341 2697 Valles
363 2654 404 2694 in
427 2654 485 2694 his
508 2654 605 2694 locis
628 2657 984 2692 commemorantur
1005 2648 1075 2698 49,
1100 2649 1152 2689 4:
1185 2662 1310 2702 neque
1342 2646 1596 2700 improbabile
1633 2654 1694 2687 est

204 2737 289 2764 eam
320 2722 433 2763 huius
463 2721 607 2762 radicis
639 2721 761 2761 fuisse
792 2726 988 2768 naturam,
1026 2724 1069 2758 ut
1089 2717 1262 2757 maxime
1284 2716 1380 2757 locis
1413 2715 1594 2756 demissis
1626 2729 1694 2756 na—

205 2797 398 2832 sceretur.

323 2855 372 2898 C.
397 2855 475 2908 49,
509 2856 537 2897 4
566 2856 784 2897 dubitatum
807 2861 867 2896 est
888 2855 935 2895 de
965 2854 1024 2895 his
1046 2853 1200 2894 uerbis:
1240 2856 1299 2893 ‘ut
1327 2857 1440 2893 erant
1468 2851 1555 2892 loca
1587 2864 1694 2890 mon-
