<?xml version="1.0" encoding="UTF-8"?>
<!DOCTYPE html PUBLIC "-//W3C//DTD XHTML 1.0 Transitional//EN"
    "http://www.w3.org/TR/xhtml1/DTD/xhtml1-transitional.dtd">
<html xmlns="http://www.w3.org/1999/xhtml" xml:lang="en" lang="en">
 <head>
  <title>
</title>
<meta http-equiv="Content-Type" content="text/html;charset=utf-8" />
  <meta name='ocr-system' content='tesseract 3.04.00' />
  <meta name='ocr-capabilities' content='ocr_page ocr_carea ocr_par ocr_line ocrx_word'/>
</head>
<body>
  <div class='ocr_page' id='page_1' title='image "./commentarii00caesuoft_0054.png"; bbox 0 0 1835 3240; ppageno 0'>
   <div class='ocr_carea' id='block_1_1' title="bbox 701 189 926 230">
    <p class='ocr_par' dir='ltr' id='par_1_1' title="bbox 701 189 926 230">
     <span class='ocr_line' id='line_1_1' title="bbox 701 189 926 230; baseline -0.004 -8"><span class='ocrx_word' id='word_1_1' title='bbox 701 215 814 222; x_wconf 67' lang='grc'>,-</span> <span class='ocrx_word' id='word_1_2' title='bbox 871 189 926 230; x_wconf 78' lang='lat'>44</span> 
     </span>
    </p>
   </div>
   <div class='ocr_carea' id='block_1_2' title="bbox 985 211 1097 219">
    <p class='ocr_par' dir='ltr' id='par_1_2' title="bbox 985 211 1097 219">
     <span class='ocr_line' id='line_1_2' title="bbox 985 211 1097 219; baseline 0 3021"><span class='ocrx_word' id='word_1_3' title='bbox 985 211 1097 219; x_wconf 95' lang='lat' dir='ltr'> </span> 
     </span>
    </p>
   </div>
   <div class='ocr_carea' id='block_1_3' title="bbox 144 300 1663 2924">
    <p class='ocr_par' dir='ltr' id='par_1_3' title="bbox 144 300 1658 1702">
     <span class='ocr_line' id='line_1_3' title="bbox 167 300 1645 359; baseline -0.001 -13"><span class='ocrx_word' id='word_1_4' title='bbox 167 318 219 345; x_wconf 80' lang='lat' dir='ltr'>ex</span> <span class='ocrx_word' id='word_1_5' title='bbox 240 304 342 346; x_wconf 89' lang='lat' dir='ltr'>bello</span> <span class='ocrx_word' id='word_1_6' title='bbox 355 303 610 359; x_wconf 81' lang='lat' dir='ltr'>Hispaniensi</span> <span class='ocrx_word' id='word_1_7' title='bbox 628 303 853 358; x_wconf 86' lang='lat' dir='ltr'>publicauit.</span> <span class='ocrx_word' id='word_1_8' title='bbox 878 303 1103 356; x_wconf 86' lang='lat' dir='ltr'>Adiungam</span> <span class='ocrx_word' id='word_1_9' title='bbox 1116 301 1248 341; x_wconf 83' lang='lat' dir='ltr'>statim</span> <span class='ocrx_word' id='word_1_10' title='bbox 1270 300 1366 342; x_wconf 91' lang='lat' dir='ltr'>duos</span> <span class='ocrx_word' id='word_1_11' title='bbox 1389 304 1542 344; x_wconf 86' lang='lat' dir='ltr'>codices</span> <span class='ocrx_word' id='word_1_12' title='bbox 1564 304 1645 344; x_wconf 92' lang='lat' dir='ltr'>sin-</span> 
     </span>
     <span class='ocr_line' id='line_1_4' title="bbox 165 368 1645 426; baseline -0.001 -14"><span class='ocrx_word' id='word_1_13' title='bbox 165 373 314 426; x_wconf 89' lang='lat' dir='ltr'>gularis</span> <span class='ocrx_word' id='word_1_14' title='bbox 335 373 517 422; x_wconf 88' lang='lat' dir='ltr'>rationis,</span> <span class='ocrx_word' id='word_1_15' title='bbox 540 372 741 412; x_wconf 80' lang='lat' dir='ltr'>Andinum</span> <span class='ocrx_word' id='word_1_16' title='bbox 764 377 802 410; x_wconf 91' lang='lat' dir='ltr'>et</span> <span class='ocrx_word' id='word_1_17' title='bbox 824 368 1098 409; x_wconf 78' lang='lat' dir='ltr'>oxoniensem</span> <span class='ocrx_word' id='word_1_18' title='bbox 1113 399 1123 418; x_wconf 89' lang='lat'>,</span> <span class='ocrx_word' id='word_1_19' title='bbox 1149 369 1212 421; x_wconf 87' lang='lat' dir='ltr'>qui</span> <span class='ocrx_word' id='word_1_20' title='bbox 1227 400 1237 419; x_wconf 92' lang='lat'>,</span> <span class='ocrx_word' id='word_1_21' title='bbox 1263 383 1348 409; x_wconf 89' lang='lat' dir='ltr'>cum</span> <span class='ocrx_word' id='word_1_22' title='bbox 1371 371 1450 410; x_wconf 92' lang='lat' dir='ltr'>sint</span> <span class='ocrx_word' id='word_1_23' title='bbox 1471 371 1645 411; x_wconf 89' lang='lat' dir='ltr'>eiusdem</span> 
     </span>
     <span class='ocr_line' id='line_1_5' title="bbox 166 427 1643 493; baseline -0.001 -13"><span class='ocrx_word' id='word_1_24' title='bbox 166 441 324 493; x_wconf 85' lang='lat' dir='ltr'>generis</span> <span class='ocrx_word' id='word_1_25' title='bbox 347 454 431 480; x_wconf 88' lang='grc'><strong>011111</strong></span> <span class='ocrx_word' id='word_1_26' title='bbox 454 439 746 493; x_wconf 85' lang='lat' dir='ltr'>superioribus,</span> <span class='ocrx_word' id='word_1_27' title='bbox 781 437 887 477; x_wconf 87' lang='lat' dir='ltr'>solos</span> <span class='ocrx_word' id='word_1_28' title='bbox 919 442 1050 476; x_wconf 87' lang='lat' dir='ltr'>tamen</span> <span class='ocrx_word' id='word_1_29' title='bbox 1081 437 1384 476; x_wconf 88' lang='lat' dir='ltr'>commentarios</span> <span class='ocrx_word' id='word_1_30' title='bbox 1398 427 1453 478; x_wconf 48' lang='lat' dir='ltr'>&#39;de</span> <span class='ocrx_word' id='word_1_31' title='bbox 1473 438 1512 478; x_wconf 91' lang='lat' dir='ltr'>h.</span> <span class='ocrx_word' id='word_1_32' title='bbox 1538 437 1643 480; x_wconf 91' lang='lat' dir='ltr'>Gall.</span> 
     </span>
     <span class='ocr_line' id='line_1_6' title="bbox 168 504 1648 560; baseline -0.002 -12"><span class='ocrx_word' id='word_1_33' title='bbox 168 508 326 548; x_wconf 85' lang='lat' dir='ltr'>habent.</span> <span class='ocrx_word' id='word_1_34' title='bbox 371 507 455 547; x_wconf 93' lang='lat' dir='ltr'>Hos</span> <span class='ocrx_word' id='word_1_35' title='bbox 493 506 604 560; x_wconf 84' lang='lat' dir='ltr'>(siue</span> <span class='ocrx_word' id='word_1_36' title='bbox 626 518 725 545; x_wconf 86' lang='lat' dir='ltr'>unus</span> <span class='ocrx_word' id='word_1_37' title='bbox 749 511 810 544; x_wconf 89' lang='lat' dir='ltr'>est</span> <span class='ocrx_word' id='word_1_38' title='bbox 830 504 1009 555; x_wconf 82' lang='lat' dir='ltr'>idemque</span> <span class='ocrx_word' id='word_1_39' title='bbox 1031 504 1157 543; x_wconf 81' lang='lat' dir='ltr'>codex</span> <span class='ocrx_word' id='word_1_40' title='bbox 1174 534 1183 550; x_wconf 83' lang='lat'>,</span> <span class='ocrx_word' id='word_1_41' title='bbox 1217 504 1315 543; x_wconf 89' lang='lat' dir='ltr'>mire</span> <span class='ocrx_word' id='word_1_42' title='bbox 1347 504 1449 543; x_wconf 89' lang='lat' dir='ltr'>enim</span> <span class='ocrx_word' id='word_1_43' title='bbox 1481 519 1648 545; x_wconf 87' lang='lat' dir='ltr'>consen-</span> 
     </span>
     <span class='ocr_line' id='line_1_7' title="bbox 167 569 1650 626; baseline -0.003 -10"><span class='ocrx_word' id='word_1_44' title='bbox 167 575 296 626; x_wconf 85' lang='lat' dir='ltr'>tiunt)</span> <span class='ocrx_word' id='word_1_45' title='bbox 330 589 407 615; x_wconf 93' lang='lat' dir='ltr'>non</span> <span class='ocrx_word' id='word_1_46' title='bbox 430 574 554 614; x_wconf 86' lang='lat' dir='ltr'>solum</span> <span class='ocrx_word' id='word_1_47' title='bbox 576 572 801 625; x_wconf 83' lang='lat' dir='ltr'>superiores</span> <span class='ocrx_word' id='word_1_48' title='bbox 824 571 975 620; x_wconf 84' lang='lat' dir='ltr'>critici,</span> <span class='ocrx_word' id='word_1_49' title='bbox 1008 571 1077 610; x_wconf 89' lang='lat' dir='ltr'>scd</span> <span class='ocrx_word' id='word_1_50' title='bbox 1099 571 1215 611; x_wconf 88' lang='lat' dir='ltr'>etiam</span> <span class='ocrx_word' id='word_1_51' title='bbox 1239 569 1503 611; x_wconf 90' lang='lat' dir='ltr'>Schneiderus</span> <span class='ocrx_word' id='word_1_52' title='bbox 1526 572 1650 612; x_wconf 89' lang='lat' dir='ltr'>omni-</span> 
     </span>
     <span class='ocr_line' id='line_1_8' title="bbox 165 637 1650 693; baseline -0.001 -10"><span class='ocrx_word' id='word_1_53' title='bbox 165 657 230 682; x_wconf 92' lang='lat' dir='ltr'>um</span> <span class='ocrx_word' id='word_1_54' title='bbox 253 643 367 683; x_wconf 87' lang='lat' dir='ltr'>huius</span> <span class='ocrx_word' id='word_1_55' title='bbox 390 641 558 681; x_wconf 87' lang='lat' dir='ltr'>familiae</span> <span class='ocrx_word' id='word_1_56' title='bbox 581 640 696 693; x_wconf 84' lang='lat' dir='ltr'>longe</span> <span class='ocrx_word' id='word_1_57' title='bbox 719 638 886 691; x_wconf 89' lang='lat' dir='ltr'>optimos</span> <span class='ocrx_word' id='word_1_58' title='bbox 908 637 1204 685; x_wconf 86' lang='lat' dir='ltr'>iudicauerunt,</span> <span class='ocrx_word' id='word_1_59' title='bbox 1238 646 1278 679; x_wconf 89' lang='lat' dir='ltr'>et</span> <span class='ocrx_word' id='word_1_60' title='bbox 1306 645 1438 678; x_wconf 81' lang='lat' dir='ltr'>tamen</span> <span class='ocrx_word' id='word_1_61' title='bbox 1461 639 1521 678; x_wconf 88' lang='lat' dir='ltr'>hic</span> <span class='ocrx_word' id='word_1_62' title='bbox 1543 647 1650 681; x_wconf 86' lang='lat' dir='ltr'>certe</span> 
     </span>
     <span class='ocr_line' id='line_1_9' title="bbox 167 705 1651 760; baseline -0.003 -9"><span class='ocrx_word' id='word_1_63' title='bbox 167 725 275 760; x_wconf 90' lang='lat' dir='ltr'>raro,</span> <span class='ocrx_word' id='word_1_64' title='bbox 302 710 368 750; x_wconf 92' lang='lat' dir='ltr'>ubi</span> <span class='ocrx_word' id='word_1_65' title='bbox 390 723 411 749; x_wconf 88' lang='lat' dir='ltr'>a</span> <span class='ocrx_word' id='word_1_66' title='bbox 433 706 593 759; x_wconf 87' lang='lat' dir='ltr'>reliquis</span> <span class='ocrx_word' id='word_1_67' title='bbox 616 705 812 746; x_wconf 83' lang='lat' dir='ltr'>codicibus</span> <span class='ocrx_word' id='word_1_68' title='bbox 836 705 1105 755; x_wconf 78' lang='lat' dir='ltr'>discedebant,</span> <span class='ocrx_word' id='word_1_69' title='bbox 1129 706 1240 758; x_wconf 90' lang='lat' dir='ltr'>sequi</span> <span class='ocrx_word' id='word_1_70' title='bbox 1263 706 1466 745; x_wconf 77' lang='lat' dir='ltr'>sustinuit.</span> <span class='ocrx_word' id='word_1_71' title='bbox 1521 705 1651 747; x_wconf 89' lang='lat' dir='ltr'>Nimi-</span> 
     </span>
     <span class='ocr_line' id='line_1_10' title="bbox 167 773 1650 826; baseline -0.003 -8"><span class='ocrx_word' id='word_1_72' title='bbox 167 792 253 818; x_wconf 85' lang='lat' dir='ltr'>rum</span> <span class='ocrx_word' id='word_1_73' title='bbox 276 778 314 817; x_wconf 84' lang='lat' dir='ltr'>hi</span> <span class='ocrx_word' id='word_1_74' title='bbox 337 776 488 816; x_wconf 90' lang='lat' dir='ltr'>codices</span> <span class='ocrx_word' id='word_1_75' title='bbox 511 788 589 814; x_wconf 91' lang='lat' dir='ltr'>non</span> <span class='ocrx_word' id='word_1_76' title='bbox 611 773 737 813; x_wconf 90' lang='lat' dir='ltr'>solum</span> <span class='ocrx_word' id='word_1_77' title='bbox 753 787 889 813; x_wconf 90' lang='lat' dir='ltr'>omnes</span> <span class='ocrx_word' id='word_1_78' title='bbox 910 773 1169 826; x_wconf 85' lang='lat' dir='ltr'>interpolatae</span> <span class='ocrx_word' id='word_1_79' title='bbox 1188 773 1358 813; x_wconf 84' lang='lat' dir='ltr'>familiae</span> <span class='ocrx_word' id='word_1_80' title='bbox 1381 774 1650 814; x_wconf 87' lang='lat' dir='ltr'>correctiones</span> 
     </span>
     <span class='ocr_line' id='line_1_11' title="bbox 168 841 1651 897; baseline -0.003 -13"><span class='ocrx_word' id='word_1_81' title='bbox 168 852 285 897; x_wconf 89' lang='lat' dir='ltr'>atque</span> <span class='ocrx_word' id='word_1_82' title='bbox 306 842 628 896; x_wconf 81' lang='lat' dir='ltr'>interpolationes</span> <span class='ocrx_word' id='word_1_83' title='bbox 652 841 817 891; x_wconf 88' lang='lat' dir='ltr'>habent,</span> <span class='ocrx_word' id='word_1_84' title='bbox 850 841 919 881; x_wconf 91' lang='lat' dir='ltr'>sed</span> <span class='ocrx_word' id='word_1_85' title='bbox 950 855 1074 881; x_wconf 85' lang='lat' dir='ltr'>nouas</span> <span class='ocrx_word' id='word_1_86' title='bbox 1105 848 1308 895; x_wconf 88' lang='lat' dir='ltr'>praeterea</span> <span class='ocrx_word' id='word_1_87' title='bbox 1337 855 1456 894; x_wconf 90' lang='lat' dir='ltr'>prope</span> <span class='ocrx_word' id='word_1_88' title='bbox 1484 842 1651 881; x_wconf 84' lang='lat' dir='ltr'>alterum</span> 
     </span>
     <span class='ocr_line' id='line_1_12' title="bbox 169 908 1647 962; baseline -0.002 -11"><span class='ocrx_word' id='word_1_89' title='bbox 169 919 333 951; x_wconf 87' lang='lat' dir='ltr'>tantum.</span> <span class='ocrx_word' id='word_1_90' title='bbox 397 908 508 961; x_wconf 82' lang='lat' dir='ltr'>Quae</span> <span class='ocrx_word' id='word_1_91' title='bbox 548 909 764 949; x_wconf 89' lang='lat' dir='ltr'>cuiusmodi</span> <span class='ocrx_word' id='word_1_92' title='bbox 807 909 911 958; x_wconf 88' lang='lat' dir='ltr'>sint,</span> <span class='ocrx_word' id='word_1_93' title='bbox 958 921 1011 947; x_wconf 83' lang='lat' dir='ltr'>ex</span> <span class='ocrx_word' id='word_1_94' title='bbox 1049 923 1128 948; x_wconf 93' lang='lat' dir='ltr'>uno</span> <span class='ocrx_word' id='word_1_95' title='bbox 1167 908 1253 947; x_wconf 86' lang='lat' dir='ltr'>loco</span> <span class='ocrx_word' id='word_1_96' title='bbox 1284 909 1510 962; x_wconf 84' lang='lat' dir='ltr'>perspicere</span> <span class='ocrx_word' id='word_1_97' title='bbox 1541 908 1647 949; x_wconf 87' lang='lat' dir='ltr'>licet.</span> 
     </span>
     <span class='ocr_line' id='line_1_13' title="bbox 167 973 1653 1029; baseline -0.001 -12"><span class='ocrx_word' id='word_1_98' title='bbox 167 976 273 1017; x_wconf 89' lang='lat' dir='ltr'>Nam</span> <span class='ocrx_word' id='word_1_99' title='bbox 296 975 394 1026; x_wconf 84' lang='lat' dir='ltr'>Vll,</span> <span class='ocrx_word' id='word_1_100' title='bbox 419 975 475 1016; x_wconf 83' lang='lat'>64</span> <span class='ocrx_word' id='word_1_101' title='bbox 491 1006 501 1023; x_wconf 90' lang='lat'>‚</span> <span class='ocrx_word' id='word_1_102' title='bbox 535 975 557 1016; x_wconf 91' lang='lat'>1</span> <span class='ocrx_word' id='word_1_103' title='bbox 572 1007 582 1024; x_wconf 88' lang='lat'>,</span> <span class='ocrx_word' id='word_1_104' title='bbox 612 991 698 1016; x_wconf 81' lang='lat' dir='ltr'>cum</span> <span class='ocrx_word' id='word_1_105' title='bbox 720 975 860 1029; x_wconf 85' lang='lat' dir='ltr'>reliqui</span> <span class='ocrx_word' id='word_1_106' title='bbox 884 976 1038 1016; x_wconf 88' lang='lat' dir='ltr'>codices</span> <span class='ocrx_word' id='word_1_107' title='bbox 1060 975 1156 1016; x_wconf 88' lang='lat' dir='ltr'>haec</span> <span class='ocrx_word' id='word_1_108' title='bbox 1178 975 1393 1016; x_wconf 84' lang='lat' dir='ltr'>exhibeant</span> <span class='ocrx_word' id='word_1_109' title='bbox 1415 976 1461 1016; x_wconf 92' lang='lat' dir='ltr'>de</span> <span class='ocrx_word' id='word_1_110' title='bbox 1484 973 1653 1016; x_wconf 88' lang='lat' dir='ltr'>Vercin-</span> 
     </span>
     <span class='ocr_line' id='line_1_14' title="bbox 169 1042 1654 1099; baseline -0.001 -15"><span class='ocrx_word' id='word_1_111' title='bbox 169 1045 370 1099; x_wconf 84' lang='lat' dir='ltr'>getorige:</span> <span class='ocrx_word' id='word_1_112' title='bbox 399 1045 481 1084; x_wconf 91' lang='lat' dir='ltr'>‘ille</span> <span class='ocrx_word' id='word_1_113' title='bbox 502 1044 670 1097; x_wconf 82' lang='lat' dir='ltr'>imperat</span> <span class='ocrx_word' id='word_1_114' title='bbox 691 1043 854 1096; x_wconf 88' lang='lat' dir='ltr'>reliquis</span> <span class='ocrx_word' id='word_1_115' title='bbox 878 1043 1105 1083; x_wconf 89' lang='lat' dir='ltr'>ciuitatibus</span> <span class='ocrx_word' id='word_1_116' title='bbox 1127 1043 1298 1084; x_wconf 89' lang='lat' dir='ltr'>obsides.</span> <span class='ocrx_word' id='word_1_117' title='bbox 1334 1042 1515 1096; x_wconf 90' lang='lat' dir='ltr'>Denique</span> <span class='ocrx_word' id='word_1_118' title='bbox 1538 1044 1574 1084; x_wconf 91' lang='lat' dir='ltr'>ei</span> <span class='ocrx_word' id='word_1_119' title='bbox 1594 1043 1654 1084; x_wconf 92' lang='lat' dir='ltr'>rei</span> 
     </span>
     <span class='ocr_line' id='line_1_15' title="bbox 171 1109 1655 1164; baseline -0.001 -13"><span class='ocrx_word' id='word_1_120' title='bbox 171 1113 372 1152; x_wconf 77' lang='lat' dir='ltr'>constituit</span> <span class='ocrx_word' id='word_1_121' title='bbox 403 1112 526 1151; x_wconf 90' lang='lat' dir='ltr'>diem:</span> <span class='ocrx_word' id='word_1_122' title='bbox 573 1111 645 1150; x_wconf 92' lang='lat' dir='ltr'>huc</span> <span class='ocrx_word' id='word_1_123' title='bbox 679 1124 815 1150; x_wconf 91' lang='lat' dir='ltr'>omnes</span> <span class='ocrx_word' id='word_1_124' title='bbox 846 1110 996 1164; x_wconf 87' lang='lat' dir='ltr'>equites</span> <span class='ocrx_word' id='word_1_125' title='bbox 1025 1109 1108 1152; x_wconf 91' lang='lat' dir='ltr'>XV</span> <span class='ocrx_word' id='word_1_126' title='bbox 1137 1110 1243 1150; x_wconf 88' lang='lat' dir='ltr'>milia</span> <span class='ocrx_word' id='word_1_127' title='bbox 1275 1124 1438 1151; x_wconf 89' lang='lat' dir='ltr'>numero</span> <span class='ocrx_word' id='word_1_128' title='bbox 1470 1111 1655 1151; x_wconf 88' lang='lat' dir='ltr'>celeriter</span> 
     </span>
     <span class='ocr_line' id='line_1_16' title="bbox 171 1178 1653 1232; baseline -0.001 -12"><span class='ocrx_word' id='word_1_129' title='bbox 171 1180 382 1220; x_wconf 90' lang='lat' dir='ltr'>conuenire</span> <span class='ocrx_word' id='word_1_130' title='bbox 404 1180 547 1230; x_wconf 85' lang='lat' dir='ltr'>iubet’‚</span> <span class='ocrx_word' id='word_1_131' title='bbox 581 1192 679 1232; x_wconf 87' lang='lat' dir='ltr'>quae</span> <span class='ocrx_word' id='word_1_132' title='bbox 709 1186 889 1232; x_wconf 87' lang='lat' dir='ltr'>corrupta</span> <span class='ocrx_word' id='word_1_133' title='bbox 913 1192 1001 1218; x_wconf 91' lang='lat' dir='ltr'>esse</span> <span class='ocrx_word' id='word_1_134' title='bbox 1023 1178 1238 1218; x_wconf 89' lang='lat' dir='ltr'>uidebimus</span> <span class='ocrx_word' id='word_1_135' title='bbox 1255 1209 1265 1228; x_wconf 95' lang='lat'>,</span> <span class='ocrx_word' id='word_1_136' title='bbox 1297 1178 1335 1218; x_wconf 89' lang='lat' dir='ltr'>hi</span> <span class='ocrx_word' id='word_1_137' title='bbox 1357 1178 1507 1232; x_wconf 82' lang='lat' dir='ltr'>egregii</span> <span class='ocrx_word' id='word_1_138' title='bbox 1530 1185 1653 1219; x_wconf 91' lang='lat' dir='ltr'>testes</span> 
     </span>
     <span class='ocr_line' id='line_1_17' title="bbox 173 1245 1654 1300; baseline -0.001 -12"><span class='ocrx_word' id='word_1_139' title='bbox 173 1248 266 1288; x_wconf 86' lang='lat' dir='ltr'>baec</span> <span class='ocrx_word' id='word_1_140' title='bbox 289 1245 475 1288; x_wconf 80' lang='lat' dir='ltr'>Caesaris</span> <span class='ocrx_word' id='word_1_141' title='bbox 498 1246 618 1287; x_wconf 82' lang='lat' dir='ltr'>uerba</span> <span class='ocrx_word' id='word_1_142' title='bbox 642 1247 869 1300; x_wconf 89' lang='lat' dir='ltr'>proferunt:</span> <span class='ocrx_word' id='word_1_143' title='bbox 907 1246 1102 1299; x_wconf 84' lang='lat' dir='ltr'>‘diemque</span> <span class='ocrx_word' id='word_1_144' title='bbox 1122 1246 1224 1286; x_wconf 88' lang='lat' dir='ltr'>bello</span> <span class='ocrx_word' id='word_1_145' title='bbox 1247 1246 1477 1295; x_wconf 83' lang='lat' dir='ltr'>constituit,</span> <span class='ocrx_word' id='word_1_146' title='bbox 1503 1246 1654 1299; x_wconf 80' lang='lat' dir='ltr'>equites</span> 
     </span>
     <span class='ocr_line' id='line_1_18' title="bbox 173 1314 1654 1369; baseline -0.001 -13"><span class='ocrx_word' id='word_1_147' title='bbox 173 1329 225 1356; x_wconf 84' lang='lat' dir='ltr'>ex</span> <span class='ocrx_word' id='word_1_148' title='bbox 247 1329 315 1355; x_wconf 86' lang='lat' dir='ltr'>sua</span> <span class='ocrx_word' id='word_1_149' title='bbox 334 1316 494 1369; x_wconf 84' lang='lat' dir='ltr'>pecunia</span> <span class='ocrx_word' id='word_1_150' title='bbox 510 1322 551 1355; x_wconf 91' lang='lat' dir='ltr'>ut</span> <span class='ocrx_word' id='word_1_151' title='bbox 563 1315 738 1367; x_wconf 87' lang='lat' dir='ltr'>singulos</span> <span class='ocrx_word' id='word_1_152' title='bbox 753 1314 934 1354; x_wconf 85' lang='lat' dir='ltr'>denarios</span> <span class='ocrx_word' id='word_1_153' title='bbox 949 1314 1157 1366; x_wconf 84' lang='lat' dir='ltr'>accipiant,</span> <span class='ocrx_word' id='word_1_154' title='bbox 1183 1314 1406 1353; x_wconf 85' lang='lat' dir='ltr'>constituit:</span> <span class='ocrx_word' id='word_1_155' title='bbox 1433 1314 1502 1353; x_wconf 91' lang='lat' dir='ltr'>hos</span> <span class='ocrx_word' id='word_1_156' title='bbox 1518 1327 1654 1354; x_wconf 87' lang='lat' dir='ltr'>omnes</span> 
     </span>
     <span class='ocr_line' id='line_1_19' title="bbox 173 1381 1655 1435; baseline -0.001 -13"><span class='ocrx_word' id='word_1_157' title='bbox 173 1383 357 1423; x_wconf 86' lang='lat' dir='ltr'>celeriter</span> <span class='ocrx_word' id='word_1_158' title='bbox 386 1383 493 1422; x_wconf 85' lang='lat' dir='ltr'>iubet</span> <span class='ocrx_word' id='word_1_159' title='bbox 524 1383 777 1423; x_wconf 85' lang='lat' dir='ltr'>conuenire&#39;.</span> <span class='ocrx_word' id='word_1_160' title='bbox 828 1381 965 1435; x_wconf 85' lang='lat' dir='ltr'>Itaque</span> <span class='ocrx_word' id='word_1_161' title='bbox 995 1382 1065 1422; x_wconf 90' lang='lat' dir='ltr'>hos</span> <span class='ocrx_word' id='word_1_162' title='bbox 1095 1381 1249 1421; x_wconf 88' lang='lat' dir='ltr'>codices</span> <span class='ocrx_word' id='word_1_163' title='bbox 1281 1388 1324 1420; x_wconf 92' lang='lat' dir='ltr'>ut</span> <span class='ocrx_word' id='word_1_164' title='bbox 1354 1388 1476 1421; x_wconf 87' lang='lat' dir='ltr'>testes</span> <span class='ocrx_word' id='word_1_165' title='bbox 1509 1395 1655 1433; x_wconf 90' lang='lat' dir='ltr'>nequa—</span> 
     </span>
     <span class='ocr_line' id='line_1_20' title="bbox 173 1448 1657 1505; baseline -0.001 -16"><span class='ocrx_word' id='word_1_166' title='bbox 173 1465 286 1503; x_wconf 89' lang='lat' dir='ltr'>quam</span> <span class='ocrx_word' id='word_1_167' title='bbox 309 1451 522 1490; x_wconf 85' lang='lat' dir='ltr'>audiendos</span> <span class='ocrx_word' id='word_1_168' title='bbox 546 1450 695 1505; x_wconf 85' lang='lat' dir='ltr'>putaui.</span> <span class='ocrx_word' id='word_1_169' title='bbox 749 1448 990 1490; x_wconf 86' lang='lat' dir='ltr'>Coniectura</span> <span class='ocrx_word' id='word_1_170' title='bbox 1013 1450 1201 1502; x_wconf 84' lang='lat' dir='ltr'>quaedam</span> <span class='ocrx_word' id='word_1_171' title='bbox 1224 1463 1293 1489; x_wconf 88' lang='lat' dir='ltr'>eos</span> <span class='ocrx_word' id='word_1_172' title='bbox 1316 1455 1425 1488; x_wconf 89' lang='lat' dir='ltr'>recte</span> <span class='ocrx_word' id='word_1_173' title='bbox 1448 1450 1657 1489; x_wconf 86' lang='lat' dir='ltr'>emendata</span> 
     </span>
     <span class='ocr_line' id='line_1_21' title="bbox 172 1516 1658 1572; baseline -0.001 -15"><span class='ocrx_word' id='word_1_174' title='bbox 172 1517 315 1557; x_wconf 86' lang='lat' dir='ltr'>habere</span> <span class='ocrx_word' id='word_1_175' title='bbox 338 1533 416 1558; x_wconf 91' lang='lat' dir='ltr'>non</span> <span class='ocrx_word' id='word_1_176' title='bbox 438 1532 554 1572; x_wconf 86' lang='lat' dir='ltr'>nego.</span> <span class='ocrx_word' id='word_1_177' title='bbox 607 1518 813 1559; x_wconf 91' lang='lat' dir='ltr'>Nonnulla</span> <span class='ocrx_word' id='word_1_178' title='bbox 845 1525 974 1559; x_wconf 88' lang='lat' dir='ltr'>autem</span> <span class='ocrx_word' id='word_1_179' title='bbox 1006 1531 1058 1557; x_wconf 79' lang='lat' dir='ltr'>ex</span> <span class='ocrx_word' id='word_1_180' title='bbox 1088 1516 1308 1557; x_wconf 87' lang='lat' dir='ltr'>huiusmodi</span> <span class='ocrx_word' id='word_1_181' title='bbox 1331 1517 1464 1556; x_wconf 88' lang='lat' dir='ltr'>codice</span> <span class='ocrx_word' id='word_1_182' title='bbox 1486 1517 1658 1570; x_wconf 87' lang='lat' dir='ltr'>ascripta</span> 
     </span>
     <span class='ocr_line' id='line_1_22' title="bbox 144 1582 1656 1640; baseline -0.001 -16"><span class='ocrx_word' id='word_1_183' title='bbox 144 1598 145 1602; x_wconf 53' lang='lat'>¹</span> <span class='ocrx_word' id='word_1_184' title='bbox 171 1592 264 1625; x_wconf 91' lang='lat' dir='ltr'>sunt</span> <span class='ocrx_word' id='word_1_185' title='bbox 284 1586 452 1638; x_wconf 86' lang='lat' dir='ltr'>margini</span> <span class='ocrx_word' id='word_1_186' title='bbox 475 1585 608 1626; x_wconf 83' lang='lat' dir='ltr'>Haun.</span> <span class='ocrx_word' id='word_1_187' title='bbox 635 1601 693 1640; x_wconf 87' lang='lat' dir='ltr'>pr.</span> <span class='ocrx_word' id='word_1_188' title='bbox 714 1617 723 1634; x_wconf 85' lang='lat'>‚</span> <span class='ocrx_word' id='word_1_189' title='bbox 759 1586 953 1638; x_wconf 88' lang='lat' dir='ltr'>habetque</span> <span class='ocrx_word' id='word_1_190' title='bbox 977 1582 1217 1625; x_wconf 85' lang='lat' dir='ltr'>Cuiacianus</span> <span class='ocrx_word' id='word_1_191' title='bbox 1251 1597 1405 1637; x_wconf 91' lang='lat' dir='ltr'>quoque</span> <span class='ocrx_word' id='word_1_192' title='bbox 1428 1583 1656 1636; x_wconf 90' lang='lat' dir='ltr'>quibusdam</span> 
     </span>
     <span class='ocr_line' id='line_1_23' title="bbox 170 1652 1238 1702; baseline -0.002 -9"><span class='ocrx_word' id='word_1_193' title='bbox 170 1652 268 1693; x_wconf 85' lang='lat' dir='ltr'>locis</span> <span class='ocrx_word' id='word_1_194' title='bbox 291 1653 440 1702; x_wconf 86' lang='lat' dir='ltr'>eadem,</span> <span class='ocrx_word' id='word_1_195' title='bbox 465 1661 505 1693; x_wconf 91' lang='lat' dir='ltr'>et</span> <span class='ocrx_word' id='word_1_196' title='bbox 526 1654 718 1694; x_wconf 88' lang='lat' dir='ltr'>consimili</span> <span class='ocrx_word' id='word_1_197' title='bbox 742 1653 874 1693; x_wconf 84' lang='lat' dir='ltr'>codice</span> <span class='ocrx_word' id='word_1_198' title='bbox 895 1653 1021 1692; x_wconf 85' lang='lat' dir='ltr'>Aldus</span> <span class='ocrx_word' id='word_1_199' title='bbox 1044 1666 1138 1692; x_wconf 92' lang='lat' dir='ltr'>usus</span> <span class='ocrx_word' id='word_1_200' title='bbox 1162 1659 1238 1692; x_wconf 87' lang='lat' dir='ltr'>est.</span> 
     </span>
    </p>

    <p class='ocr_par' dir='ltr' id='par_1_4' title="bbox 172 1719 1663 2924">
     <span class='ocr_line' id='line_1_24' title="bbox 286 1719 1658 1775; baseline -0.001 -16"><span class='ocrx_word' id='word_1_201' title='bbox 286 1719 370 1760; x_wconf 89' lang='lat' dir='ltr'>Hos</span> <span class='ocrx_word' id='word_1_202' title='bbox 394 1722 548 1762; x_wconf 90' lang='lat' dir='ltr'>codices</span> <span class='ocrx_word' id='word_1_203' title='bbox 582 1723 657 1761; x_wconf 85' lang='lat' dir='ltr'>alia</span> <span class='ocrx_word' id='word_1_204' title='bbox 689 1722 810 1775; x_wconf 88' lang='lat' dir='ltr'>stirpe</span> <span class='ocrx_word' id='word_1_205' title='bbox 842 1728 957 1773; x_wconf 86' lang='lat' dir='ltr'>atque</span> <span class='ocrx_word' id='word_1_206' title='bbox 986 1720 1163 1774; x_wconf 86' lang='lat' dir='ltr'>integros</span> <span class='ocrx_word' id='word_1_207' title='bbox 1187 1733 1238 1759; x_wconf 83' lang='lat' dir='ltr'>ex</span> <span class='ocrx_word' id='word_1_208' title='bbox 1259 1719 1343 1772; x_wconf 90' lang='lat' dir='ltr'>ipso</span> <span class='ocrx_word' id='word_1_209' title='bbox 1366 1719 1498 1758; x_wconf 90' lang='lat' dir='ltr'>codice</span> <span class='ocrx_word' id='word_1_210' title='bbox 1521 1719 1658 1758; x_wconf 85' lang='lat' dir='ltr'>archc-</span> 
     </span>
     <span class='ocr_line' id='line_1_25' title="bbox 172 1784 1657 1843; baseline -0.001 -16"><span class='ocrx_word' id='word_1_211' title='bbox 172 1794 263 1843; x_wconf 85' lang='lat' dir='ltr'>typo</span> <span class='ocrx_word' id='word_1_212' title='bbox 286 1801 375 1828; x_wconf 88' lang='lat' dir='ltr'>esse</span> <span class='ocrx_word' id='word_1_213' title='bbox 398 1788 584 1829; x_wconf 86' lang='lat' dir='ltr'>deductos</span> <span class='ocrx_word' id='word_1_214' title='bbox 616 1789 679 1830; x_wconf 89' lang='lat' dir='ltr'>uel</span> <span class='ocrx_word' id='word_1_215' title='bbox 708 1789 780 1829; x_wconf 93' lang='grc'><strong>1100</strong></span> <span class='ocrx_word' id='word_1_216' title='bbox 809 1788 1005 1835; x_wconf 89' lang='lat' dir='ltr'>ostendit,</span> <span class='ocrx_word' id='word_1_217' title='bbox 1039 1787 1139 1840; x_wconf 92' lang='lat' dir='ltr'>quod</span> <span class='ocrx_word' id='word_1_218' title='bbox 1169 1794 1208 1827; x_wconf 89' lang='lat' dir='ltr'>et</span> <span class='ocrx_word' id='word_1_219' title='bbox 1229 1788 1302 1827; x_wconf 92' lang='lat' dir='ltr'>soli</span> <span class='ocrx_word' id='word_1_220' title='bbox 1326 1784 1512 1827; x_wconf 81' lang='lat' dir='ltr'>Caesaris</span> <span class='ocrx_word' id='word_1_221' title='bbox 1535 1786 1657 1826; x_wconf 90' lang='lat' dir='ltr'>libros</span> 
     </span>
     <span class='ocr_line' id='line_1_26' title="bbox 173 1853 1659 1910; baseline -0.001 -15"><span class='ocrx_word' id='word_1_222' title='bbox 173 1856 220 1895; x_wconf 89' lang='lat' dir='ltr'>de</span> <span class='ocrx_word' id='word_1_223' title='bbox 242 1855 345 1895; x_wconf 88' lang='lat' dir='ltr'>bello</span> <span class='ocrx_word' id='word_1_224' title='bbox 368 1855 470 1895; x_wconf 87' lang='lat' dir='ltr'>ciuili</span> <span class='ocrx_word' id='word_1_225' title='bbox 493 1869 704 1909; x_wconf 90' lang='lat' dir='ltr'>eorumque</span> <span class='ocrx_word' id='word_1_226' title='bbox 726 1857 994 1910; x_wconf 84' lang='lat' dir='ltr'>supplementa</span> <span class='ocrx_word' id='word_1_227' title='bbox 1015 1862 1227 1895; x_wconf 86' lang='lat' dir='ltr'>seruarunt</span> <span class='ocrx_word' id='word_1_228' title='bbox 1248 1861 1286 1895; x_wconf 88' lang='lat' dir='ltr'>et</span> <span class='ocrx_word' id='word_1_229' title='bbox 1307 1855 1348 1895; x_wconf 93' lang='lat' dir='ltr'>in</span> <span class='ocrx_word' id='word_1_230' title='bbox 1375 1853 1486 1893; x_wconf 91' lang='lat' dir='ltr'>libris</span> <span class='ocrx_word' id='word_1_231' title='bbox 1509 1854 1555 1893; x_wconf 92' lang='lat' dir='ltr'>de</span> <span class='ocrx_word' id='word_1_232' title='bbox 1576 1854 1659 1894; x_wconf 91' lang='lat' dir='ltr'>bel-</span> 
     </span>
     <span class='ocr_line' id='line_1_27' title="bbox 173 1921 1658 1977; baseline 0 -15"><span class='ocrx_word' id='word_1_233' title='bbox 173 1922 210 1963; x_wconf 94' lang='lat' dir='ltr'>lo</span> <span class='ocrx_word' id='word_1_234' title='bbox 233 1921 388 1962; x_wconf 82' lang='lat' dir='ltr'>Gallico</span> <span class='ocrx_word' id='word_1_235' title='bbox 411 1924 582 1963; x_wconf 85' lang='lat' dir='ltr'>desectus</span> <span class='ocrx_word' id='word_1_236' title='bbox 605 1924 849 1977; x_wconf 88' lang='lat' dir='ltr'>integrorum</span> <span class='ocrx_word' id='word_1_237' title='bbox 872 1924 1048 1976; x_wconf 82' lang='lat' dir='ltr'>explent.</span> <span class='ocrx_word' id='word_1_238' title='bbox 1112 1921 1191 1963; x_wconf 94' lang='lat' dir='ltr'>Sed</span> <span class='ocrx_word' id='word_1_239' title='bbox 1221 1923 1337 1975; x_wconf 87' lang='lat' dir='ltr'>longe</span> <span class='ocrx_word' id='word_1_240' title='bbox 1366 1922 1539 1974; x_wconf 88' lang='lat' dir='ltr'>pluribus</span> <span class='ocrx_word' id='word_1_241' title='bbox 1560 1922 1658 1962; x_wconf 87' lang='lat' dir='ltr'>locis</span> 
     </span>
     <span class='ocr_line' id='line_1_28' title="bbox 174 1988 1660 2045; baseline -0.002 -14"><span class='ocrx_word' id='word_1_242' title='bbox 174 1990 439 2031; x_wconf 86' lang='lat' dir='ltr'>additamenta</span> <span class='ocrx_word' id='word_1_243' title='bbox 462 1990 629 2040; x_wconf 79' lang='lat' dir='ltr'>liabent,</span> <span class='ocrx_word' id='word_1_244' title='bbox 660 2005 821 2043; x_wconf 86' lang='lat' dir='ltr'>quorum</span> <span class='ocrx_word' id='word_1_245' title='bbox 843 2005 932 2045; x_wconf 87' lang='lat' dir='ltr'>pars</span> <span class='ocrx_word' id='word_1_246' title='bbox 954 2005 1033 2030; x_wconf 91' lang='lat' dir='ltr'>non</span> <span class='ocrx_word' id='word_1_247' title='bbox 1056 1997 1117 2030; x_wconf 92' lang='lat' dir='ltr'>est</span> <span class='ocrx_word' id='word_1_248' title='bbox 1137 1989 1378 2037; x_wconf 85' lang='lat' dir='ltr'>necessaria,</span> <span class='ocrx_word' id='word_1_249' title='bbox 1407 2002 1496 2041; x_wconf 89' lang='lat' dir='ltr'>pars</span> <span class='ocrx_word' id='word_1_250' title='bbox 1519 1988 1660 2028; x_wconf 86' lang='lat' dir='ltr'>certis-</span> 
     </span>
     <span class='ocr_line' id='line_1_29' title="bbox 173 2054 1658 2109; baseline -0.001 -12"><span class='ocrx_word' id='word_1_251' title='bbox 173 2059 296 2098; x_wconf 88' lang='lat' dir='ltr'>simae</span> <span class='ocrx_word' id='word_1_252' title='bbox 318 2058 467 2098; x_wconf 91' lang='lat' dir='ltr'>fraudis</span> <span class='ocrx_word' id='word_1_253' title='bbox 491 2058 753 2108; x_wconf 88' lang='lat' dir='ltr'>conuincitur,</span> <span class='ocrx_word' id='word_1_254' title='bbox 777 2059 869 2098; x_wconf 87' lang='lat' dir='ltr'>item</span> <span class='ocrx_word' id='word_1_255' title='bbox 892 2059 981 2098; x_wconf 91' lang='lat' dir='ltr'>inde</span> <span class='ocrx_word' id='word_1_256' title='bbox 1003 2072 1025 2096; x_wconf 83' lang='lat' dir='ltr'>a</span> <span class='ocrx_word' id='word_1_257' title='bbox 1047 2071 1080 2097; x_wconf 91' lang='lat' dir='ltr'>c.</span> <span class='ocrx_word' id='word_1_258' title='bbox 1106 2056 1161 2096; x_wconf 80' lang='lat'>40</span> <span class='ocrx_word' id='word_1_259' title='bbox 1183 2057 1271 2096; x_wconf 90' lang='lat' dir='ltr'>libri</span> <span class='ocrx_word' id='word_1_260' title='bbox 1294 2056 1405 2109; x_wconf 89' lang='lat' dir='ltr'>primi</span> <span class='ocrx_word' id='word_1_261' title='bbox 1428 2056 1474 2094; x_wconf 90' lang='lat' dir='ltr'>de</span> <span class='ocrx_word' id='word_1_262' title='bbox 1496 2056 1534 2095; x_wconf 92' lang='lat' dir='ltr'>b.</span> <span class='ocrx_word' id='word_1_263' title='bbox 1551 2054 1658 2096; x_wconf 86' lang='lat' dir='ltr'>Gall.</span> 
     </span>
     <span class='ocr_line' id='line_1_30' title="bbox 175 2123 1657 2177; baseline -0.003 -12"><span class='ocrx_word' id='word_1_264' title='bbox 175 2127 287 2177; x_wconf 82' lang='lat' dir='ltr'>(nam</span> <span class='ocrx_word' id='word_1_265' title='bbox 308 2126 422 2166; x_wconf 88' lang='lat' dir='ltr'>initio</span> <span class='ocrx_word' id='word_1_266' title='bbox 444 2126 659 2165; x_wconf 88' lang='lat' dir='ltr'>modestius</span> <span class='ocrx_word' id='word_1_267' title='bbox 682 2133 808 2164; x_wconf 82' lang='lat' dir='ltr'>actum</span> <span class='ocrx_word' id='word_1_268' title='bbox 832 2128 910 2177; x_wconf 85' lang='lat' dir='ltr'>est)</span> <span class='ocrx_word' id='word_1_269' title='bbox 933 2125 1080 2164; x_wconf 92' lang='lat' dir='ltr'>nullum</span> <span class='ocrx_word' id='word_1_270' title='bbox 1099 2131 1214 2177; x_wconf 87' lang='lat' dir='ltr'>caput</span> <span class='ocrx_word' id='word_1_271' title='bbox 1237 2123 1557 2176; x_wconf 86' lang='lat' dir='ltr'>praetermissum</span> <span class='ocrx_word' id='word_1_272' title='bbox 1581 2130 1657 2172; x_wconf 86' lang='lat' dir='ltr'>est,</span> 
     </span>
     <span class='ocr_line' id='line_1_31' title="bbox 176 2189 1658 2247; baseline -0.003 -14"><span class='ocrx_word' id='word_1_273' title='bbox 176 2193 270 2247; x_wconf 91' lang='lat' dir='ltr'>quin</span> <span class='ocrx_word' id='word_1_274' title='bbox 292 2207 335 2234; x_wconf 90' lang='lat' dir='ltr'>ea</span> <span class='ocrx_word' id='word_1_275' title='bbox 360 2193 582 2247; x_wconf 87' lang='lat' dir='ltr'>scriptura,</span> <span class='ocrx_word' id='word_1_276' title='bbox 616 2207 730 2246; x_wconf 90' lang='lat' dir='ltr'>quam</span> <span class='ocrx_word' id='word_1_277' title='bbox 752 2193 896 2246; x_wconf 84' lang='lat' dir='ltr'>integri</span> <span class='ocrx_word' id='word_1_278' title='bbox 920 2192 1032 2231; x_wconf 88' lang='lat' dir='ltr'>codd.</span> <span class='ocrx_word' id='word_1_279' title='bbox 1057 2197 1343 2239; x_wconf 79' lang='lat' dir='ltr'>seruauerunt⁷</span> <span class='ocrx_word' id='word_1_280' title='bbox 1368 2189 1658 2240; x_wconf 85' lang='lat' dir='ltr'>immutaretur,</span> 
     </span>
     <span class='ocr_line' id='line_1_32' title="bbox 176 2257 1658 2314; baseline -0.003 -13"><span class='ocrx_word' id='word_1_281' title='bbox 176 2261 265 2314; x_wconf 82' lang='lat' dir='ltr'>quia</span> <span class='ocrx_word' id='word_1_282' title='bbox 287 2268 354 2300; x_wconf 84' lang='lat' dir='ltr'>aut</span> <span class='ocrx_word' id='word_1_283' title='bbox 374 2261 560 2301; x_wconf 87' lang='lat' dir='ltr'>mendosa</span> <span class='ocrx_word' id='word_1_284' title='bbox 583 2261 790 2301; x_wconf 87' lang='lat' dir='ltr'>uidebatur</span> <span class='ocrx_word' id='word_1_285' title='bbox 818 2267 886 2299; x_wconf 86' lang='lat' dir='ltr'>aut</span> <span class='ocrx_word' id='word_1_286' title='bbox 916 2259 1046 2298; x_wconf 90' lang='lat' dir='ltr'>minus</span> <span class='ocrx_word' id='word_1_287' title='bbox 1078 2258 1236 2311; x_wconf 88' lang='lat' dir='ltr'>elegans</span> <span class='ocrx_word' id='word_1_288' title='bbox 1259 2264 1325 2297; x_wconf 85' lang='lat' dir='ltr'>aut</span> <span class='ocrx_word' id='word_1_289' title='bbox 1346 2257 1474 2297; x_wconf 90' lang='lat' dir='ltr'>minus</span> <span class='ocrx_word' id='word_1_290' title='bbox 1497 2258 1658 2306; x_wconf 82' lang='lat' dir='ltr'>usitata,</span> 
     </span>
     <span class='ocr_line' id='line_1_33' title="bbox 176 2324 1660 2382; baseline -0.004 -13"><span class='ocrx_word' id='word_1_291' title='bbox 176 2329 344 2382; x_wconf 89' lang='lat' dir='ltr'>denique</span> <span class='ocrx_word' id='word_1_292' title='bbox 366 2329 470 2369; x_wconf 89' lang='lat' dir='ltr'>nulla</span> <span class='ocrx_word' id='word_1_293' title='bbox 493 2329 699 2382; x_wconf 85' lang='lat' dir='ltr'>perspicua</span> <span class='ocrx_word' id='word_1_294' title='bbox 720 2328 767 2368; x_wconf 92' lang='lat' dir='ltr'>de</span> <span class='ocrx_word' id='word_1_295' title='bbox 790 2340 924 2367; x_wconf 85' lang='lat' dir='ltr'>causa.</span> <span class='ocrx_word' id='word_1_296' title='bbox 985 2324 1081 2365; x_wconf 82' lang='lat' dir='ltr'>Non</span> <span class='ocrx_word' id='word_1_297' title='bbox 1114 2340 1236 2379; x_wconf 85' lang='lat' dir='ltr'>pauca</span> <span class='ocrx_word' id='word_1_298' title='bbox 1266 2339 1316 2365; x_wconf 78' lang='lat' dir='ltr'>ex</span> <span class='ocrx_word' id='word_1_299' title='bbox 1349 2340 1394 2365; x_wconf 90' lang='lat' dir='ltr'>eo</span> <span class='ocrx_word' id='word_1_300' title='bbox 1418 2338 1570 2378; x_wconf 90' lang='lat' dir='ltr'>quoque</span> <span class='ocrx_word' id='word_1_301' title='bbox 1592 2337 1660 2378; x_wconf 88' lang='lat' dir='ltr'>ge-</span> 
     </span>
     <span class='ocr_line' id='line_1_34' title="bbox 176 2392 1660 2449; baseline -0.003 -12"><span class='ocrx_word' id='word_1_302' title='bbox 176 2410 272 2437; x_wconf 88' lang='lat' dir='ltr'>nere</span> <span class='ocrx_word' id='word_1_303' title='bbox 293 2404 408 2447; x_wconf 89' lang='lat' dir='ltr'>sunt,</span> <span class='ocrx_word' id='word_1_304' title='bbox 440 2403 484 2436; x_wconf 92' lang='lat' dir='ltr'>ut</span> <span class='ocrx_word' id='word_1_305' title='bbox 516 2396 739 2449; x_wconf 83' lang='lat' dir='ltr'>explicandi</span> <span class='ocrx_word' id='word_1_306' title='bbox 772 2409 889 2435; x_wconf 88' lang='lat' dir='ltr'>causa</span> <span class='ocrx_word' id='word_1_307' title='bbox 913 2394 1082 2447; x_wconf 88' lang='lat' dir='ltr'>ascripta</span> <span class='ocrx_word' id='word_1_308' title='bbox 1104 2407 1192 2433; x_wconf 89' lang='lat' dir='ltr'>esse</span> <span class='ocrx_word' id='word_1_309' title='bbox 1215 2401 1416 2446; x_wconf 86' lang='lat' dir='ltr'>appareat.</span> <span class='ocrx_word' id='word_1_310' title='bbox 1478 2392 1660 2432; x_wconf 87' lang='lat' dir='ltr'>Audacia</span> 
     </span>
     <span class='ocr_line' id='line_1_35' title="bbox 177 2460 1661 2518; baseline -0.003 -13"><span class='ocrx_word' id='word_1_311' title='bbox 177 2465 331 2518; x_wconf 88' lang='lat' dir='ltr'>quidem</span> <span class='ocrx_word' id='word_1_312' title='bbox 354 2471 460 2504; x_wconf 79' lang='lat' dir='ltr'>lanta</span> <span class='ocrx_word' id='word_1_313' title='bbox 483 2464 749 2517; x_wconf 87' lang='lat' dir='ltr'>conspicitur,</span> <span class='ocrx_word' id='word_1_314' title='bbox 783 2470 826 2502; x_wconf 87' lang='lat' dir='ltr'>ut</span> <span class='ocrx_word' id='word_1_315' title='bbox 858 2462 924 2502; x_wconf 91' lang='lat' dir='ltr'>uel</span> <span class='ocrx_word' id='word_1_316' title='bbox 955 2461 1109 2502; x_wconf 90' lang='lat' dir='ltr'>numeri</span> <span class='ocrx_word' id='word_1_317' title='bbox 1137 2461 1335 2515; x_wconf 83' lang='lat' dir='ltr'>legionum</span> <span class='ocrx_word' id='word_1_318' title='bbox 1367 2460 1661 2514; x_wconf 83' lang='lat' dir='ltr'>spatiorumque</span> 
     </span>
     <span class='ocr_line' id='line_1_36' title="bbox 176 2527 1662 2586; baseline -0.005 -13"><span class='ocrx_word' id='word_1_319' title='bbox 176 2546 307 2573; x_wconf 86' lang='lat' dir='ltr'>rerum</span> <span class='ocrx_word' id='word_1_320' title='bbox 330 2539 447 2586; x_wconf 84' lang='lat' dir='ltr'>atque</span> <span class='ocrx_word' id='word_1_321' title='bbox 468 2532 645 2572; x_wconf 90' lang='lat' dir='ltr'>locorum</span> <span class='ocrx_word' id='word_1_322' title='bbox 668 2531 809 2571; x_wconf 84' lang='lat' dir='ltr'>adiecti</span> <span class='ocrx_word' id='word_1_323' title='bbox 831 2530 924 2570; x_wconf 85' lang='lat' dir='ltr'>sint.</span> <span class='ocrx_word' id='word_1_324' title='bbox 986 2528 1136 2568; x_wconf 87' lang='lat' dir='ltr'>Harum</span> <span class='ocrx_word' id='word_1_325' title='bbox 1169 2542 1301 2568; x_wconf 87' lang='lat' dir='ltr'>rerum</span> <span class='ocrx_word' id='word_1_326' title='bbox 1337 2529 1517 2580; x_wconf 82' lang='lat' dir='ltr'>exempla</span> <span class='ocrx_word' id='word_1_327' title='bbox 1539 2527 1662 2567; x_wconf 88' lang='lat' dir='ltr'>ascri-</span> 
     </span>
     <span class='ocr_line' id='line_1_37' title="bbox 176 2595 1660 2654; baseline -0.004 -15"><span class='ocrx_word' id='word_1_328' title='bbox 176 2599 271 2641; x_wconf 90' lang='lat' dir='ltr'>bere</span> <span class='ocrx_word' id='word_1_329' title='bbox 293 2613 630 2654; x_wconf 88' lang='lat' dir='ltr'>superuacaneum</span> <span class='ocrx_word' id='word_1_330' title='bbox 653 2606 729 2646; x_wconf 90' lang='lat' dir='ltr'>est,</span> <span class='ocrx_word' id='word_1_331' title='bbox 754 2613 838 2638; x_wconf 88' lang='lat' dir='ltr'>cum</span> <span class='ocrx_word' id='word_1_332' title='bbox 863 2598 959 2637; x_wconf 91' lang='lat' dir='ltr'>adeo</span> <span class='ocrx_word' id='word_1_333' title='bbox 982 2597 1062 2637; x_wconf 91' lang='lat' dir='ltr'>sint</span> <span class='ocrx_word' id='word_1_334' title='bbox 1084 2596 1320 2649; x_wconf 82' lang='lat' dir='ltr'>frequentia,</span> <span class='ocrx_word' id='word_1_335' title='bbox 1346 2603 1387 2635; x_wconf 90' lang='lat' dir='ltr'>ut</span> <span class='ocrx_word' id='word_1_336' title='bbox 1402 2595 1502 2635; x_wconf 84' lang='lat' dir='ltr'>ratio</span> <span class='ocrx_word' id='word_1_337' title='bbox 1524 2595 1660 2634; x_wconf 86' lang='lat' dir='ltr'>horum</span> 
     </span>
     <span class='ocr_line' id='line_1_38' title="bbox 178 2661 1662 2721; baseline -0.003 -14"><span class='ocrx_word' id='word_1_338' title='bbox 178 2667 290 2707; x_wconf 91' lang='lat' dir='ltr'>codd.</span> <span class='ocrx_word' id='word_1_339' title='bbox 324 2667 364 2708; x_wconf 89' lang='lat' dir='ltr'>in</span> <span class='ocrx_word' id='word_1_340' title='bbox 396 2681 636 2721; x_wconf 86' lang='lat' dir='ltr'>quacumque</span> <span class='ocrx_word' id='word_1_341' title='bbox 668 2673 777 2720; x_wconf 83' lang='lat' dir='ltr'>parte</span> <span class='ocrx_word' id='word_1_342' title='bbox 808 2666 997 2705; x_wconf 84' lang='lat' dir='ltr'>librorum</span> <span class='ocrx_word' id='word_1_343' title='bbox 1031 2665 1076 2703; x_wconf 89' lang='lat' dir='ltr'>de</span> <span class='ocrx_word' id='word_1_344' title='bbox 1107 2664 1146 2703; x_wconf 92' lang='lat' dir='ltr'>h.</span> <span class='ocrx_word' id='word_1_345' title='bbox 1173 2661 1277 2703; x_wconf 83' lang='lat' dir='ltr'>Gall.</span> <span class='ocrx_word' id='word_1_346' title='bbox 1313 2663 1465 2703; x_wconf 81' lang='lat' dir='ltr'>collatis</span> <span class='ocrx_word' id='word_1_347' title='bbox 1489 2662 1601 2702; x_wconf 82' lang='lat' dir='ltr'>liuius</span> <span class='ocrx_word' id='word_1_348' title='bbox 1625 2669 1662 2702; x_wconf 86' lang='lat' dir='ltr'>et</span> 
     </span>
     <span class='ocr_line' id='line_1_39' title="bbox 177 2729 1663 2790; baseline -0.004 -15"><span class='ocrx_word' id='word_1_349' title='bbox 177 2734 340 2775; x_wconf 82' lang='lat' dir='ltr'>alterius</span> <span class='ocrx_word' id='word_1_350' title='bbox 361 2736 520 2790; x_wconf 88' lang='lat' dir='ltr'>generis</span> <span class='ocrx_word' id='word_1_351' title='bbox 543 2735 749 2788; x_wconf 88' lang='lat' dir='ltr'>scripturis</span> <span class='ocrx_word' id='word_1_352' title='bbox 772 2733 957 2773; x_wconf 85' lang='lat' dir='ltr'>facillime</span> <span class='ocrx_word' id='word_1_353' title='bbox 988 2731 1174 2784; x_wconf 86' lang='lat' dir='ltr'>cognosci</span> <span class='ocrx_word' id='word_1_354' title='bbox 1205 2738 1336 2784; x_wconf 81' lang='lat' dir='ltr'>queat.</span> <span class='ocrx_word' id='word_1_355' title='bbox 1397 2729 1547 2770; x_wconf 84' lang='lat' dir='ltr'>Partim</span> <span class='ocrx_word' id='word_1_356' title='bbox 1579 2730 1663 2782; x_wconf 92' lang='lat' dir='ltr'>qui-</span> 
     </span>
     <span class='ocr_line' id='line_1_40' title="bbox 180 2798 1662 2856; baseline -0.005 -13"><span class='ocrx_word' id='word_1_357' title='bbox 180 2802 266 2843; x_wconf 90' lang='lat' dir='ltr'>dem</span> <span class='ocrx_word' id='word_1_358' title='bbox 286 2802 400 2843; x_wconf 92' lang='lat' dir='ltr'>huius</span> <span class='ocrx_word' id='word_1_359' title='bbox 423 2801 709 2856; x_wconf 88' lang='lat' dir='ltr'>discrepantiae</span> <span class='ocrx_word' id='word_1_360' title='bbox 739 2802 816 2841; x_wconf 90' lang='lat' dir='ltr'>iam</span> <span class='ocrx_word' id='word_1_361' title='bbox 844 2800 885 2840; x_wconf 93' lang='lat' dir='ltr'>in</span> <span class='ocrx_word' id='word_1_362' title='bbox 916 2799 1049 2840; x_wconf 87' lang='lat' dir='ltr'>codice</span> <span class='ocrx_word' id='word_1_363' title='bbox 1071 2799 1285 2853; x_wconf 78' lang='lat' dir='ltr'>archetypo</span> <span class='ocrx_word' id='word_1_364' title='bbox 1309 2799 1430 2838; x_wconf 86' lang='lat' dir='ltr'>fuisse</span> <span class='ocrx_word' id='word_1_365' title='bbox 1452 2798 1662 2851; x_wconf 87' lang='lat' dir='ltr'>ascriptam</span> 
     </span>
     <span class='ocr_line' id='line_1_41' title="bbox 181 2865 1662 2924; baseline -0.004 -13"><span class='ocrx_word' id='word_1_366' title='bbox 181 2876 220 2911; x_wconf 85' lang='lat' dir='ltr'>et</span> <span class='ocrx_word' id='word_1_367' title='bbox 240 2883 263 2910; x_wconf 88' lang='lat' dir='ltr'>a</span> <span class='ocrx_word' id='word_1_368' title='bbox 283 2869 472 2924; x_wconf 88' lang='lat' dir='ltr'>scriptore</span> <span class='ocrx_word' id='word_1_369' title='bbox 495 2869 640 2911; x_wconf 87' lang='lat' dir='ltr'>codicis</span> <span class='ocrx_word' id='word_1_370' title='bbox 661 2869 907 2923; x_wconf 85' lang='lat' dir='ltr'>integrorum</span> <span class='ocrx_word' id='word_1_371' title='bbox 929 2866 1115 2921; x_wconf 90' lang='lat' dir='ltr'>principis</span> <span class='ocrx_word' id='word_1_372' title='bbox 1131 2895 1141 2914; x_wconf 88' lang='lat'>,</span> <span class='ocrx_word' id='word_1_373' title='bbox 1172 2879 1258 2906; x_wconf 89' lang='lat' dir='ltr'>cum</span> <span class='ocrx_word' id='word_1_374' title='bbox 1290 2879 1336 2907; x_wconf 87' lang='lat' dir='ltr'>ea</span> <span class='ocrx_word' id='word_1_375' title='bbox 1357 2873 1509 2907; x_wconf 85' lang='lat' dir='ltr'>tantum</span> <span class='ocrx_word' id='word_1_376' title='bbox 1530 2865 1662 2906; x_wconf 79' lang='lat' dir='ltr'>excri-</span> 
     </span>
    </p>
   </div>
  </div>
 </body>
</html>
