1835 3240
698 161 1123 202 —236—

166 274 222 317 Et
242 289 292 317 ne
314 289 336 316 a
356 274 828 330 proximisquidemidem
850 276 965 315 homo
988 290 1031 317 se
1047 277 1250 318 abstinuit.
1288 276 1405 318 ‘Cum
1418 278 1656 332 peditesleui

168 351 367 385 armatura
399 342 490 385 lecti
518 343 566 383 ad
598 356 766 396 pugnam
790 343 984 396 equitibus
1008 345 1154 386 nostris
1178 346 1503 399 necopinantibus
1525 347 1658 387 uenis-

169 419 281 461 sent,
315 412 432 462 idque
460 411 500 451 in
532 411 680 464 proelio
713 410 1028 452 animaduersum
1052 419 1182 461 esset,
1213 413 1432 466 complures
1465 428 1516 454 ex
1549 415 1658 467 equis

170 481 470 520 descenderunt.
514 477 574 518 Ita
603 478 747 531 exiguo
770 486 947 532 tempore
970 494 1088 533 eques
1111 481 1308 533 pedestre,
1334 481 1452 533 pedes
1475 489 1659 534 equestre

171 548 360 602 proelium
385 548 514 586 facere
536 546 675 599 coepit'
698 553 789 586 cett.
836 544 934 587 Cum
958 548 1108 600 equites
1132 545 1364 587 Caesariani
1389 562 1441 587 ex
1463 549 1572 601 equis
1596 551 1660 588 de-

171 615 441 663 scendissent,
466 627 561 653 saue
583 613 722 662 fiebat,
750 621 791 654 ut
812 615 838 654 ii
862 615 1042 668 pedestre
1064 616 1253 669 proelium
1276 616 1476 663 facerent,
1511 617 1661 669 pedites

172 683 325 736 quidem
350 682 542 734 quomodo
566 688 749 736 equestre
772 684 961 736 proelium
985 684 1165 733 fecerint,
1190 684 1301 736 plane
1317 683 1492 737 intellegi
1510 684 1658 736 nequit.

172 749 307 790 Verba
341 750 479 802 ‘pedes
511 748 714 801 equestre'
738 764 860 803 aeque
894 751 1024 805 inepte
1056 751 1292 805 interpolata
1324 759 1439 801 sunt,
1473 759 1590 805 atque
1620 751 1661 790 b.

172 817 261 857 Afr.
290 815 356 864 59,
382 816 423 866 2,
450 830 534 856 cum
558 823 697 857 auctor
718 819 882 858 mediam
903 819 1025 859 aciem
1048 819 1261 873 simplicem
1284 819 1408 859 uisam
1432 833 1519 859 esse
1541 819 1664 860 dixis-

173 892 249 936 set,
275 884 465 937 magister
485 884 526 924 in
548 885 731 925 cornibus
747 886 936 939 duplicem
953 887 1220 927 existimatam
1235 900 1323 926 esse
1337 887 1492 927 adiecit.

289 950 339 992 C.
366 951 434 1003 16,
457 952 484 993 2
507 953 601 992 haec
624 953 664 992 in
686 954 798 994 codd.
816 955 1027 1009 leguntur:
1056 953 1131 995 ‘Ita
1153 955 1244 1007 igne
1267 956 1514 1007 telorumque
1536 954 1666 994 multi-

175 1020 308 1060 tudine
347 1020 451 1060 iacta
488 1035 574 1061 cum
611 1020 712 1061 bene
752 1036 933 1077 magnam
971 1030 1123 1076 partem
1163 1023 1262 1062 muri
1296 1022 1663 1076 consumpsissent’.

175 1085 252 1126 Hic
273 1101 407 1127 murus
430 1089 660 1128 necessario
681 1089 825 1130 uallum
849 1088 1037 1131 Caesaris
1053 1122 1063 1140 ,
1096 1106 1170 1145 quo
1202 1090 1442 1131 circumdata
1464 1097 1549 1130 erat
1570 1089 1669 1130 Ate-

176 1168 277 1207 gua,
312 1156 385 1195 diei
417 1159 704 1200 existimandus
737 1167 857 1201 esset.
905 1157 944 1199 Is
976 1173 1069 1199 uero
1099 1173 1226 1212 neque
1250 1173 1318 1212 per
1339 1173 1381 1199 se
1402 1166 1511 1199 recte
1534 1172 1669 1198 murus

178 1223 409 1276 appellatur,
436 1233 474 1266 et
497 1227 558 1266 hic
581 1240 627 1267 eo
649 1228 776 1267 minus
799 1228 834 1267 id
857 1242 878 1267 a
901 1227 1092 1279 scriptore
1106 1228 1249 1266 sactum
1273 1240 1360 1267 esse
1383 1226 1569 1267 credibile
1592 1234 1668 1276 est,

178 1291 280 1342 quod
311 1293 454 1332 uallum
489 1302 628 1334 contra
658 1310 809 1335 murum
844 1295 972 1348 oppidi
1004 1301 1197 1333 structum
1231 1301 1329 1333 erat.
1384 1291 1520 1345 Itaque
1545 1293 1671 1333 ‘bene

177 1372 359 1411 magnam
382 1368 531 1414 partem
554 1363 754 1416 temporis*
778 1362 907 1416 posui.
952 1360 1106 1401 Similia
1127 1362 1315 1413 leguntur
1333 1375 1367 1399 c.
1389 1360 1453 1410 12,
1478 1359 1504 1399 4
1526 1361 1672 1415 ‘ignem

177 1425 341 1466 multum
374 1427 620 1482 telorumque
652 1430 940 1469 multitudinem
969 1428 1153 1468 iactando
1185 1428 1286 1468 bene
1316 1442 1498 1481 magnum
1522 1436 1672 1482 tempus

179 1496 537 1549 consumpserunt'.
570 1496 638 1537 Ex
663 1503 672 1521 ⁶
688 1496 896 1551 temporis'
920 1497 1065 1536 factum
1088 1503 1149 1536 est
1173 1496 1320 1546 ‘muri’,
1345 1510 1429 1536 cum
1457 1497 1675 1550 ‘tempuris'

180 1562 370 1616 scriptum
399 1572 531 1615 esset,
568 1574 607 1606 et
639 1565 824 1606 librarius
857 1566 1020 1606 alteram
1053 1571 1205 1618 partem
1237 1564 1457 1618 superioris
1494 1564 1675 1605 uocabuli

178 1630 327 1671 iterare
349 1633 611 1686 neglexisset.
646 1631 861 1674 Contrario
885 1647 1022 1673 errore
1044 1632 1143 1685 apud
1163 1631 1262 1671 Tac.
1288 1645 1380 1671 ann.
1406 1631 1479 1681 IV,
1506 1632 1557 1672 13
1579 1632 1676 1672 scri-

180 1705 288 1751 ptum
311 1706 371 1739 est
395 1701 460 1740 ‘ob
483 1702 734 1742 atrocitatem
757 1699 1006 1754 temporum',
1041 1714 1127 1739 cum
1150 1699 1313 1739 deberet
1337 1699 1401 1739 ‘ob
1423 1699 1675 1739 atrocitatem

180 1766 362 1815 morum',
388 1774 431 1807 ut
451 1775 560 1809 recte
583 1768 743 1823 Lipsius
766 1769 1005 1810 emcndauit.

296 1832 526 1876 Orationem
559 1836 682 1877 Tullii
713 1837 856 1890 legati,
888 1850 984 1890 quae
1017 1850 1053 1876 c.
1083 1834 1135 1875 17
1166 1835 1335 1889 legitur,
1370 1836 1427 1875 sic
1460 1834 1672 1875 constitui:

185 1902 362 1944 ‘Vtinam
394 1905 546 1957 quidem
577 1904 630 1944 dii
668 1905 912 1945 immortales
944 1904 1156 1951 fecissent,
1202 1910 1245 1943 ut
1278 1911 1367 1943 tuus
1399 1903 1528 1956 potius
1564 1903 1676 1943 miles

181 1985 297 2023 quam
327 1969 404 2011 Cn,
428 1971 604 2026 Pompeii
638 1973 764 2012 factus
796 1986 926 2013 essem
961 1980 999 2012 et
1032 1972 1130 2011 hanc
1161 1972 1319 2012 uirtutis
1351 1971 1616 2011 constantiam
1636 1971 1678 2010 in

183 2046 251 2080 tua
272 2040 456 2090 uictoria,
482 2055 560 2080 uon
583 2040 621 2080 in
652 2041 758 2081 illius
781 2039 1005 2080 calamitate
1029 2046 1289 2092 praestarem.
1341 2037 1464 2079 Cuius
1499 2040 1678 2079 funestae

183 2108 320 2149 laudes
343 2109 525 2162 quoniam
548 2108 596 2148 ad
618 2108 717 2149 hanc
739 2109 939 2148 fortunam
960 2107 1204 2157 reciderunt,
1229 2113 1274 2146 ut
1295 2105 1403 2146 ciues
1426 2106 1596 2146 Romani
1618 2107 1679 2147 in-

185 2176 362 2230 digentes
392 2177 578 2230 praesidii
603 2206 750 2217 ......
783 2183 822 2216 et
853 2182 1013 2230 propter
1040 2175 1190 2228 patriae
1221 2175 1440 2214 luctuosam
1463 2173 1677 2226 perniciem

180 2244 363 2284 dedimur
385 2244 552 2284 hostium
577 2257 756 2293 numero,
782 2244 847 2296 qui
871 2257 996 2296 neque
1018 2243 1058 2283 in
1079 2242 1183 2283 illius
1207 2255 1395 2295 prospera
1419 2241 1502 2281 acie
1515 2240 1680 2294 primam

184 2312 410 2362 fortunam,
446 2325 573 2364 neque
603 2312 644 2351 in
675 2312 845 2351 aduersa
877 2311 1091 2351 secundam
1124 2309 1364 2349 obtinuimus
1399 2307 1675 2363 [uictoriam]'.

183 2377 261 2419 ,Hic
283 2380 332 2419 iis
347 2410 357 2429 ,
394 2380 533 2435 quibus
556 2380 643 2432 ipsa
665 2379 778 2419 codd.
803 2378 998 2432 scriptura
1021 2391 1100 2417 non
1123 2375 1406 2417 demonstrabit
1437 2382 1525 2429 post
1557 2376 1680 2416 uerba

185 2447 426 2500 §indigentes
449 2448 649 2502 praesidii’
670 2448 860 2500 quaedam
883 2447 1046 2496 deesse,
1080 2445 1213 2486 uerbis
1245 2444 1482 2498 persuadere
1515 2458 1594 2483 non
1615 2457 1682 2483 eo-

184 2515 326 2557 nabor.
362 2513 442 2556 Sed
467 2516 702 2556 ‘uictoriam'
723 2516 812 2555 ideo
836 2514 1038 2556 delendam
1060 2512 1296 2566 significaui,
1322 2512 1423 2564 quod
1436 2510 1682 2565 ineptissime

180 2581 356 2632 Tullius,
383 2597 469 2623 cum
491 2592 638 2638 partes,
664 2598 760 2637 quas
783 2590 941 2623 secutus
964 2589 1066 2632 erat,
1092 2582 1360 2629 uincerentur,
1386 2579 1459 2619 sibi
1478 2579 1682 2620 uictoriam

184 2651 419 2704 contingere
440 2652 652 2705 flagitaret.
688 2649 881 2703 Queritur
901 2650 983 2700 ille,
1010 2650 1125 2704 quod,
1152 2663 1239 2688 cum
1261 2647 1379 2688 rebus
1392 2645 1570 2701 Pompeii
1591 2660 1682 2701 pro-

189 2732 303 2772 spere
325 2719 531 2760 fluentibus
564 2720 649 2774 ipse
671 2727 711 2760 et
740 2720 847 2759 ciues
870 2718 932 2758 sui
955 2718 1120 2771 primum
1143 2717 1269 2757 locum
1283 2716 1434 2771 gratiae
1453 2716 1554 2769 apud
1567 2713 1683 2755 Pom-

188 2787 318 2840 peium
341 2802 419 2828 non
441 2789 689 2839 tenuissent,
712 2788 752 2828 in
775 2787 942 2827 aduersa
965 2786 1123 2826 fortuna
1144 2800 1222 2826 non
1245 2784 1440 2826 secundus
1461 2783 1587 2832 locus,
1612 2783 1685 2822 hoc

190 2862 252 2896 est
282 2856 474 2897 remotior
503 2871 526 2897 a
557 2856 743 2911 periculis
772 2856 820 2896 iis
852 2855 1119 2905 tribueretur,
1153 2854 1222 2894 sed
1244 2852 1396 2894 obsessi
1417 2851 1610 2892 maximas
1634 2863 1685 2890 ex
