1835 3240
129 559 147 589 01

106 895 145 928 10

109 1234 147 1266 15

581 164 763 207 COMM.
788 164 848 205 111
870 162 994 205 CAP.
1020 162 1165 204 3—6.
1653 165 1734 207 565

177 283 356 335 liquerat,
380 277 590 331 Pompeius
613 279 715 319 {ilius
738 293 825 319 eum
848 278 976 318 classe
999 277 1243 325 adduxerat,
1271 283 1380 315 DCCC
1405 290 1454 316 ex
1477 280 1505 330 ΛΓ
1527 280 1654 319 seruis

177 349 256 389 suis
279 353 556 400 pastorumque
580 361 739 386 suornm
763 352 972 399 coegerat,
1007 352 1086 384 CCC
1116 342 1409 383 Tarcondarius
1443 342 1588 384 Castor
1619 354 1657 386 et
1680 347 1703 386 5

175 415 395 456 Donnilaus
428 428 480 454 ex
512 412 789 469 Gallograecia
819 415 1010 453 dederant
1043 412 1197 463 (horum
1230 411 1332 451 alter
1362 425 1440 450 una
1474 421 1653 461 uenerat,

174 483 276 522 alter
307 481 426 521 filium
458 482 661 533 miserat),
696 489 748 520 CC
781 495 830 520 ex
856 479 971 534 Syria
1005 495 1025 519 a
1049 478 1316 532 Commageno
1340 479 1560 528 Antiocho,
1597 481 1657 519 cui

180 563 318 603 inagna
342 548 549 603 Pompeius
573 550 741 602 praemia
766 549 914 597 tribuit,
942 548 1051 587 missi
1074 554 1211 596 erant,
1234 535 1275 586 in
1300 547 1357 586 his
1382 546 1556 599 plerique
1578 548 1659 600 hip-

176 625 406 670 potoxotae.
460 615 549 656 [Ine
572 615 804 665 Dardanos,
843 614 990 655 Bessos
1024 615 1162 669 partim
1195 615 1485 663 mercenarios,
1522 616 1659 667 partim
1682 614 1708 654 6

174 685 338 738 imperio
361 692 428 724 aut
449 684 577 738 gratia
601 691 861 736 comparatos,
888 684 979 722 item
1003 681 1263 731 Macedones,
1292 681 1507 722 Thessalos
1530 697 1576 722 ae
1599 697 1660 724 re-

179 753 372 805 liquarum
395 753 569 805 gentium
604 759 642 792 et
664 751 867 791 ciuitatum
891 751 1091 790 adiecerat
1112 757 1228 802 atque
1250 764 1336 789 enni
1352 780 1362 799 ,
1397 765 1509 803 quem
1542 764 1660 804 supra

177 821 532 860 den-nonstrauimus
548 851 558 869 ,
592 833 794 859 numerum
827 819 1075 872 expleuerat.
1120 816 1323 857 Frumenti
1348 818 1423 858 uim
1447 819 1657 859 maximam
1681 819 1707 864 5

178 902 229 928 ex
252 887 477 935 Thessalia,
503 887 616 934 Asia,
641 886 840 941 Aegypto,
872 884 1010 935 Creta,
1037 882 1207 939 Cyrenis
1230 886 1468 939 reliquisque
1488 887 1661 939 regioni-

178 956 250 996 bus
275 962 588 1009 comparauerat.
632 954 819 994 Hiemare
842 953 1106 1008 Dyrrhachii,
1140 953 1374 1005 Apolloniae
1405 954 1662 1008 omnibusque
1683 954 1711 995 2

179 1023 328 1076 oppidis
351 1023 556 1062 maritimis
581 1023 867 1071 constituerat,
901 1028 942 1061 ut
970 1035 1080 1061 mare
1104 1021 1272 1061 transire
1296 1019 1508 1061 Caesarem
1533 1023 1663 1076 prohi-

178 1090 315 1140 beret,
350 1090 512 1143 eiusque
535 1090 592 1130 rei
616 1104 731 1130 eausa
757 1090 859 1129 omni
884 1104 953 1130 ora
976 1089 1182 1129 marituma
1207 1089 1373 1128 classem
1397 1090 1659 1143 disposuerat.

177 1157 370 1199 Praeerat
392 1158 600 1212 Aegyptiis
624 1158 788 1198 nauibus
811 1156 1025 1212 Pompeius
1050 1158 1172 1205 lilius,
1206 1156 1398 1196 Asiaticis
1421 1155 1474 1197 D.
1503 1156 1663 1197 Laelius
1688 1158 1712 1197 3

181 1233 220 1266 et
242 1224 290 1266 C.
316 1225 522 1275 Triarius,
559 1224 737 1280 Syriacis
761 1223 808 1266 C.
837 1224 1001 1265 Cassius
1018 1256 1027 1272 ,
1062 1224 1229 1265 Rhodiis
1255 1224 1303 1265 C.
1328 1223 1546 1265 Marcellus
1578 1240 1665 1266 cum

183 1292 233 1334 C.
260 1292 456 1347 Coponio,
480 1292 720 1334 Liburnicae
743 1302 859 1347 atque
883 1293 1083 1334 Achaicae
1107 1294 1220 1333 classi
1246 1292 1478 1334 Scribonius
1502 1292 1603 1333 Libo
1628 1300 1667 1333 et

181 1359 241 1400 Μ.
268 1360 473 1402 Octauius.
518 1361 613 1401 Toti
645 1369 774 1402 tamen
806 1363 930 1402 officio
961 1362 1168 1401 maritnmo
1191 1359 1250 1400 Μ.
1276 1359 1441 1401 Bibulus
1467 1362 1666 1416 praeposi-
1688 1362 1713 1400 4

185 1436 246 1469 tus
270 1436 410 1469 cuncta
433 1430 752 1470 administrabat:
779 1431 825 1470 ad
850 1431 949 1470 hunc
973 1444 1123 1469 summa
1144 1430 1294 1483 imperii
1319 1430 1569 1483 respiciebat.

297 1494 464 1546 Caesar,
492 1504 533 1537 ut
554 1497 807 1538 Brundisium
830 1499 953 1547 uenit,
981 1499 1229 1538 contionatus
1253 1498 1351 1551 apud
1377 1498 1543 1547 milites,
1570 1512 1664 1551 quo-
1687 1498 1714 1541 (i

182 1565 283 1604 ulam
307 1580 426 1620 prope
449 1567 496 1605 ad
518 1567 631 1606 linem
656 1567 831 1606 laborum
856 1582 900 1606 ac
926 1566 1186 1619 periculorum
1202 1573 1309 1606 esset
1331 1573 1575 1619 peruentum,
1602 1580 1667 1605 ae-

184 1647 258 1685 quo
280 1633 409 1673 animo
433 1635 625 1687 mancipia
648 1642 762 1687 atque
786 1636 1058 1688 impedimenta
1080 1634 1120 1673 in
1141 1632 1255 1674 Italia
1278 1634 1570 1686 relinquerent,
1595 1634 1666 1687 ipsi

180 1701 354 1754 expediti
379 1715 501 1741 naues
525 1703 834 1742 conscenderent
854 1733 863 1752 ,
896 1717 969 1755 quo
994 1702 1118 1742 maior
1140 1716 1327 1741 numerus
1349 1702 1513 1741 militum
1538 1708 1671 1754 posset

181 1768 352 1821 imponi,
392 1770 599 1823 omniaque
632 1784 685 1810 ex
715 1771 881 1810 uictoria
915 1777 954 1810 et
986 1784 1038 1810 ex
1068 1785 1139 1810 sua
1170 1770 1410 1810 liberalitate
1442 1777 1666 1823 sperarent,

184 1837 522 1878 conclamantibus
546 1839 742 1887 omnibus,
767 1839 994 1893 imperaret,
1021 1839 1120 1892 quod
1145 1839 1283 1885 uellet,
1309 1838 1578 1891 quodcumque
1601 1838 1670 1877 im-
1691 1837 1719 1876 2

184 1904 420 1956 perauissct,
447 1919 488 1945 se
511 1921 635 1959 aequo
659 1907 788 1946 animo
804 1922 892 1947 esse
917 1909 1105 1956 facturos,
1132 1906 1280 1946 IINon.
1298 1905 1382 1946 lan.
1400 1920 1521 1946 naues
1535 1906 1666 1945 soluit.

185 1969 396 2025 lmpositae
413 2004 422 2022 ,
460 1981 499 2013 ut
529 1989 647 2027 snpra
679 1975 988 2015 demonstratum
1023 1983 1083 2015 est
1098 2006 1108 2025 ,
1142 1975 1318 2030 legiones
1351 1981 1409 2013 VI.
1472 1972 1671 2014 Postridie

333 2042 343 2073 l
369 2053 447 2073 occe
466 2054 486 2074 α
500 2054 534 2073 c:
556 2054 648 2083 nccc,
671 2055 754 2085 qnos
774 2055 807 2075 a.
949 2055 988 2075 ex
1008 2044 1031 2086 -Χ-
1052 2045 1162 2075 seruis
1181 2048 1262 2075 cett.
1285 2045 1321 2075 P.
1349 2045 1422 2075 158.
1560 2044 1579 2077 2
1596 2053 1672 2073 sua—

186 2102 256 2122 rum
278 2103 310 2123 α.
496 2093 513 2124 3
533 2093 720 2125 Donnilaus
740 2098 803 2125 (ml
824 2094 1020 2125 Domnilaus
1043 2098 1138 2126 ‘ms-s,
1160 2094 1269 2136 qcldf,
1291 2095 1486 2125 Domnilaus·
1507 2092 1674 2132 (1,·Doni-

186 2146 261 2176 laus
282 2156 313 2176 11.
481 2146 698 2187 Gallogrecia
719 2158 752 2178 a.
932 2148 950 2178 4
971 2147 1195 2186 Commageno
1217 2146 1338 2186 ‘'iess.',
1361 2147 1549 2186 Comageuo
1570 2146 1620 2186 (a)
1637 2156 1669 2176 ιι.

328 2197 453 2228 Anthio
465 2209 496 2229 α.
641 2201 657 2230 Ξ)
671 2199 849 2240 Pompeius
869 2200 1020 2241 praemia
1040 2210 1073 2238 (ι,
1096 2199 1244 2241 praemia
1257 2199 1434 2240 Pompeius
1448 2198 1526 2229 edd.

188 2246 206 2277 ὃ
226 2247 342 2279 Bissos
361 2259 394 2280 α.
538 2251 792 2281 mercennarios
811 2261 844 2281 a.
987 2251 1003 2282 7
1018 2250 1222 2281 Macedones
1242 2260 1263 2281 a
1279 2250 1581 2292 ‘mSS.l)l07·1'q1le',
1603 2248 1674 2281 Ma-

188 2298 337 2330 cedonas
358 2310 391 2330 u.
560 2301 598 2333 10
616 2300 775 2332 Thi-,salia
798 2311 830 2331 a.
986 2300 1129 2343 Aegipto
1149 2311 1181 2333 a.
1342 2300 1475 2332 Cirenis
1494 2311 1528 2331 α.

191 2350 226 2382 ll
249 2351 409 2393 hyemare
429 2362 462 2383 α.
628 2353 833 2395 Dyrrhachii
853 2352 1078 2393 Stephanum
1100 2353 1325 2395 Dyrrachium
1347 2353 1378 2392 b,
1399 2351 1607 2395 Dyrachiuin
1627 2362 1670 2391 α,-

190 2400 376 2442 Dyrrachio
397 2403 553 2434 ‘celcl¹1''.
694 2402 871 2445 Apollonia
892 2415 910 2433 ιι
933 2404 1028 2434 “mssa
1052 2403 1205 2434 cariell'.
1363 2404 1401 2436 12
1423 2402 1570 2434 transire
1589 2402 1674 2433 Cae-

191 2461 300 2483 sarem
319 2464 353 2494 a,
375 2453 557 2486 Caesarem
579 2455 728 2486 transire
750 2455 827 2485 edd.
1001 2455 1037 2487 13
1058 2455 1197 2496 eiusque
1221 2456 1314 2485 ‘msam
1338 2454 1481 2493 ominus}
1503 2454 1576 2485 eius
1596 2454 1646 2493 (a)
1662 2457 1676 2485 Ζ)

190 2502 348 2544 Lipsius.
489 2505 570 2535 hora
590 2515 624 2536 α.
766 2504 946 2536 marituma
966 2514 985 2535 α
1000 2515 1029 2536 e.
1174 2505 1214 2536 11
1232 2505 1399 2546 Aegiptiis
1419 2515 1452 2535 α.
1611 2503 1677 2535 Le-

193 2556 256 2586 lius
275 2566 308 2586 a.
472 2557 511 2588 15
531 2556 680 2588 Trianns
700 2567 733 2587 a.
902 2557 1043 2588 Siriacis
1064 2567 1097 2587 α.
1279 2557 1317 2588 lli
1338 2557 1485 2598 Coponio
1507 2554 1671 2594 l'rsc'nas,

191 2604 371 2646 Pomponio
390 2616 411 2637 a
430 2609 464 2637 et
481 2609 531 2637 ,sic
553 2608 624 2638 ‘nel
642 2607 797 2649 Pompeio
819 2607 915 2638 mss?
1063 2607 1185 2638 classis
1203 2618 1237 2638 a.
1383 2607 1419 2639 17
1441 2609 1620 2638 maritume
1639 2616 1671 2635 ιι.

339 2658 375 2689 ll]
395 2659 550 2699 peruenit
572 2660 602 2690 b.
746 2660 969 2691 concionatus
989 2660 1054 2701 (a).
1192 2660 1235 2695 20
1254 2660 1294 2691 ad
1316 2670 1383 2691 om.
1407 2660 1437 2690 b.
1580 2659 1622 2689 *23
1642 2663 1676 2688 et

192 2718 253 2739 sua
274 2708 304 2739 b.
446 2710 488 2742 24
507 2711 737 2752 quodcumque
758 2712 820 2751 (ai,
843 2722 910 2743 mm
930 2730 974 2733 ——
992 2722 1134 2753 cunque.
1275 2712 1315 2742 25
1329 2721 1402 2743 esse
1415 2722 1482 2743 om.
1499 2710 1529 2740 b.

193 2770 213 2789 lt
233 2769 252 2789 α
275 2758 455 2799 ‘1·el1'qzti',
477 2770 544 2790 om.
566 2771 602 2799 0,-
623 2761 730 2802 pridie
751 2772 784 2792 11.
806 2762 847 2793 P.
871 2762 945 2794 158.
1088 2762 1226 2793 solnunt
1244 2772 1264 2792 a
1280 2762 1338 2794 bc.
1479 2761 1520 2793 26
1541 2759 1676 2800 imposi—

195 2815 248 2841 tae
268 2829 310 2833 —
330 2811 478 2850 legiones
497 2822 517 2841 α
537 2814 582 2852 (is
600 2811 671 2855 leg)
691 2813 748 2852 be,
771 2814 938 2855 impositis
959 2831 1002 2835 -—
1021 2813 1212 2853 legionibus
1232 2824 1267 2844 u.
1481 2822 1513 2843 vi
1534 2820 1608 2852 ege,
1631 2821 1676 2842 vii

196 2863 297 2894 codd.
319 2863 355 2894 P.
380 2863 441 2895 153
457 2864 588 2896 —15t3.
731 2865 920 2908 postpridie
939 2875 960 2896 a
975 2865 1030 2905 be,
1052 2865 1160 2907 pridie
1180 2865 1221 2896 cl.-
