1835 3240
691 176 1118 217 ——125--

160 296 354 337 dationem
378 291 564 346 corrupit.
628 290 739 331 Haec
767 291 889 346 igitur
910 290 1031 331 uerba
1052 290 1108 330 ita
1129 289 1275 344 scripta
1296 299 1410 342 sunt,
1446 299 1555 348 quasi
1577 313 1642 340 su-

159 363 379 418 perioribus
402 367 586 400 accurate
608 359 843 399 declaratum
869 366 999 408 esset,
1034 358 1122 411 quid
1146 356 1270 399 Curio
1301 368 1407 400 esset
1429 364 1639 415 pollicitus.

159 431 313 472 Deinde
335 429 537 482 sequentis
560 428 697 481 capitis
719 427 872 467 initium
905 425 1112 481 ‘Magnum
1136 426 1208 466 hoc
1241 428 1507 469 testimonium
1531 446 1645 473 sena-

157 507 219 539 tus
251 504 337 538 erat
367 496 545 538 uniuersi
584 495 905 548 conueniensque
938 494 1135 547 superiori
1165 494 1285 534 sacto’
1324 502 1417 535 cett.
1452 498 1545 538 nihil
1577 500 1644 540 ha-

155 567 223 606 bet
255 566 295 605 in
326 563 617 618 superioribus,
652 577 728 616 quo
758 563 979 611 reseratur,
1015 577 1102 602 cum
1132 568 1312 602 senatum
1335 561 1524 606 Curionis
1553 580 1643 607 sen-

157 634 321 674 tentiam
344 632 452 686 sequi
475 631 647 671 uoluisse
670 645 748 670 non
760 630 999 670 declaratum
1022 630 1086 670 sit.
1119 627 1162 670 Id
1184 637 1313 670 autem
1334 631 1389 671 ita
1411 632 1533 673 fuisse
1555 635 1644 677 inde

156 701 464 754 intellegendum
487 707 562 748 est,
588 699 690 751 quod
711 698 893 739 consules
916 711 1000 738 rem
1021 697 1190 738 artificio
1214 705 1363 738 tantum
1386 701 1646 744 moderando-

158 783 231 823 que
254 768 487 810 discussisse
509 767 704 807 dicuntur.

272 903 374 946 Cum
396 903 485 943 finis
509 903 640 944 octaui
662 902 752 943 libri
774 903 819 943 de
841 902 943 943 bello
958 901 1110 943 Gallico
1125 902 1304 957 perierit,
1331 905 1545 947 dubitatum
1568 917 1643 958 est,

159 980 289 1013 utrum
312 971 465 1012 Hirtius
495 971 763 1012 narrationem
797 984 917 1024 usque
949 971 997 1011 ad
1019 985 1089 1020 ea,
1124 984 1225 1024 quae
1256 972 1369 1013 hodie
1400 974 1513 1015 initio
1543 991 1647 1017 com-

157 1041 441 1081 mentariorum
463 1040 510 1080 de
530 1039 631 1080 bello
646 1038 753 1079 ciuili
776 1039 977 1092 leguntur,
1002 1040 1271 1093 perduxisset,
1296 1054 1346 1080 an
1369 1043 1485 1082 etiam
1511 1044 1647 1085 horum

157 1109 270 1148 initio
293 1108 481 1161 quaedam
512 1107 724 1161 perissent.
774 1106 906 1160 Atque
928 1108 1000 1148 hoc
1024 1107 1170 1148 Vossio
1195 1115 1233 1148 et
1255 1107 1498 1164 Glandorpio
1521 1112 1648 1153 uisum

158 1184 235 1226 est,
261 1176 351 1229 quia
373 1190 451 1216 non
474 1175 688 1216 credebant
700 1171 915 1215 Caesarem
937 1176 984 1216 ab
1007 1176 1066 1216 his
1089 1176 1240 1216 uerbis:
1268 1175 1448 1218 ‘Litteris
1461 1176 1649 1221 Caesaris

159 1244 385 1284 consulibus
406 1243 568 1284 redditis
591 1256 710 1296 aegre
732 1242 779 1282 ab
802 1243 849 1283 iis
871 1243 1123 1298 impetratum
1146 1251 1207 1284 est
1227 1258 1379 1285 summa
1401 1247 1649 1288 tribunorum

160 1312 281 1364 plebis
304 1311 576 1361 contentione,
600 1318 644 1350 ut
664 1311 704 1350 in
726 1317 866 1350 senatu
887 1311 1180 1362 recitarentur’,
1206 1312 1252 1352 ab
1276 1313 1335 1353 his
1357 1314 1480 1367 igitur
1501 1313 1650 1356 Caesa-

161 1392 241 1418 rem
265 1378 414 1418 initium
439 1380 631 1418 facturum
655 1378 794 1427 fuisse,
819 1378 874 1417 ita
888 1386 930 1418 ut
951 1393 1093 1433 neque,
1119 1381 1370 1433 quamobrem
1393 1383 1567 1423 misisset
1587 1385 1651 1424 lit-

163 1453 284 1493 teras,
310 1460 453 1499 neque,
479 1459 577 1498 quas
600 1444 853 1485 condiciones
875 1445 924 1485 iis
946 1447 1097 1487 senatui
1120 1449 1290 1499 tulisset,
1317 1450 1550 1492 declararet.
1594 1453 1651 1493 At

164 1511 379 1553 Caesarem
411 1527 490 1552 non
522 1520 642 1552 totam
672 1526 828 1552 causam
852 1514 980 1554 ciuilis
1003 1515 1264 1556 dissensionis
1287 1518 1520 1571 exposuisse
1544 1527 1651 1561 octa-

164 1593 235 1619 uus
257 1579 380 1619 Hirtii
402 1580 706 1620 commentarius
730 1581 776 1620 de
797 1581 900 1621 bello
924 1580 1077 1622 Gallico
1100 1583 1230 1632 docet,
1256 1585 1320 1637 qui
1343 1593 1429 1627 acta
1450 1588 1490 1628 in
1513 1588 1585 1630 hac
1607 1603 1651 1630 re

161 1644 306 1687 Seruio
330 1644 507 1700 Sulpicio
523 1678 533 1697 ,
566 1645 627 1686 M.
653 1645 847 1688 Marcello
881 1650 1108 1690 consulibus
1131 1658 1170 1691 et
1193 1653 1321 1692 omnia
1346 1654 1427 1694 fere
1450 1658 1651 1709 sequentis

161 1714 254 1754 anni
276 1721 509 1768 persecutus
542 1721 615 1755 est.
669 1712 752 1754 Iam
785 1723 966 1757 extrema
999 1730 1064 1757 res
1097 1719 1197 1772 apud
1221 1718 1395 1761 Hirtium
1419 1736 1452 1762 c.
1479 1723 1531 1764 55
1555 1726 1650 1766 haec

161 1787 359 1832 narratur,
386 1782 482 1823 duas
504 1782 681 1836 legiones
704 1797 726 1822 a
748 1780 925 1825 Caesare
946 1786 1134 1826 remissas
1157 1785 1289 1841 perC.
1313 1787 1547 1831 Marcellum
1572 1789 1649 1833 Cn.

160 1847 348 1903 Pompeio
370 1850 533 1891 traditas
557 1857 673 1904 atque
694 1851 735 1892 in
757 1849 873 1892 Italia
895 1861 1073 1894 retentas
1097 1868 1200 1895 esse.
1265 1855 1349 1897 Hoc
1379 1865 1509 1899 autem
1541 1861 1653 1901 exitu

163 1917 270 1965 anni,
296 1931 370 1970 quo
392 1915 446 1958 L.
469 1916 650 1968 Paullus,
676 1916 726 1959 C.
752 1918 968 1962 Marcellus
991 1922 1174 1963 consules
1198 1924 1381 1975 fuerunt,
1417 1935 1570 1982 gestum
1593 1937 1654 1970 est

163 1985 275 2039 paulo
297 1992 386 2025 ante
407 1983 499 2026 Idus
512 1984 753 2027 Decembres
775 1990 883 2036 (nam
899 1987 1038 2040 Curio,
1065 2004 1178 2043 quem
1202 1999 1280 2032 tum
1304 1994 1465 2036 affuisse
1487 1996 1651 2047 scimus,

163 2060 250 2106 post
279 2054 394 2106 paulo
425 2061 586 2106 peracto
618 2056 820 2096 tribunatu
843 2057 1041 2110 profectus
1071 2066 1133 2099 est
1153 2060 1200 2100 ad
1223 2058 1489 2113 Caesareum:
1524 2079 1654 2118 neque

162 2121 365 2174 quicquam
387 2121 552 2175 amplius
574 2122 621 2162 ab
644 2123 721 2164 illis
744 2124 972 2164 consulibus
994 2133 1123 2166 actum
1146 2135 1220 2168 est.
1264 2128 1358 2170 Vid.
1385 2127 1502 2172 Cass.
1529 2130 1649 2173 Dion.

161 2186 240 2228 XL
258 2219 268 2239 ,
294 2187 348 2228 64
369 2213 424 2219 —
445 2188 513 2229 66.
558 2188 695 2244 Itaque
716 2192 823 2232 inter
844 2206 905 2242 ea,
932 2207 1030 2246 quae
1053 2197 1153 2248 apud
1169 2196 1336 2238 Hirtium
1361 2207 1588 2253 supersunt,
1615 2207 1655 2241 et

160 2256 314 2296 initium
336 2256 525 2297 librorum
558 2258 604 2298 de
635 2260 737 2300 bello
768 2260 876 2300 ciuili
907 2261 1002 2302 1111111
1025 2263 1159 2314 deest,
1195 2280 1310 2318 quam
1339 2268 1443 2320 ipsas
1473 2268 1560 2309 illas
1591 2269 1654 2308 lit-

164 2331 294 2374 teras,
327 2337 425 2377 quae
448 2324 509 2364 hie
532 2335 907 2378 commemorantur,
941 2345 963 2370 a
986 2329 1162 2374 Caesare
1191 2336 1332 2375 missas
1356 2350 1460 2376 esse.
1525 2334 1653 2389 Quam

163 2405 244 2430 rem
267 2391 300 2431 si
323 2388 530 2433 aCaesare
553 2397 775 2448 expositam
789 2411 877 2438 esse
901 2401 1126 2451 statuimus,
1151 2403 1524 2456 nihilrelinqnetur‚
1551 2406 1654 2458 quod

165 2459 262 2511 apud
284 2458 456 2500 Hirtium
480 2462 609 2514 perire
632 2466 820 2517 potuerit.
879 2465 1061 2509 Litterae
1084 2477 1214 2510 autem
1240 2468 1427 2512 Caesaris
1449 2472 1488 2511 in
1512 2481 1654 2514 senatu

166 2526 332 2567 traditae
354 2534 447 2567 sunt
468 2528 564 2582 ipsis
587 2528 774 2573 Calendis
798 2531 993 2575 Ianuariis
1010 2567 1019 2584 ,
1051 2544 1095 2577 ut
1117 2535 1281 2578 Cassius
1304 2538 1380 2579 Dio
1411 2541 1532 2580 refert
1552 2539 1655 2581 XLI

164 2592 220 2632 in.
262 2592 305 2634 ld
326 2609 422 2635 uero
444 2595 557 2649 plane
580 2601 767 2640 conuenit
791 2598 979 2644 Caesaris
1002 2607 1294 2657 consuetudini,
1321 2608 1383 2660 qui
1408 2609 1653 2663 singulorum

167 2674 356 2701 annorum
378 2663 553 2717 singulos
576 2669 881 2709 commentarios
905 2685 1141 2726 componere
1163 2674 1339 2722 solebat,
1376 2676 1412 2716 id
1436 2677 1537 2729 quod
1559 2676 1653 2717 Hir-

169 2726 242 2765 tius
265 2740 542 2772 commemorat
565 2733 666 2775 VIII
681 2767 690 2783 ‚
715 2736 791 2785 48,
820 2736 896 2777 1οε
923 2753 944 2778 a
969 2754 1042 2792 qua
1065 2743 1347 2783 consuetudine
1369 2744 1490 2784 semel
1512 2744 1566 2784 ita
1588 2758 1653 2784 re-

168 2794 300 2843 cessit,
326 2803 368 2835 ut
388 2811 451 2838 res
473 2801 597 2852 primo
619 2818 723 2843 anno
746 2804 837 2844 belli
861 2806 989 2846 ciuilis
1012 2815 1146 2861 gestas
1169 2810 1216 2849 ob
1240 2811 1389 2864 copiam
1424 2812 1464 2851 in
1488 2811 1583 2851 duos
1606 2811 1652 2851 li-

164 2860 257 2900 bros
281 2862 546 2916 distribueret,
572 2883 736 2924 quorum
759 2879 889 2913 tamen
912 2875 1013 2915 alter
1025 2875 1212 2930 pleraque
1235 2877 1282 2918 ab
1305 2878 1392 2918 aliis
1414 2885 1525 2932 gesta
1547 2892 1652 2920 com-
