1835 3240
122 576 140 609 Ο(

96 914 135 946 10

98 1258 137 1290 15

582 182 765 227 COMM.
790 185 847 227 111
871 184 996 228 CAP.
1020 186 1222 228 36—38.
1647 191 1728 233 583

174 302 258 340 luce
280 298 498 339 exercitum
528 300 628 339 uado
661 300 831 340 traducit
863 307 902 341 et
934 300 1075 341 castris
1112 301 1252 354 positis
1274 309 1432 355 postero
1456 305 1515 343 die
1538 320 1651 345 mane

173 367 303 420 copias
326 373 416 406 ante
440 368 607 407 frontem
631 375 849 408 castrorum
872 369 1050 408 instruit.
1083 366 1280 409 Domitius
1304 376 1381 408 tum
1406 385 1557 423 quoque
1581 374 1651 413 sibi
1674 375 1700 413 2

169 434 420 474 dubitandum
445 449 522 475 non
546 436 722 488 putauit,
758 437 849 489 quin
882 437 1079 490 productis
1102 437 1322 491 legionibus
1347 438 1495 490 proelio
1519 440 1653 479 ‹lecer-

171 508 287 542 taret.
314 500 392 542 Sed
415 517 501 542 cum
524 511 630 544 esset
651 505 754 544 inter
775 504 865 543 bina
887 512 1017 544 castra
1039 520 1199 559 campus
1222 505 1381 545 circiter
1398 505 1542 545 milium
1567 521 1653 559 pas-

173 583 285 609 suum
307 576 376 618 VI,
410 568 607 610 Domitius
641 572 782 611 castris
806 569 1004 625 Scipionis
1037 573 1159 613 aciem
1183 588 1291 613 suam
1314 573 1503 624 subiecit3
1539 574 1603 615 ille
1634 590 1655 614 a

171 637 273 677 uallo
297 652 374 677 non
398 639 600 679 discedere
623 639 910 692 perseuerauit.
954 641 1012 679 Ac
1037 647 1163 680 tamen
1187 655 1308 695 aegre
1329 642 1495 682 retentis
1520 640 1655 682 Domi-
1679 644 1702 683 3

172 706 288 746 tianis
312 705 496 746 militibus
520 713 579 746 est
601 708 743 746 sactum
760 738 770 756 ‚
796 720 845 746 ne
867 707 1016 760 proelio
1040 710 1372 759 contenderetur,
1405 717 1444 749 et
1467 710 1652 760 maxime,

173 773 272 825 quod
296 773 404 812 riuus
435 773 651 814 difficilibus
683 774 778 827 ripis
810 773 1011 814 subiectus
1034 776 1175 815 castris
1198 774 1398 830 Scipionis
1420 792 1655 832 progressus

171 847 395 881 nostrorum
419 841 668 895 impediebat.
718 840 897 894 Quorum
920 843 1087 882 studium
1110 843 1435 898 alacritatemque
1458 846 1655 900 pugnandi
1678 847 1702 886 4

170 922 255 947 rum
279 909 533 962 cognouisset
546 908 694 963 Scipio,
720 910 941 963 suspicatus
965 911 1065 960 fore,
1091 918 1133 950 nt
1155 918 1313 964 postero
1337 912 1397 952 die
1419 920 1485 954 aut
1505 914 1656 953 inuitus

172 976 359 1016 dimicare
382 983 592 1031 cogeretur
623 984 688 1017 aut
721 992 862 1030 magna
894 992 980 1018 cum
1003 977 1163 1018 infamia
1187 979 1327 1019 castris
1350 994 1392 1020 se
1415 981 1654 1030 contineret,

168 1046 230 1098 qui
255 1057 395 1098 magna
417 1045 698 1098 expectatione
729 1046 927 1093 uenisset,
962 1053 1110 1086 temere
1141 1060 1375 1100 progressus
1407 1055 1557 1102 turpem
1591 1050 1658 1089 ha-

169 1112 251 1153 buit
281 1113 431 1152 exitum
466 1119 506 1152 et
537 1119 654 1153 noctu
686 1127 734 1154 ne
768 1115 1022 1154 conclamatis
1047 1115 1198 1170 quidem
1223 1116 1328 1156 uasis
1353 1116 1491 1156 flumen
1516 1117 1658 1157 transit

171 1188 284 1233 atque
305 1181 345 1221 in
360 1181 521 1221 eandem
536 1188 699 1235 partem,
726 1195 777 1222 ex
800 1196 870 1235 qua
896 1188 1075 1232 uenerat,
1105 1183 1207 1223 redit
1228 1184 1359 1237 ibique
1381 1198 1499 1238 prope
1514 1185 1657 1224 flumen

171 1249 275 1289 edito
299 1256 440 1289 natura
462 1250 549 1291 loco
571 1257 703 1291 castra
725 1251 869 1303 posuit.
927 1249 1074 1290 Paucis
1107 1251 1243 1292 diebus
1267 1252 1513 1306 interpositis
1537 1260 1656 1293 noctu

170 1317 334 1358 insidias
357 1317 530 1370 equitum
554 1318 786 1367 collocauit‚
828 1332 901 1372 quo
932 1317 972 1359 in
1003 1318 1091 1361 loco
1123 1320 1393 1374 superioribus
1418 1322 1498 1361 fere
1521 1321 1657 1361 dicbus

172 1385 296 1426 nostri
320 1385 496 1439 pabulari
519 1392 780 1436 consuerant&
804 1392 846 1426 et
867 1400 951 1425 cum
975 1387 1173 1427 cotidiana
1195 1389 1479 1429 consuetudine
1503 1387 1554 1442 Q.
1576 1389 1658 1430 Va-

172 1467 263 1500 rus,
300 1455 522 1507 praefectus
546 1454 716 1507 equitum
741 1453 928 1504 Domitii,
963 1455 1166 1505 uenisset,
1201 1456 1331 1496 subito
1354 1457 1409 1497 illi
1432 1471 1482 1497 ex
1505 1457 1657 1498 insidiis

173 1529 530 1561 consurrexerunt.
576 1520 656 1563 Sed
680 1521 805 1562 nostri
831 1522 986 1563 sortiter
1007 1523 1189 1577 impetum
1212 1538 1348 1566 eorum
1372 1525 1568 1574 tulerunt,
1595 1540 1657 1566 ce·
1680 1524 1707 1565 (i

170 1590 383 1642 leriterque
413 1590 459 1629 ad
495 1604 588 1629 suos
620 1591 783 1646 quisque
816 1591 974 1631 ordines
996 1592 1121 1641 redit⁷
1156 1599 1271 1645 atque
1294 1592 1398 1633 ultro
1422 1592 1595 1633 uniuersi
1619 1595 1658 1633 in

171 1658 304 1697 hostes
327 1657 510 1711 impetum
534 1659 737 1708 fecerunt3
764 1672 815 1699 ex
838 1659 897 1698 his
920 1659 1081 1700 circiter
1094 1661 1472 1711 LXXXinterl'ectiS‚
1497 1661 1659 1714 reliquis
1681 1660 1707 1701 7

169 1725 207 1764 in
240 1726 368 1779 fugam
405 1726 594 1766 coniectis
626 1726 775 1766 duobus
812 1727 967 1767 amissis
991 1728 1030 1767 in
1053 1735 1182 1768 castra
1206 1743 1248 1769 se
1270 1736 1520 1783 receperunt.
1584 1728 1657 1768 His
1678 1728 1736 1773 38

170 1793 289 1833 rebus
322 1793 448 1846 gestis
470 1791 669 1834 Domitius
705 1809 869 1848 sperans
892 1793 1118 1849 Scipionem
1151 1796 1197 1836 ad
1230 1809 1398 1850 pugnam
1433 1796 1522 1837 elici
1545 1811 1659 1850 posse

172 1861 373 1902 simulauit
394 1875 482 1902 sese
505 1863 700 1915 angustiis
724 1864 780 1903 rei
805 1863 1089 1904 frumentariae
1112 1864 1318 1904 adductum
1346 1871 1477 1904 castra
1500 1878 1660 1905 mouere

171 1930 355 1982 uasisque
388 1929 547 1970 militari
579 1944 687 1970 more
721 1932 976 1972 conclamatis
999 1946 1233 1986 progressus
1266 1932 1372 1972 milia
1406 1946 1588 1985 passuum
1615 1940 1659 1972 ΠΙ

172 1997 258 2037 loco
281 1997 423 2036 idoneo
446 2004 481 2037 et
507 1998 660 2038 occulto
691 2013 843 2039 omnem
876 2000 1095 2040 exercitum
1119 2000 1411 2053 equitatumque
1434 2000 1658 2040 collocauit.

172 2062 304 2119 Scipio
327 2066 373 2105 ad
396 2066 634 2118 sequendum
660 2074 817 2119 paratus
831 2068 1001 2120 equitum
1016 2082 1194 2121 magnam
1207 2075 1356 2122 partem
1380 2069 1425 2107 ad
1450 2067 1660 2121 exploran—
1682 2069 1709 2108 Ν)

172 2133 259 2172 dum
282 2132 357 2172 iter
370 2132 532 2173 Domitii
557 2141 595 2174 et
617 2136 933 2189 cognoscendum
956 2136 1173 2190 praemisit.
1205 2133 1283 2189 Qui
1307 2150 1391 2175 cum
1415 2142 1549 2176 essent
1571 2150 1658 2190 pro-
1683 2136 1707 2175 3

1679 1252 1703 1292 25(

1682 2072 1693 2084 b

315 2267 335 2300 2
355 2265 497 2298 instruit
516 2265 592 2296 eod.
615 2264 697 2296 l'rs.
718 2276 878 2307 unusque
896 2266 967 2298 det.
980 2291 990 2306 ,
1012 2266 1117 2298 struit
1135 2267 1282 2308 reliqui.
1493 2267 1512 2299 6
1530 2266 1622 2298 ualle
1641 2276 1662 2297 ιι

175 2320 268 2351 ‘mss⁸
293 2319 336 2351 5'.
524 2318 735 2349 descendere
754 2329 800 2350 m.
817 2329 875 2360 pr.
899 2319 929 2349 b.
1098 2328 1137 2350 ac
1158 2323 1268 2350 tamen
1288 2328 1363 2360 ego,
1386 2322 1537 2350 attamen
1558 2318 1660 2349 codd.

173 2371 212 2402 P.
235 2371 311 2403 160.
464 2370 484 2402 8
503 2369 678 2401 subiectus
699 2372 825 2402 castris
845 2370 1014 2413 Scipionis
1033 2381 1052 2401 a
1075 2370 1197 2409 ‘mss.'‚
1219 2371 1343 2402 castris
1363 2370 1530 2412 Scipionis
1550 2371 1662 2402 subie-

174 2426 249 2453 ctus
269 2432 301 2453 υ.
488 2421 521 2453 ll
547 2421 741 2453 contineret
759 2432 778 2453 α
800 2423 896 2453 ‘mnu
913 2422 1102 2464 plerc'que',
1125 2423 1301 2455 continere
1321 2423 1398 2455 cod.
1421 2423 1609 2455 Cz‘aecone'i
1626 2433 1660 2454 u.

320 2473 360 2506 12
379 2474 617 2515 expectatione
636 2484 670 2504 α.
834 2475 872 2507 13
895 2485 933 2506 ne
953 2474 1164 2516 Stephanus,
1188 2486 1295 2518 neque
1315 2486 1334 2506 α
1350 2476 1367 2507 b
1388 2477 1404 2507 5
1424 2476 1515 2507 dett.

175 2524 314 2555 transiit
326 2525 357 2556 b.
500 2525 539 2557 14
558 2526 681 2557 redita
698 2527 794 2558 ‘mss
816 2530 954 2558 [asilum
974 2537 1042 2559 non
1062 2529 1207 2568 omnm',
1228 2529 1330 2560 rediit
1348 2539 1384 2560 u.
1527 2529 1565 2561 17
1585 2539 1662 2559 con-

177 2581 320 2607 suerant
335 2587 355 2608 a
369 2588 396 2616 e,
418 2583 669 2610 consueuerant
689 2589 723 2611 ιι.
867 2580 904 2612 19
919 2580 1076 2622 impetum
1089 2591 1204 2612 eorum
1220 2592 1252 2621 a,
1274 2592 1390 2613 eorum
1411 2580 1569 2623 impetum
1582 2582 1659 2613 edd.

318 2628 360 2661 20
382 2628 468 2659 redit
488 2628 552 2668 ab,
575 2630 677 2660 rediit
696 2640 730 2660 a.
948 2631 991 2663 22
1011 2630 1141 2662 duobus
1160 2642 1181 2662 α
1203 2628 1325 2672 (ηιεεῧ,
1349 2632 1456 2663 nostri
1476 2632 1605 2663 (luobus
1625 2641 1659 2662 u.

319 2678 360 2712 23
380 2678 502 2721 gestis]
522 2680 689 2713 confectis
711 2682 742 2713 b.
883 2682 924 2713 25
944 2682 1149 2714 militaribus
1168 2683 1257 2714 abe.
1420 2682 1491 2713 mil.
1513 2693 1547 2713 ιιι
1569 2692 1659 2724 pass.

177 2740 221 2760 a:
243 2739 400 2770 passuum
419 2740 488 2762 om.
509 2741 599 2763 unns
618 2733 688 2764 det.
856 2733 899 2765 ⁴27
918 2734 1126 2775 sequendum
1147 2735 1197 2775 (α)
1211 2745 1227 2766 e
1246 2734 1325 2766 edd.
1347 2737 1428 2766 aule
1449 2734 1591 2774 Graen„
1615 2735 1663 2765 in-

181 2782 388 2823 sequendum
410 2781 585 2814 Graem'us
604 2795 639 2815 τι.
798 2785 946 2827 equitum
968 2796 1122 2825 magnam
1142 2792 1271 2828 partem
1291 2797 1367 2827 ego,
1389 2786 1573 2827 equitatum
1596 2797 1663 2817 ma-

178 2843 343 2874 gnamque
370 2838 497 2874 partem
525 2834 649 2874 eodd.‚·
676 2836 863 2877 equitatum
888 2846 1111 2878 magnamque
1140 2841 1270 2879 partem
1299 2836 1384 2868 leuis
1413 2840 1607 2868 armaturae
1627 2847 1660 2868 ιι.

183 2885 219 2916 Ι).
244 2884 304 2917 169
319 2887 414 2915 eoetr.
