1835 3240
721 193 1120 234 —33-..,

153 310 265 353 Fam.
288 306 350 349 XI
365 338 375 356 ‚
399 307 426 349 9
448 314 486 348 et
511 305 596 360 13).
640 304 776 359 Itaque
799 320 885 346 cum
909 306 981 346 hoc
1003 306 1129 359 spatio
1152 311 1302 344 tantum
1325 309 1509 361 temporis
1532 323 1636 351 com·

151 377 354 419 mentariis
376 375 601 429 impendere
623 381 780 428 posset,
814 380 1000 427 quantum
1030 371 1078 412 ab
1109 373 1432 426 occupationibus
1456 377 1637 417 consula-

152 452 215 485 tus
238 451 276 484 et
298 444 387 483 belli
409 442 573 483 liberum
596 440 905 493 relinquebatur,
932 454 1010 479 non
1033 446 1094 480 cst
1114 440 1254 480 mirum
1271 471 1281 490 ,
1307 441 1408 493 quod
1431 442 1527 482 duos
1551 451 1636 483 tan-

151 519 231 552 tum
254 510 557 551 commentarios
580 510 774 548 conficere
796 509 937 561 potuit.

263 576 343 619 Sed
366 586 407 618 ut
428 578 498 618 hos
520 577 641 617 libros
665 575 787 616 Hirtii
809 590 888 615 non
910 588 1000 616 esse
1021 574 1392 624 demonstrauimus,
1417 575 1473 616 ita
1494 590 1636 618 nomen

148 660 310 697 eorum,
334 661 357 687 a
380 646 516 699 quibus
539 631 676 697 scripti
697 645 801 694 sint,
827 658 913 684 cum
936 644 1034 683 nihil
1056 644 1102 684 de
1125 657 1171 683 ea
1191 657 1235 683 re
1259 644 1443 683 traditum
1467 644 1542 693 sit,
1576 645 1637 684 in-

149 714 279 754 ueniri
302 729 379 754 non
400 726 516 767 posse
538 719 715 765 apparet.
758 710 913 752 Poterit
935 709 1115 752 Suetonii
1136 711 1378 761 testimonio,
1405 712 1451 751 de
1474 725 1549 764 quo
1572 726 1636 751 su-

148 794 218 835 pra
240 781 432 830 diximus,
456 781 494 821 id
517 780 765 820 tribuendum
787 779 938 829 uideri,
971 786 1014 819 ut
1034 779 1122 819 libri
1146 779 1193 819 de
1214 778 1317 818 bello
1340 778 1533 819 Africano
1556 777 1637 833 Op-

148 849 231 901 pius
254 856 394 888 auctor
425 848 694 888 existimetur.
755 845 862 887 Nam
897 854 1119 887 extremum
1153 847 1477 887 commentarium
1509 861 1636 899 neque

147 916 313 956 eundem
333 916 542 969 scripsisse
573 915 757 961 uidimus,
792 927 918 967 neque
950 912 1101 969 Oppius
1135 915 1208 955 hoc
1237 915 1339 955 bello
1371 915 1411 955 in
1441 914 1636 969 Hispania

147 983 243 1023 fuit:
269 997 318 1023 ne
339 981 485 1024 Balbus
509 983 661 1036 quidem
685 979 802 1033 (Cic.
828 982 876 1021 ad
901 981 988 1021 Att.
1013 980 1113 1029 XII,
1145 981 1207 1032 19,
1233 982 1276 1025 2,
1307 980 1385 1032 29,
1410 981 1451 1022 2.
1485 982 1564 1034 44,
1589 983 1629 1023 4.

145 1049 216 1100 47,
252 1050 273 1090 1
297 1051 371 1103 al.)
387 1081 398 1100 ,
434 1051 495 1091 cui
519 1049 714 1091 Cellarius
746 1049 832 1088 loco
856 1049 1020 1102 quodam
1043 1049 1287 1103 Apollinaris
1312 1047 1463 1090 Sidonii
1486 1058 1631 1100 motus,

145 1116 192 1157 de
214 1131 289 1170 quo
311 1118 414 1158 infra
436 1118 561 1158 dicam
577 1148 587 1168 ,
613 1118 717 1158 hunc
739 1116 878 1156 librum
902 1117 1123 1166 tribuebat,
1154 1117 1231 1157 nisi
1253 1116 1445 1157 minorem
1467 1116 1634 1159 Balbum

144 1184 365 1234 intellexit,
400 1200 514 1239 quem
535 1186 576 1226 in
599 1185 788 1239 Hispania
820 1184 894 1225 hoc
926 1192 1100 1239 tempore
1129 1184 1251 1225 fuisse
1274 1182 1362 1225 Cic.
1388 1198 1449 1238 ep.
1474 1185 1522 1224 ad
1544 1185 1631 1225 Att.

144 1251 243 1302 XII,
268 1252 337 1304 38,
361 1253 388 1293 2
410 1254 598 1294 ostendit.
643 1252 699 1293 At
720 1251 936 1293 Suetonius
959 1260 1077 1306 atque
1098 1252 1151 1303 ii,
1177 1266 1339 1305 quorum
1362 1252 1547 1292 iudicium
1570 1267 1633 1293 re-

145 1321 247 1371 fert,
283 1321 353 1361 1105
385 1322 690 1362 commentarios
722 1328 790 1361 aut
819 1320 978 1360 omnino
1009 1334 1088 1360 non
1110 1320 1293 1373 legerunt
1323 1327 1391 1360 aut
1420 1327 1528 1361 certe
1555 1335 1634 1361 non

145 1389 496 1428 examinauerunt:
534 1388 650 1428 aliter
671 1389 774 1428 enim
797 1402 925 1443 neque
947 1387 1061 1428 alteri
1082 1387 1173 1427 belli
1195 1387 1484 1438 Alexandrini,
1521 1388 1631 1428 Afri-

146 1455 251 1502 cani,
276 1454 554 1508 Hispaniensis
579 1456 744 1496 eundem
767 1462 965 1495 auctorem
991 1455 1347 1502 existimauissent,
1374 1470 1498 1508 neque
1515 1457 1631 1496 alteri

146 1523 317 1562 omnium
332 1522 519 1562 librorum
533 1522 723 1563 Hirtium.
749 1521 828 1564 Sed
842 1537 927 1562 cum
941 1522 1132 1562 dubitatio
1155 1522 1245 1562 inde
1269 1530 1375 1563 esset
1396 1531 1500 1574 orta,
1527 1524 1630 1576 quod

143 1588 210 1627 uni
234 1595 383 1628 tantum
406 1591 687 1630 commentario
721 1597 862 1630 octauo
893 1590 941 1630 de
971 1590 1073 1629 bello
1096 1588 1251 1630 Gallico
1283 1604 1428 1630 nomen
1458 1592 1632 1632 auctoris

142 1656 407 1710 praepositum
440 1665 525 1697 erat
556 1657 619 1707 (id
651 1657 751 1710 quod
780 1657 836 1697 ita
867 1659 1011 1697 factum
1052 1670 1141 1697 esse
1182 1658 1339 1697 codices
1371 1659 1498 1698 nostri
1533 1659 1630 1701 satis

140 1729 276 1777 aperte
299 1723 620 1779 demonstrant),
646 1725 702 1764 illi
724 1726 867 1764 famam
887 1724 1057 1777 aliquam
1080 1725 1266 1764 uidentur
1288 1725 1490 1778 accepisse
1505 1756 1515 1775 ,
1551 1740 1631 1767 non

141 1804 231 1831 esse
253 1804 388 1831 omnes
409 1791 531 1832 libros
554 1792 600 1832 ab
624 1790 756 1831 Hirtio
779 1792 966 1846 scriptos,
991 1806 1113 1845 eaque
1136 1792 1228 1832 moti
1252 1792 1472 1846 proximum
1497 1808 1630 1846 quem-

140 1872 216 1912 que
237 1860 453 1899 amicorum
476 1856 665 1900 Caesaris
688 1859 919 1913 arripuisse,
946 1859 984 1899 hi
1006 1859 1103 1899 nihil
1123 1867 1283 1913 praeter
1299 1858 1422 1900 Hirtii
1444 1861 1565 1900 uerba
1586 1862 1629 1902 in

140 1939 201 1981 ep.
227 1926 274 1966 ad
294 1925 457 1967 Balbum
472 1927 601 1980 posita
623 1928 749 1968 secuti
771 1941 876 1978 esse,
902 1927 1041 1980 quibus
1063 1940 1106 1967 se
1130 1941 1252 1980 usque
1275 1928 1322 1968 ad
1340 1935 1506 1968 mortem
1526 1925 1628 1969 Cae-

139 1994 243 2034 saris
275 1994 510 2048 perduxisse
551 1996 857 2036 commentarios
889 1994 1128 2035 affirmabat.
1190 1994 1342 2036 Eodem
1382 1995 1504 2049 igitur
1542 1997 1629 2038 iure

140 2076 420 2116 quemcumque
438 2059 626 2103 Caesaris
650 2063 880 2102 familiarem
903 2063 973 2102 hos
996 2062 1117 2102 libros
1140 2063 1406 2116 composuisse
1429 2064 1628 2106 affirmare

137 2130 284 2171 licebit.
327 2128 430 2170 Mihi
452 2144 547 2170 uero
571 2130 708 2171 horum
732 2131 884 2184 quidem
908 2144 1022 2170 nemo
1045 2129 1213 2170 uidetur.
1270 2129 1375 2171 Nam
1401 2145 1535 2172 eorum
1560 2133 1629 2173 110-

136 2198 281 2238 minum
296 2229 307 2248 ,
332 2199 396 2251 qui
417 2198 522 2238 inter
543 2198 787 2239 nobilitatem
811 2199 949 2239 horum
971 2205 1188 2251 temporum
1212 2198 1475 2239 uersabantur
1489 2231 1499 2250 ‚
1526 2200 1628 2241 haud

137 2265 252 2306 facile
274 2279 503 2318 quemquam
527 2273 604 2306 tam
627 2267 727 2307 male
749 2267 988 2320 scripturum
1013 2266 1135 2306 fuisse
1158 2266 1301 2315 credo,
1327 2267 1448 2307 multo
1472 2268 1626 2321 quidem

136 2333 265 2373 minus
288 2333 522 2374 familiarem
545 2332 758 2384 Caesaris,
796 2333 1082 2387 elegantissimi
1103 2333 1288 2373 11011111115.
1333 2333 1462 2375 Huius
1485 2336 1544 2376 rei
1565 2336 1626 2376 in-

137 2401 237 2441 dicio
268 2408 360 2441 sunt
390 2401 488 2442 satis
521 2401 663 2443 multae
695 2417 780 2442 cum
811 2402 979 2442 aliorum
1009 2401 1210 2440 hominum
1251 2408 1332 2440 tum
1374 2403 1625 2445 familiarium

139 2466 327 2509 Caesaris
357 2469 571 2523 epistolae,
607 2484 705 2522 quae
736 2484 815 2510 una
846 2484 935 2510 cum
959 2467 1236 2509 Ciceronianis
1267 2470 1315 2509 ad
1338 2484 1410 2510 nos
1433 2483 1625 2524 peruene-

136 2543 251 2576 runt:
278 2537 378 2589 quod
399 2551 523 2590 genus
546 2538 771 2590 scriptionis
794 2552 880 2577 cum
903 2536 1074 2576 omnium
1096 2537 1257 2577 minima
1279 2550 1374 2577 cura
1397 2537 1537 2577 confici
1560 2552 1625 2577 so-

137 2602 239 2654 leat,
273 2610 404 2644 tamen
426 2618 476 2644 ne
497 2619 614 2645 unam
637 2605 792 2658 quidem
812 2604 994 2645 inuenies
1017 2604 1221 2659 epistolam
1245 2605 1304 2645 1115
1327 2605 1623 2645 commentariis

137 2669 318 2711 similem.
361 2670 474 2723 Quod
497 2673 529 2712 si
552 2673 639 2725 quis
661 2671 885 2714 Varronem
908 2673 1020 2713 nobis
1043 2679 1238 2726 opponet,
1262 2672 1296 2713 is
1320 2679 1358 2713 et
1379 2673 1623 2725 antiquitatis

138 2736 394 2778 admiratione
416 2747 456 2779 et
476 2740 583 2780 uitae
603 2740 776 2780 rusticae
807 2740 973 2793 quodam
1005 2753 1140 2780 amore
1163 2740 1302 2780 ductus
1335 2741 1412 2789 (de
1442 2754 1486 2780 re
1518 2747 1618 2779 rust.

137 2800 181 2852 I,
204 2803 232 2844 2
251 2804 308 2847 in.
331 2803 371 2844 II
391 2805 468 2858 in.)
499 2807 643 2848 iudicio
674 2815 713 2848 et
734 2808 938 2848 uoluntate
959 2807 1224 2861 antiquarium
1245 2814 1286 2848 et
1306 2807 1468 2860 uulgare
1491 2807 1622 2845 dicen-

138 2870 177 2910 di
197 2883 321 2924 genus
351 2873 555 2926 amplexus
587 2889 676 2917 esse
703 2876 991 2917 existimandus
1023 2883 1085 2917 est
1115 2882 1178 2923 et,
1213 2888 1264 2916 ne
1286 2875 1480 2928 elegantia
1504 2881 1620 2926 atque

174 2935 295 2972 Caesar,
317 2936 364 2965 ed.
385 2937 524 2975 Nipperd.
1318 2939 1344 2981 3
