1835 3240
82 155 166 198 412
612 159 686 201 DE
719 158 909 201 BELLO
942 156 1194 200 GALLICO

162 269 332 323 legatum
353 271 553 325 relinquit.
597 272 686 327 Ipse
703 304 713 323 ,
749 280 791 313 ut
821 286 934 325 quam
964 272 1127 325 primum
1149 273 1226 312 iter
1247 273 1411 322 faceret,
1437 270 1642 312 Genabum

114 335 142 376 4
163 334 382 379 Carnutum
404 341 685 393 proficiscitur,
713 341 775 393 qui
799 348 877 379 tum
901 339 1064 393 primum
1081 339 1208 379 adlato
1231 341 1369 381 nuntio
1385 342 1430 381 de
1443 354 1642 395 oppugna-

162 406 588 456 tioneVellaunoduni,
615 422 700 447 cum
724 407 877 461 longius
901 420 985 447 eam
1008 421 1089 446 rem
1102 407 1257 447 ductum
1279 408 1328 448 iri
1350 409 1641 457 existimarent,

163 475 401 527 praesidium
417 473 570 514 Genabi
592 475 727 514 tuendi
750 489 886 524 causa,
911 475 1013 528 quod
1037 489 1082 515 eo
1105 475 1323 525 mitterent,
1348 476 1640 529 comparabant.

116 539 140 580 5
164 540 249 581 Huc
271 542 387 582 biduo
409 543 603 596 peruenit.
668 540 823 583 Castris
856 550 947 582 ante
978 543 1157 596 oppidum
1191 543 1328 597 positis
1361 543 1436 582 diei
1468 551 1643 598 tempore
1675 552 1692 582 5

164 610 351 650 exclusus
385 610 421 648 in
452 618 656 663 posterum
688 611 1016 665 oppugnationem
1039 611 1166 650 differt
1187 624 1364 664 quaeque
1387 611 1433 650 ad
1457 625 1539 651 eam
1562 626 1644 652 rem

116 675 143 717 6
167 678 251 717 usui
274 677 352 717 sint
375 677 562 718 militibus
584 679 752 732 imperat
773 686 827 726 et,
852 679 951 732 quod
976 679 1153 733 oppidum
1179 676 1383 718 Geuabum
1408 693 1503 732 pons
1526 679 1649 719 flumi-

166 745 227 785 nis
249 743 408 798 Ligeris
432 746 684 796 continebat,
720 747 870 787 ueritus
886 778 895 796 ,
932 761 980 786 ne
1002 754 1120 786 noctu
1143 760 1194 786 ex
1218 747 1356 800 oppido
1379 747 1647 800 profugerent,

116 811 143 851 7
166 813 262 853 duas
284 813 461 866 legiones
491 815 531 854 in
562 815 681 855 armis
715 815 914 855 excubare
936 814 1057 854 iubet.
1122 812 1380 855 Genabenses
1412 815 1525 868 paulo
1559 821 1651 854 ante

165 881 330 921 mediam
356 888 509 922 noctem
539 883 698 923 silentio
729 897 781 923 ex
810 883 949 936 oppido
979 883 1131 937 egressi
1155 883 1297 923 ssumen
1321 882 1493 922 transire
1516 895 1654 935 coepe·
1688 889 1727 922 10

119 946 145 988 8
166 956 273 989 runt.
330 947 417 1002 Qua
449 964 490 990 re
522 964 592 1004 per
624 951 898 1005 exploratores
930 951 1110 991 nuntiata
1133 947 1287 990 Caesar
1320 951 1496 1004 legiones
1511 956 1534 1000 ,’
1556 964 1652 1003 quas

167 1017 371 1070 expeditas
403 1031 491 1057 esse
521 1018 713 1068 iusserat,
749 1020 871 1072 portis
903 1019 1078 1059 incensis
1111 1019 1332 1058 intromittit
1366 1025 1482 1071 atque
1514 1018 1653 1072 oppido

169 1085 318 1138 potitur
340 1086 544 1138 perpaucis
567 1100 619 1126 ex
642 1086 809 1127 hostium
833 1102 997 1127 numero
1021 1087 1256 1127 desideratis
1273 1118 1282 1136 ,
1315 1086 1407 1139 quin
1437 1086 1568 1125 cuncti
1592 1100 1655 1125 ca-

167 1159 367 1206 perentur,
394 1154 495 1206 quod
518 1155 647 1208 pontis
671 1162 788 1208 atque
810 1156 990 1195 itinerum
1014 1154 1221 1209 angustiae
1244 1154 1502 1193 multitudinis
1524 1155 1653 1206 fugam

121 1219 147 1260 9
169 1220 493 1261 intercluserunt.
540 1220 731 1276 Oppidum
757 1224 889 1277 diripit.
911 1230 1027 1276 atque
1050 1222 1240 1270 incendit,
1267 1222 1447 1275 praedam
1472 1221 1657 1261 militibus
1692 1228 1730 1259 15

169 1289 303 1338 donat,
329 1289 548 1328 exercitum
572 1288 759 1344 Ligerem
783 1291 954 1330 traducit
985 1298 1100 1343 atque
1132 1290 1171 1328 in
1193 1287 1413 1343 Biturigum
1449 1289 1545 1328 fines
1568 1302 1655 1342 per-

93 1355 144 1399 12
166 1356 288 1396 uenit.
325 1355 652 1410 Vercingetorix,
681 1358 744 1397 ubi
761 1359 807 1398 de
821 1356 1009 1399 Caesaris
1032 1358 1205 1397 aduentu
1229 1357 1431 1411 cognouit,
1457 1371 1656 1411 oppugna-

120 1423 147 1464 2
169 1424 275 1464 tione
309 1425 458 1465 destitit
492 1432 608 1478 atque
646 1426 801 1466 obuiam
834 1425 1001 1467 Caesari
1033 1425 1310 1480 proficiscitur.
1374 1423 1444 1464 Ille
1477 1424 1656 1478 oppidum

122 1490 146 1531 3
170 1490 391 1546 Biturigum
415 1493 582 1546 positum
606 1494 646 1533 in
668 1493 731 1534 uia
744 1493 1026 1535 Nouiodunum
1046 1506 1270 1548 oppugnare
1292 1492 1532 1532 instituerat.
1569 1490 1658 1544 Quo

173 1574 223 1601 ex
247 1561 386 1614 oppido
410 1575 496 1601 cum
519 1562 639 1615 legati
662 1562 708 1602 ad
741 1576 829 1602 eum
854 1563 1060 1603 uenissent
1083 1569 1252 1612 oratum,
1278 1569 1319 1600 ut
1341 1561 1413 1601 sibi
1436 1561 1662 1615 ignosceret
1691 1568 1733 1602 20

174 1642 348 1682 suaeque
372 1630 474 1670 uitae
497 1631 738 1679 consuleret,
766 1638 807 1670 ut
829 1631 1035 1672 celeritate
1058 1631 1230 1684 reliquas
1252 1643 1316 1670 res
1331 1630 1558 1678 conficeret,
1584 1642 1660 1681 qua

169 1698 356 1751 pleraque
380 1705 465 1737 erat
488 1706 722 1738 consecutus
739 1730 748 1748 ,
775 1713 883 1739 arma
906 1699 1101 1746 conferri,
1136 1712 1256 1751 equos
1279 1697 1466 1751 produci,
1500 1696 1656 1737 obsides

122 1765 148 1805 4
171 1765 255 1805 dari
278 1765 396 1805 iubet.
429 1764 549 1805 Parte
571 1766 646 1805 iam
670 1766 845 1806 obsidum
869 1767 1028 1816 tradita,
1055 1781 1140 1806 cum
1164 1766 1316 1819 reliqua
1335 1765 1658 1805 administraren-

172 1840 252 1883 tur,
277 1833 572 1873 centurionibus
597 1841 636 1874 et
658 1835 792 1888 paucis
815 1834 1002 1875 militibus
1024 1834 1279 1883 intromissis,
1305 1834 1367 1886 qui
1380 1847 1487 1873 arma
1510 1834 1659 1872 iumen-

174 1908 291 1954 taque
317 1901 613 1955 conquirerent,
639 1903 834 1955 equitatus
859 1903 1025 1943 hostium
1050 1902 1185 1956 procul
1208 1901 1315 1941 uisus
1333 1907 1408 1951 est,
1434 1901 1496 1954 qui
1520 1914 1661 1954 agmen
1691 1907 1733 1941 25

125 1968 149 2010 5
173 1968 516 2023 Vercingetorigis
530 1977 818 2011 antecesserat.
854 1969 980 2023 Quem
999 1971 1231 2023 simulatque
1246 1969 1426 2023 oppidani
1440 1982 1659 2023 conspexe-

172 2044 267 2077 runt
287 2044 402 2090 atque
424 2038 464 2077 in
487 2052 595 2091 spem
618 2038 756 2078 auxilii
779 2046 988 2089 uenerunt,
1014 2040 1186 2079 elamore
1203 2038 1356 2078 sublato
1376 2052 1485 2077 arma
1499 2051 1655 2090 capere,

126 2103 153 2144 6
175 2112 308 2159 portas
332 2106 532 2156 claudere,
558 2121 713 2147 murum
736 2107 932 2161 complere
954 2113 1184 2160 coeperunt.
1245 2103 1510 2145 Centuriones
1532 2105 1572 2145 in
1595 2119 1661 2158 op-

319 2289 333 2321 1
357 2290 421 2320 iter
439 2290 624 2322 conficeret
643 2301 663 2322 a
678 2292 736 2322 be.
902 2289 1056 2322 Genabin
1080 2291 1146 2331 be5
1167 2290 1339 2332 Ceuapum
1360 2288 1506 2320 Orosius
1526 2286 1583 2326 Vl,
1609 2287 1661 2323 tl,

175 2342 240 2381 qni
257 2339 295 2371 id
312 2350 387 2371 enm
410 2340 566 2373 Auarico
586 2341 764 2384 confudit.
907 2342 926 2373 2
946 2342 1061 2374 adlato
1076 2342 1118 2374 B.
1262 2339 1499 2374 3Vellanduni
1516 2338 1556 2369 Γ.

176 2392 195 2423 6
214 2393 500 2434 expuguationem
521 2394 552 2424 b.
717 2395 737 2427 8
756 2394 979 2434 contingebat
998 2404 1017 2425 a
1031 2395 1048 2425 b
1061 2394 1156 2434 σεῖο,-
1176 2393 1271 2435 quod
1287 2393 1508 2432 recepissem,
1531 2390 1602 2419 nisi
1620 2388 1666 2418 ml

177 2445 374 2475 continebat
393 2447 488 2475 recle
508 2455 581 2475 cum
602 2445 714 2477 altera
735 2446 806 2487 ripa
827 2448 1048 2488 cogitatione
1067 2445 1164 2477 adici
1182 2446 1444 2476 eoer‘stimarem.
1560 2441 1597 2473 10
1613 2450 1666 2471 ce-

174 2502 299 2539 perunt
316 2497 357 2527 B.
503 2497 537 2529 ll
562 2498 694 2529 nutiata
712 2498 755 2529 B.
905 2497 1047 2529 Caesari
1066 2498 1096 2529 B
1118 2498 1213 2528 ‘mss
1234 2496 1277 2528 θ’.
1444 2493 1482 2525 13
1503 2492 1617 2524 cuncti
1637 2492 1666 2523 J}

178 2551 215 2580 et
229 2548 372 2589 reliqui,
394 2548 465 2579 uiui
487 2548 503 2578 b
517 2548 586 2583 de,-
609 2549 721 2580 cuncti
741 2549 812 2580 uiui
826 2559 1000 2590 peruersa
1016 2548 1103 2579 ΟΜΖ.
1126 2550 1218 2579 coni.
1240 2558 1273 2578 η.
1418 2545 1456 2576 14
1476 2544 1611 2575 itineris
1632 2544 1662 2574 b.

321 2600 550 2632 multitudinis
571 2601 600 2631 B
618 2605 653 2632 et
669 2601 816 2642 reliqui,
838 2600 1050 2632 multitudini
1070 2600 1149 2631 bed
1161 2610 1190 2631 e.
1359 2598 1396 2629 16
1416 2596 1573 2637 Ligerem
1593 2596 1667 2628 AB

180 2653 274 2693 CD,
294 2651 447 2692 Ligerim
466 2661 500 2682 τι.
658 2651 700 2683 17
719 2651 892 2693 cognouit,
913 2651 953 2682 ab
973 2650 1221 2693 oppugnatione
1241 2650 1270 2680 b.
1471 2647 1511 2680 ’18
1531 2647 1666 2679 destitit

178 2704 210 2736 A
221 2702 283 2745 (B)
299 2702 346 2742 C,
375 2701 513 2733 desistit
531 2712 559 2732 e.
778 2701 887 2732 uerba
906 2703 1003 2733 inter
1021 2701 1175 2743 oppidum
1195 2703 1230 2731 et
1254 2708 1450 2741 oppugnare
1478 2699 1667 2730 interiecta

181 2765 250 2787 om.
271 2754 343 2785 AB
357 2754 437 2785 01).
456 2753 497 2784 Ρ.
517 2753 574 2785 88-
720 2752 757 2783 19
777 2750 1035 2783 Noboiodununi
1057 2752 1086 2783 b.
1237 2750 1276 2784 21
1300 2750 1462 2781 celeriter
1482 2749 1521 2782 C.

182 2815 266 2848 quas
286 2805 465 2846 plerasque
486 2804 517 2835 b.
673 2803 715 2833 22
735 2802 885 2833 conferri
904 2803 976 2834 AB
990 2803 1074 2843 CD,
1094 2802 1240 2845 proferri
1263 2802 1280 2833 b
1294 2801 1382 2833 ede.
1539 2799 1581 2834 23
1601 2803 1668 2830 tra-

183 2857 269 2900 dita]
289 2858 369 2889 data
387 2867 416 2889 e.
556 2856 600 2888 28
619 2859 782 2897 ceperunt
800 2855 841 2886 B.
