<?xml version="1.0" encoding="UTF-8"?>
<!DOCTYPE html PUBLIC "-//W3C//DTD XHTML 1.0 Transitional//EN"
    "http://www.w3.org/TR/xhtml1/DTD/xhtml1-transitional.dtd">
<html xmlns="http://www.w3.org/1999/xhtml" xml:lang="en" lang="en">
 <head>
  <title>
</title>
<meta http-equiv="Content-Type" content="text/html;charset=utf-8" />
  <meta name='ocr-system' content='tesseract 3.04.00' />
  <meta name='ocr-capabilities' content='ocr_page ocr_carea ocr_par ocr_line ocrx_word'/>
</head>
<body>
  <div class='ocr_page' id='page_1' title='image "./commentarii00caesuoft_0647.png"; bbox 0 0 1835 3240; ppageno 0'>
   <div class='ocr_carea' id='block_1_1' title="bbox 74 893 116 928">
    <p class='ocr_par' dir='ltr' id='par_1_1' title="bbox 74 893 116 928">
     <span class='ocr_line' id='line_1_1' title="bbox 74 893 116 928; baseline -0.024 0"><span class='ocrx_word' id='word_1_1' title='bbox 74 893 116 928; x_wconf 90' lang='lat'><strong>10</strong></span> 
     </span>
    </p>
   </div>
   <div class='ocr_carea' id='block_1_2' title="bbox 76 1233 114 1266">
    <p class='ocr_par' dir='ltr' id='par_1_2' title="bbox 76 1233 114 1266">
     <span class='ocr_line' id='line_1_2' title="bbox 76 1233 114 1266; baseline 0 -23"><span class='ocrx_word' id='word_1_2' title='bbox 76 1233 114 1266; x_wconf 68' lang='lat'><strong>1.</strong></span> 
     </span>
    </p>
   </div>
   <div class='ocr_carea' id='block_1_3' title="bbox 75 1574 95 1608">
    <p class='ocr_par' dir='ltr' id='par_1_3' title="bbox 75 1574 95 1608">
     <span class='ocr_line' id='line_1_3' title="bbox 75 1574 95 1608; baseline 0 0"><span class='ocrx_word' id='word_1_3' title='bbox 75 1574 95 1608; x_wconf 83' lang='lat'>2</span> 
     </span>
    </p>
   </div>
   <div class='ocr_carea' id='block_1_4' title="bbox 78 1913 120 1948">
    <p class='ocr_par' dir='ltr' id='par_1_4' title="bbox 78 1913 120 1948">
     <span class='ocr_line' id='line_1_4' title="bbox 78 1913 98 1948; textangle 90"><span class='ocrx_word' id='word_1_4' title='bbox 78 1913 98 1948; x_wconf 57' lang='lat'><strong>10</strong></span> 
     </span>
     <span class='ocr_line' id='line_1_5' title="bbox 103 1915 120 1946; textangle 90"><span class='ocrx_word' id='word_1_5' title='bbox 103 1915 120 1946; x_wconf 60' lang='grc' dir='ltr'><strong>υτ</strong></span> 
     </span>
    </p>
   </div>
   <div class='ocr_carea' id='block_1_5' title="bbox 100 1245 117 1266">
    <p class='ocr_par' dir='ltr' id='par_1_5' title="bbox 100 1245 117 1266">
     <span class='ocr_line' id='line_1_6' title="bbox 100 1245 117 1266; baseline 0 0"><span class='ocrx_word' id='word_1_6' title='bbox 100 1245 117 1266; x_wconf 79' lang='grc' dir='ltr'>θ</span> 
     </span>
    </p>
   </div>
   <div class='ocr_carea' id='block_1_6' title="bbox 100 1574 119 1606">
    <p class='ocr_par' dir='ltr' id='par_1_6' title="bbox 100 1574 119 1606">
     <span class='ocr_line' id='line_1_7' title="bbox 100 1574 119 1606; baseline 0 0"><span class='ocrx_word' id='word_1_7' title='bbox 100 1574 119 1606; x_wconf 94' lang='grc' dir='ltr'>Ο</span> 
     </span>
    </p>
   </div>
   <div class='ocr_carea' id='block_1_7' title="bbox 683 156 1707 203">
    <p class='ocr_par' dir='ltr' id='par_1_7' title="bbox 683 156 1707 203">
     <span class='ocr_line' id='line_1_8' title="bbox 683 156 1707 203; baseline -0.002 -2"><span class='ocrx_word' id='word_1_8' title='bbox 683 157 873 203; x_wconf 87' lang='lat' dir='ltr'><strong>CAPVT</strong></span> <span class='ocrx_word' id='word_1_9' title='bbox 895 157 949 200; x_wconf 78' lang='lat'><strong>23</strong></span> <span class='ocrx_word' id='word_1_10' title='bbox 959 184 1010 189; x_wconf 90' lang='lat'>-</span> <span class='ocrx_word' id='word_1_11' title='bbox 1023 158 1092 201; x_wconf 79' lang='lat'><strong>25.</strong></span> <span class='ocrx_word' id='word_1_12' title='bbox 1625 156 1707 200; x_wconf 87' lang='grc'><strong>637</strong></span> 
     </span>
    </p>
   </div>
   <div class='ocr_carea' id='block_1_8' title="bbox 144 270 1715 2234">
    <p class='ocr_par' dir='ltr' id='par_1_8' title="bbox 144 270 1715 2234">
     <span class='ocr_line' id='line_1_9' title="bbox 148 270 1632 334; baseline -0.005 -15"><span class='ocrx_word' id='word_1_13' title='bbox 148 276 295 334; x_wconf 79' lang='lat' dir='ltr'><strong>pressis</strong></span> <span class='ocrx_word' id='word_1_14' title='bbox 317 273 427 328; x_wconf 88' lang='lat' dir='ltr'><strong>pueri</strong></span> <span class='ocrx_word' id='word_1_15' title='bbox 449 272 622 313; x_wconf 80' lang='lat' dir='ltr'><strong>lacrimis</strong></span> <span class='ocrx_word' id='word_1_16' title='bbox 646 270 802 314; x_wconf 89' lang='lat' dir='ltr'><strong>Caesar</strong></span> <span class='ocrx_word' id='word_1_17' title='bbox 821 274 904 327; x_wconf 92' lang='lat' dir='ltr'><strong>ipse</strong></span> <span class='ocrx_word' id='word_1_18' title='bbox 926 279 1142 314; x_wconf 91' lang='lat' dir='ltr'><strong>commotus</strong></span> <span class='ocrx_word' id='word_1_19' title='bbox 1165 272 1350 312; x_wconf 80' lang='lat' dir='ltr'><strong>celeriter</strong></span> <span class='ocrx_word' id='word_1_20' title='bbox 1365 303 1374 321; x_wconf 96' lang='lat'><strong>,</strong></span> <span class='ocrx_word' id='word_1_21' title='bbox 1400 272 1433 311; x_wconf 91' lang='lat' dir='ltr'><strong>si</strong></span> <span class='ocrx_word' id='word_1_22' title='bbox 1455 271 1520 312; x_wconf 87' lang='lat' dir='ltr'><strong>illa</strong></span> <span class='ocrx_word' id='word_1_23' title='bbox 1541 286 1632 313; x_wconf 90' lang='lat' dir='ltr'><strong>sen-</strong></span> 
     </span>
     <span class='ocr_line' id='line_1_10' title="bbox 144 337 1680 394; baseline -0.004 -9"><span class='ocrx_word' id='word_1_24' title='bbox 144 346 260 394; x_wconf 88' lang='lat' dir='ltr'><strong>tiret,</strong></span> <span class='ocrx_word' id='word_1_25' title='bbox 294 343 378 382; x_wconf 88' lang='lat' dir='ltr'><strong>sore</strong></span> <span class='ocrx_word' id='word_1_26' title='bbox 410 355 498 381; x_wconf 87' lang='lat' dir='ltr'><strong>eum</strong></span> <span class='ocrx_word' id='word_1_27' title='bbox 530 355 663 382; x_wconf 89' lang='lat' dir='ltr'><strong>secum</strong></span> <span class='ocrx_word' id='word_1_28' title='bbox 695 342 904 382; x_wconf 86' lang='lat' dir='ltr'><strong>adfirmans</strong></span> <span class='ocrx_word' id='word_1_29' title='bbox 927 342 974 381; x_wconf 91' lang='lat' dir='ltr'><strong>ad</strong></span> <span class='ocrx_word' id='word_1_30' title='bbox 996 355 1088 381; x_wconf 89' lang='lat' dir='ltr'><strong>suos</strong></span> <span class='ocrx_word' id='word_1_31' title='bbox 1111 339 1269 380; x_wconf 81' lang='lat' dir='ltr'><strong>dimisit.</strong></span> <span class='ocrx_word' id='word_1_32' title='bbox 1314 338 1385 379; x_wconf 91' lang='lat' dir='ltr'><strong>Ille</strong></span> <span class='ocrx_word' id='word_1_33' title='bbox 1409 346 1450 378; x_wconf 95' lang='lat' dir='ltr'><strong>ut</strong></span> <span class='ocrx_word' id='word_1_34' title='bbox 1473 353 1525 379; x_wconf 80' lang='lat' dir='ltr'><strong>ex</strong></span> <span class='ocrx_word' id='word_1_35' title='bbox 1546 354 1631 380; x_wconf 90' lang='lat' dir='ltr'><strong>car·</strong></span> <span class='ocrx_word' id='word_1_36' title='bbox 1653 337 1680 379; x_wconf 83' lang='grc'><strong>6</strong></span> 
     </span>
     <span class='ocr_line' id='line_1_11' title="bbox 145 404 1634 452; baseline -0.003 -1"><span class='ocrx_word' id='word_1_37' title='bbox 145 411 300 452; x_wconf 91' lang='lat' dir='ltr'><strong>ceribus</strong></span> <span class='ocrx_word' id='word_1_38' title='bbox 331 410 372 450; x_wconf 89' lang='lat' dir='ltr'><strong>in</strong></span> <span class='ocrx_word' id='word_1_39' title='bbox 403 409 565 450; x_wconf 89' lang='lat' dir='ltr'><strong>liberum</strong></span> <span class='ocrx_word' id='word_1_40' title='bbox 599 424 755 450; x_wconf 90' lang='lat' dir='ltr'><strong>cursum</strong></span> <span class='ocrx_word' id='word_1_41' title='bbox 779 410 946 450; x_wconf 90' lang='lat' dir='ltr'><strong>emissus</strong></span> <span class='ocrx_word' id='word_1_42' title='bbox 970 410 1067 450; x_wconf 90' lang='lat' dir='ltr'><strong>adeo</strong></span> <span class='ocrx_word' id='word_1_43' title='bbox 1091 415 1228 449; x_wconf 88' lang='lat' dir='ltr'><strong>contra</strong></span> <span class='ocrx_word' id='word_1_44' title='bbox 1250 404 1464 448; x_wconf 82' lang='lat' dir='ltr'><strong>Caesarem</strong></span> <span class='ocrx_word' id='word_1_45' title='bbox 1488 406 1634 447; x_wconf 86' lang='lat' dir='ltr'><strong>acriter</strong></span> 
     </span>
     <span class='ocr_line' id='line_1_12' title="bbox 144 474 1631 532; baseline -0.005 -13"><span class='ocrx_word' id='word_1_46' title='bbox 144 478 288 520; x_wconf 88' lang='lat' dir='ltr'><strong>bellum</strong></span> <span class='ocrx_word' id='word_1_47' title='bbox 320 491 458 531; x_wconf 85' lang='lat' dir='ltr'><strong>gerere</strong></span> <span class='ocrx_word' id='word_1_48' title='bbox 490 478 641 532; x_wconf 89' lang='lat' dir='ltr'><strong>coepit,</strong></span> <span class='ocrx_word' id='word_1_49' title='bbox 675 485 716 518; x_wconf 90' lang='lat' dir='ltr'><strong>ut</strong></span> <span class='ocrx_word' id='word_1_50' title='bbox 744 476 928 518; x_wconf 81' lang='lat' dir='ltr'><strong>lacrimas</strong></span> <span class='ocrx_word' id='word_1_51' title='bbox 947 508 957 527; x_wconf 95' lang='lat'><strong>,</strong></span> <span class='ocrx_word' id='word_1_52' title='bbox 994 476 1152 530; x_wconf 88' lang='lat' dir='ltr'><strong>quasin</strong></span> <span class='ocrx_word' id='word_1_53' title='bbox 1175 475 1371 529; x_wconf 91' lang='lat' dir='ltr'><strong>colloquio</strong></span> <span class='ocrx_word' id='word_1_54' title='bbox 1395 474 1631 528; x_wconf 87' lang='lat' dir='ltr'><strong>proiecerat,</strong></span> 
     </span>
     <span class='ocr_line' id='line_1_13' title="bbox 149 540 1682 602; baseline -0.005 -15"><span class='ocrx_word' id='word_1_55' title='bbox 149 546 292 602; x_wconf 85' lang='lat' dir='ltr'><strong>gaudio</strong></span> <span class='ocrx_word' id='word_1_56' title='bbox 315 546 515 586; x_wconf 88' lang='lat' dir='ltr'><strong>uideretur</strong></span> <span class='ocrx_word' id='word_1_57' title='bbox 535 545 768 599; x_wconf 86' lang='lat' dir='ltr'><strong>profudisse.</strong></span> <span class='ocrx_word' id='word_1_58' title='bbox 799 544 1007 585; x_wconf 91' lang='lat' dir='ltr'><strong>Accidisse</strong></span> <span class='ocrx_word' id='word_1_59' title='bbox 1031 544 1103 584; x_wconf 90' lang='lat' dir='ltr'><strong>hoc</strong></span> <span class='ocrx_word' id='word_1_60' title='bbox 1126 545 1347 599; x_wconf 87' lang='lat' dir='ltr'><strong>complures</strong></span> <span class='ocrx_word' id='word_1_61' title='bbox 1371 541 1558 584; x_wconf 85' lang='lat' dir='ltr'><strong>Caesaris</strong></span> <span class='ocrx_word' id='word_1_62' title='bbox 1580 540 1635 581; x_wconf 90' lang='lat' dir='ltr'><strong>le·</strong></span> <span class='ocrx_word' id='word_1_63' title='bbox 1656 541 1682 581; x_wconf 94' lang='lat'><strong>7</strong></span> 
     </span>
     <span class='ocr_line' id='line_1_14' title="bbox 146 609 1636 669; baseline -0.003 -15"><span class='ocrx_word' id='word_1_64' title='bbox 146 613 243 669; x_wconf 83' lang='lat' dir='ltr'><strong>gati,</strong></span> <span class='ocrx_word' id='word_1_65' title='bbox 262 613 392 664; x_wconf 90' lang='lat' dir='ltr'><strong>amici,</strong></span> <span class='ocrx_word' id='word_1_66' title='bbox 414 614 666 654; x_wconf 81' lang='lat' dir='ltr'><strong>centuriones</strong></span> <span class='ocrx_word' id='word_1_67' title='bbox 689 613 912 666; x_wconf 82' lang='lat' dir='ltr'><strong>militesque</strong></span> <span class='ocrx_word' id='word_1_68' title='bbox 934 612 1201 663; x_wconf 89' lang='lat' dir='ltr'><strong>laetabantur,</strong></span> <span class='ocrx_word' id='word_1_69' title='bbox 1217 611 1318 666; x_wconf 91' lang='lat' dir='ltr'><strong>quod</strong></span> <span class='ocrx_word' id='word_1_70' title='bbox 1340 611 1459 652; x_wconf 88' lang='lat' dir='ltr'><strong>nimia</strong></span> <span class='ocrx_word' id='word_1_71' title='bbox 1479 609 1636 650; x_wconf 80' lang='lat' dir='ltr'><strong>bonitas</strong></span> 
     </span>
     <span class='ocr_line' id='line_1_15' title="bbox 148 676 1636 734; baseline -0.004 -11"><span class='ocrx_word' id='word_1_72' title='bbox 148 682 233 723; x_wconf 90' lang='lat' dir='ltr'><strong>eius</strong></span> <span class='ocrx_word' id='word_1_73' title='bbox 267 680 432 723; x_wconf 88' lang='lat' dir='ltr'><strong>fallaciis</strong></span> <span class='ocrx_word' id='word_1_74' title='bbox 463 681 573 734; x_wconf 92' lang='lat' dir='ltr'><strong>pueri</strong></span> <span class='ocrx_word' id='word_1_75' title='bbox 604 681 715 722; x_wconf 89' lang='lat' dir='ltr'><strong>elusa</strong></span> <span class='ocrx_word' id='word_1_76' title='bbox 745 688 867 721; x_wconf 89' lang='lat' dir='ltr'><strong>esset.</strong></span> <span class='ocrx_word' id='word_1_77' title='bbox 923 678 1047 733; x_wconf 82' lang='lat' dir='ltr'><strong>Quasi</strong></span> <span class='ocrx_word' id='word_1_78' title='bbox 1080 694 1174 720; x_wconf 92' lang='lat' dir='ltr'><strong>uero</strong></span> <span class='ocrx_word' id='word_1_79' title='bbox 1204 680 1241 720; x_wconf 91' lang='lat' dir='ltr'><strong>id</strong></span> <span class='ocrx_word' id='word_1_80' title='bbox 1275 677 1428 720; x_wconf 90' lang='lat' dir='ltr'><strong>Caesar</strong></span> <span class='ocrx_word' id='word_1_81' title='bbox 1459 676 1636 719; x_wconf 87' lang='lat' dir='ltr'><strong>bonitate</strong></span> 
     </span>
     <span class='ocr_line' id='line_1_16' title="bbox 150 744 1715 804; baseline -0.003 -14"><span class='ocrx_word' id='word_1_82' title='bbox 150 756 301 790; x_wconf 89' lang='lat' dir='ltr'><strong>tantum</strong></span> <span class='ocrx_word' id='word_1_83' title='bbox 325 748 514 789; x_wconf 88' lang='lat' dir='ltr'><strong>adductus</strong></span> <span class='ocrx_word' id='word_1_84' title='bbox 537 763 582 790; x_wconf 89' lang='lat' dir='ltr'><strong>ac</strong></span> <span class='ocrx_word' id='word_1_85' title='bbox 603 764 683 790; x_wconf 90' lang='lat' dir='ltr'><strong>non</strong></span> <span class='ocrx_word' id='word_1_86' title='bbox 705 748 1010 804; x_wconf 88' lang='lat' dir='ltr'><strong>prudentissimo</strong></span> <span class='ocrx_word' id='word_1_87' title='bbox 1033 748 1198 788; x_wconf 90' lang='lat' dir='ltr'><strong>consilio</strong></span> <span class='ocrx_word' id='word_1_88' title='bbox 1215 748 1390 788; x_wconf 88' lang='lat' dir='ltr'><strong>fecisset.</strong></span> <span class='ocrx_word' id='word_1_89' title='bbox 1425 744 1526 787; x_wconf 92' lang='lat' dir='ltr'><strong>Cum</strong></span> <span class='ocrx_word' id='word_1_90' title='bbox 1542 745 1639 786; x_wconf 88' lang='lat' dir='ltr'><strong>duce</strong></span> <span class='ocrx_word' id='word_1_91' title='bbox 1659 744 1715 790; x_wconf 79' lang='grc'><strong>25</strong></span> 
     </span>
     <span class='ocr_line' id='line_1_17' title="bbox 148 814 1639 873; baseline -0.003 -14"><span class='ocrx_word' id='word_1_92' title='bbox 148 819 352 873; x_wconf 87' lang='lat' dir='ltr'><strong>adsumpto</strong></span> <span class='ocrx_word' id='word_1_93' title='bbox 375 817 641 858; x_wconf 80' lang='lat' dir='ltr'><strong>Alexandrini</strong></span> <span class='ocrx_word' id='word_1_94' title='bbox 671 817 791 859; x_wconf 84' lang='lat' dir='ltr'><strong>nihilo</strong></span> <span class='ocrx_word' id='word_1_95' title='bbox 823 831 864 857; x_wconf 91' lang='lat' dir='ltr'><strong>se</strong></span> <span class='ocrx_word' id='word_1_96' title='bbox 897 817 1091 857; x_wconf 88' lang='lat' dir='ltr'><strong>firmiores</strong></span> <span class='ocrx_word' id='word_1_97' title='bbox 1124 817 1249 857; x_wconf 88' lang='lat' dir='ltr'><strong>factos</strong></span> <span class='ocrx_word' id='word_1_98' title='bbox 1281 824 1349 856; x_wconf 88' lang='lat' dir='ltr'><strong>aut</strong></span> <span class='ocrx_word' id='word_1_99' title='bbox 1370 814 1639 869; x_wconf 88' lang='lat' dir='ltr'><strong>languidiores</strong></span> 
     </span>
     <span class='ocr_line' id='line_1_18' title="bbox 147 883 1639 938; baseline -0.003 -11"><span class='ocrx_word' id='word_1_100' title='bbox 147 885 351 927; x_wconf 89' lang='lat' dir='ltr'><strong>Romanos</strong></span> <span class='ocrx_word' id='word_1_101' title='bbox 385 885 748 927; x_wconf 87' lang='lat' dir='ltr'><strong>animaduerterent</strong></span> <span class='ocrx_word' id='word_1_102' title='bbox 779 884 1105 938; x_wconf 88' lang='lat' dir='ltr'><strong>eludentibusque</strong></span> <span class='ocrx_word' id='word_1_103' title='bbox 1136 883 1323 924; x_wconf 88' lang='lat' dir='ltr'><strong>militibus</strong></span> <span class='ocrx_word' id='word_1_104' title='bbox 1341 883 1447 937; x_wconf 86' lang='lat' dir='ltr'><strong>regis</strong></span> <span class='ocrx_word' id='word_1_105' title='bbox 1469 889 1639 923; x_wconf 88' lang='lat' dir='ltr'><strong>aetatem</strong></span> 
     </span>
     <span class='ocr_line' id='line_1_19' title="bbox 150 951 1638 1009; baseline -0.003 -15"><span class='ocrx_word' id='word_1_106' title='bbox 150 961 268 1008; x_wconf 91' lang='lat' dir='ltr'><strong>atque</strong></span> <span class='ocrx_word' id='word_1_107' title='bbox 286 953 552 995; x_wconf 87' lang='lat' dir='ltr'><strong>infirmitatem</strong></span> <span class='ocrx_word' id='word_1_108' title='bbox 574 969 755 1009; x_wconf 86' lang='lat' dir='ltr'><strong>magnum</strong></span> <span class='ocrx_word' id='word_1_109' title='bbox 780 954 953 994; x_wconf 88' lang='lat' dir='ltr'><strong>dolorem</strong></span> <span class='ocrx_word' id='word_1_110' title='bbox 977 953 1201 1006; x_wconf 85' lang='lat' dir='ltr'><strong>acciperent</strong></span> <span class='ocrx_word' id='word_1_111' title='bbox 1222 965 1347 1004; x_wconf 85' lang='lat' dir='ltr'><strong>neque</strong></span> <span class='ocrx_word' id='word_1_112' title='bbox 1370 966 1412 992; x_wconf 90' lang='lat' dir='ltr'><strong>se</strong></span> <span class='ocrx_word' id='word_1_113' title='bbox 1434 951 1638 1005; x_wconf 88' lang='lat' dir='ltr'><strong>quicquam</strong></span> 
     </span>
     <span class='ocr_line' id='line_1_20' title="bbox 150 1016 1640 1077; baseline -0.001 -15"><span class='ocrx_word' id='word_1_114' title='bbox 150 1023 342 1077; x_wconf 86' lang='lat' dir='ltr'><strong>proficere</strong></span> <span class='ocrx_word' id='word_1_115' title='bbox 363 1021 562 1072; x_wconf 89' lang='lat' dir='ltr'><strong>uiderent,</strong></span> <span class='ocrx_word' id='word_1_116' title='bbox 577 1036 833 1076; x_wconf 88' lang='lat' dir='ltr'><strong>rumoresque</strong></span> <span class='ocrx_word' id='word_1_117' title='bbox 853 1022 1090 1070; x_wconf 75' lang='lat' dir='ltr'><strong>existerent,</strong></span> <span class='ocrx_word' id='word_1_118' title='bbox 1105 1034 1246 1074; x_wconf 83' lang='lat' dir='ltr'><strong>magna</strong></span> <span class='ocrx_word' id='word_1_119' title='bbox 1260 1016 1427 1060; x_wconf 83' lang='lat' dir='ltr'><strong>Caesari</strong></span> <span class='ocrx_word' id='word_1_120' title='bbox 1441 1019 1640 1073; x_wconf 84' lang='lat' dir='ltr'><strong>praesidia</strong></span> 
     </span>
     <span class='ocr_line' id='line_1_21' title="bbox 150 1087 1639 1145; baseline -0.003 -15"><span class='ocrx_word' id='word_1_121' title='bbox 150 1090 333 1130; x_wconf 85' lang='lat' dir='ltr'><strong>terrestri</strong></span> <span class='ocrx_word' id='word_1_122' title='bbox 353 1089 495 1131; x_wconf 90' lang='lat' dir='ltr'><strong>itinere</strong></span> <span class='ocrx_word' id='word_1_123' title='bbox 511 1121 522 1140; x_wconf 88' lang='lat'><strong>,</strong></span> <span class='ocrx_word' id='word_1_124' title='bbox 549 1087 669 1145; x_wconf 85' lang='lat' dir='ltr'><strong>Syria</strong></span> <span class='ocrx_word' id='word_1_125' title='bbox 691 1088 935 1143; x_wconf 82' lang='lat' dir='ltr'><strong>Ciliciaque,</strong></span> <span class='ocrx_word' id='word_1_126' title='bbox 962 1088 1125 1138; x_wconf 90' lang='lat' dir='ltr'><strong>adduci,</strong></span> <span class='ocrx_word' id='word_1_127' title='bbox 1151 1087 1251 1141; x_wconf 92' lang='lat' dir='ltr'><strong>quod</strong></span> <span class='ocrx_word' id='word_1_128' title='bbox 1274 1087 1444 1127; x_wconf 90' lang='lat' dir='ltr'><strong>nondum</strong></span> <span class='ocrx_word' id='word_1_129' title='bbox 1467 1087 1639 1127; x_wconf 90' lang='lat' dir='ltr'><strong>auditum</strong></span> 
     </span>
     <span class='ocr_line' id='line_1_22' title="bbox 151 1150 1640 1211; baseline -0.003 -12"><span class='ocrx_word' id='word_1_130' title='bbox 151 1155 317 1199; x_wconf 87' lang='lat' dir='ltr'><strong>Caesari</strong></span> <span class='ocrx_word' id='word_1_131' title='bbox 340 1165 423 1198; x_wconf 82' lang='lat' dir='ltr'><strong>erat</strong></span> <span class='ocrx_word' id='word_1_132' title='bbox 439 1189 449 1209; x_wconf 97' lang='lat'><strong>,</strong></span> <span class='ocrx_word' id='word_1_133' title='bbox 477 1165 760 1209; x_wconf 83' lang='lat' dir='ltr'><strong>commeatum,</strong></span> <span class='ocrx_word' id='word_1_134' title='bbox 786 1158 848 1211; x_wconf 84' lang='lat' dir='ltr'><strong>qui</strong></span> <span class='ocrx_word' id='word_1_135' title='bbox 872 1157 967 1198; x_wconf 92' lang='lat' dir='ltr'><strong>mari</strong></span> <span class='ocrx_word' id='word_1_136' title='bbox 991 1157 1139 1197; x_wconf 88' lang='lat' dir='ltr'><strong>nostris</strong></span> <span class='ocrx_word' id='word_1_137' title='bbox 1162 1150 1492 1210; x_wconf 37' lang='lat' dir='ltr'><strong>s&#39;ubportabatur,</strong></span> <span class='ocrx_word' id='word_1_138' title='bbox 1517 1155 1640 1195; x_wconf 91' lang='lat' dir='ltr'><strong>inter-</strong></span> 
     </span>
     <span class='ocr_line' id='line_1_23' title="bbox 150 1219 1688 1280; baseline -0.001 -14"><span class='ocrx_word' id='word_1_139' title='bbox 150 1225 280 1280; x_wconf 90' lang='lat' dir='ltr'><strong>cipere</strong></span> <span class='ocrx_word' id='word_1_140' title='bbox 302 1233 540 1267; x_wconf 89' lang='lat' dir='ltr'><strong>statuerunt.</strong></span> <span class='ocrx_word' id='word_1_141' title='bbox 583 1225 721 1280; x_wconf 88' lang='lat' dir='ltr'><strong>Itaque</strong></span> <span class='ocrx_word' id='word_1_142' title='bbox 744 1225 939 1280; x_wconf 81' lang='lat' dir='ltr'><strong>expeditis</strong></span> <span class='ocrx_word' id='word_1_143' title='bbox 963 1224 1130 1278; x_wconf 86' lang='lat' dir='ltr'><strong>nauigiis</strong></span> <span class='ocrx_word' id='word_1_144' title='bbox 1153 1224 1249 1265; x_wconf 90' lang='lat' dir='ltr'><strong>locis</strong></span> <span class='ocrx_word' id='word_1_145' title='bbox 1273 1223 1424 1264; x_wconf 88' lang='lat' dir='ltr'><strong>idoneis</strong></span> <span class='ocrx_word' id='word_1_146' title='bbox 1447 1223 1494 1263; x_wconf 90' lang='lat' dir='ltr'><strong>ad</strong></span> <span class='ocrx_word' id='word_1_147' title='bbox 1508 1219 1640 1263; x_wconf 91' lang='lat' dir='ltr'><strong>Cano·</strong></span> <span class='ocrx_word' id='word_1_148' title='bbox 1661 1222 1688 1264; x_wconf 75' lang='lat'><strong>2</strong></span> 
     </span>
     <span class='ocr_line' id='line_1_24' title="bbox 150 1292 1642 1349; baseline -0.002 -15"><span class='ocrx_word' id='word_1_149' title='bbox 150 1307 238 1348; x_wconf 90' lang='lat' dir='ltr'><strong>pum</strong></span> <span class='ocrx_word' id='word_1_150' title='bbox 269 1294 310 1334; x_wconf 93' lang='lat' dir='ltr'><strong>in</strong></span> <span class='ocrx_word' id='word_1_151' title='bbox 341 1295 511 1335; x_wconf 90' lang='lat' dir='ltr'><strong>statione</strong></span> <span class='ocrx_word' id='word_1_152' title='bbox 542 1294 744 1349; x_wconf 90' lang='lat' dir='ltr'><strong>dispositis</strong></span> <span class='ocrx_word' id='word_1_153' title='bbox 775 1294 943 1334; x_wconf 88' lang='lat' dir='ltr'><strong>nauibus</strong></span> <span class='ocrx_word' id='word_1_154' title='bbox 965 1293 1255 1333; x_wconf 83' lang='lat' dir='ltr'><strong>insidiabantur</strong></span> <span class='ocrx_word' id='word_1_155' title='bbox 1276 1292 1423 1333; x_wconf 90' lang='lat' dir='ltr'><strong>nostris</strong></span> <span class='ocrx_word' id='word_1_156' title='bbox 1446 1304 1642 1332; x_wconf 89' lang='lat' dir='ltr'><strong>commea—</strong></span> 
     </span>
     <span class='ocr_line' id='line_1_25' title="bbox 151 1358 1689 1418; baseline -0.001 -17"><span class='ocrx_word' id='word_1_157' title='bbox 151 1369 288 1418; x_wconf 73' lang='lat' dir='ltr'><strong>tuque.</strong></span> <span class='ocrx_word' id='word_1_158' title='bbox 342 1361 457 1414; x_wconf 78' lang='lat' dir='ltr'><strong>Quod</strong></span> <span class='ocrx_word' id='word_1_159' title='bbox 480 1362 543 1403; x_wconf 90' lang='lat' dir='ltr'><strong>ubi</strong></span> <span class='ocrx_word' id='word_1_160' title='bbox 567 1360 733 1404; x_wconf 88' lang='lat' dir='ltr'><strong>Caesari</strong></span> <span class='ocrx_word' id='word_1_161' title='bbox 756 1363 974 1404; x_wconf 87' lang='lat' dir='ltr'><strong>nuntiatum</strong></span> <span class='ocrx_word' id='word_1_162' title='bbox 998 1368 1082 1411; x_wconf 88' lang='lat' dir='ltr'><strong>est,</strong></span> <span class='ocrx_word' id='word_1_163' title='bbox 1118 1375 1227 1402; x_wconf 89' lang='lat' dir='ltr'><strong>suam</strong></span> <span class='ocrx_word' id='word_1_164' title='bbox 1251 1361 1419 1401; x_wconf 88' lang='lat' dir='ltr'><strong>classem</strong></span> <span class='ocrx_word' id='word_1_165' title='bbox 1441 1359 1549 1400; x_wconf 89' lang='lat' dir='ltr'><strong>iubet</strong></span> <span class='ocrx_word' id='word_1_166' title='bbox 1571 1373 1642 1399; x_wconf 81' lang='lat' dir='ltr'><strong>ex·</strong></span> <span class='ocrx_word' id='word_1_167' title='bbox 1664 1358 1689 1399; x_wconf 87' lang='grc'><strong>3</strong></span> 
     </span>
     <span class='ocr_line' id='line_1_26' title="bbox 151 1425 1643 1484; baseline -0.002 -14"><span class='ocrx_word' id='word_1_168' title='bbox 151 1430 276 1484; x_wconf 89' lang='lat' dir='ltr'><strong>pediri</strong></span> <span class='ocrx_word' id='word_1_169' title='bbox 308 1438 424 1484; x_wconf 89' lang='lat' dir='ltr'><strong>atque</strong></span> <span class='ocrx_word' id='word_1_170' title='bbox 456 1431 611 1471; x_wconf 91' lang='lat' dir='ltr'><strong>instrui.</strong></span> <span class='ocrx_word' id='word_1_171' title='bbox 655 1429 843 1472; x_wconf 88' lang='lat' dir='ltr'><strong>Praeficit</strong></span> <span class='ocrx_word' id='word_1_172' title='bbox 875 1430 962 1470; x_wconf 90' lang='lat' dir='ltr'><strong>huic</strong></span> <span class='ocrx_word' id='word_1_173' title='bbox 983 1429 1187 1470; x_wconf 84' lang='lat' dir='ltr'><strong>Tiberium</strong></span> <span class='ocrx_word' id='word_1_174' title='bbox 1210 1428 1433 1470; x_wconf 87' lang='lat' dir='ltr'><strong>Neronem.</strong></span> <span class='ocrx_word' id='word_1_175' title='bbox 1475 1425 1643 1467; x_wconf 87' lang='lat' dir='ltr'><strong>Profici-</strong></span> 
     </span>
     <span class='ocr_line' id='line_1_27' title="bbox 152 1495 1643 1552; baseline -0.002 -14"><span class='ocrx_word' id='word_1_176' title='bbox 152 1505 317 1539; x_wconf 86' lang='lat' dir='ltr'><strong>scuntur</strong></span> <span class='ocrx_word' id='word_1_177' title='bbox 345 1499 385 1539; x_wconf 91' lang='lat' dir='ltr'><strong>in</strong></span> <span class='ocrx_word' id='word_1_178' title='bbox 410 1513 455 1539; x_wconf 88' lang='lat' dir='ltr'><strong>ea</strong></span> <span class='ocrx_word' id='word_1_179' title='bbox 478 1499 603 1540; x_wconf 88' lang='lat' dir='ltr'><strong>classe</strong></span> <span class='ocrx_word' id='word_1_180' title='bbox 626 1498 807 1540; x_wconf 90' lang='lat' dir='ltr'><strong>Rhodiae</strong></span> <span class='ocrx_word' id='word_1_181' title='bbox 830 1513 952 1539; x_wconf 88' lang='lat' dir='ltr'><strong>naues</strong></span> <span class='ocrx_word' id='word_1_182' title='bbox 975 1505 1091 1551; x_wconf 82' lang='lat' dir='ltr'><strong>atque</strong></span> <span class='ocrx_word' id='word_1_183' title='bbox 1112 1498 1152 1538; x_wconf 91' lang='lat' dir='ltr'><strong>in</strong></span> <span class='ocrx_word' id='word_1_184' title='bbox 1175 1497 1234 1537; x_wconf 90' lang='lat' dir='ltr'><strong>his</strong></span> <span class='ocrx_word' id='word_1_185' title='bbox 1257 1496 1522 1552; x_wconf 87' lang='lat' dir='ltr'><strong>Euphranor,</strong></span> <span class='ocrx_word' id='word_1_186' title='bbox 1556 1495 1643 1536; x_wconf 86' lang='lat' dir='ltr'><strong>sine</strong></span> 
     </span>
     <span class='ocr_line' id='line_1_28' title="bbox 151 1563 1644 1621; baseline -0.003 -14"><span class='ocrx_word' id='word_1_187' title='bbox 151 1581 226 1621; x_wconf 92' lang='lat' dir='ltr'><strong>quo</strong></span> <span class='ocrx_word' id='word_1_188' title='bbox 250 1567 353 1607; x_wconf 86' lang='lat' dir='ltr'><strong>nulla</strong></span> <span class='ocrx_word' id='word_1_189' title='bbox 376 1581 557 1621; x_wconf 89' lang='lat' dir='ltr'><strong>umquam</strong></span> <span class='ocrx_word' id='word_1_190' title='bbox 580 1568 779 1609; x_wconf 87' lang='lat' dir='ltr'><strong>dimicatio</strong></span> <span class='ocrx_word' id='word_1_191' title='bbox 802 1567 1027 1616; x_wconf 87' lang='lat' dir='ltr'><strong>marituma,</strong></span> <span class='ocrx_word' id='word_1_192' title='bbox 1049 1567 1154 1606; x_wconf 91' lang='lat' dir='ltr'><strong>nulla</strong></span> <span class='ocrx_word' id='word_1_193' title='bbox 1178 1566 1294 1606; x_wconf 89' lang='lat' dir='ltr'><strong>etiam</strong></span> <span class='ocrx_word' id='word_1_194' title='bbox 1318 1579 1452 1619; x_wconf 88' lang='lat' dir='ltr'><strong>parum</strong></span> <span class='ocrx_word' id='word_1_195' title='bbox 1476 1563 1644 1604; x_wconf 85' lang='lat' dir='ltr'><strong>feliciter</strong></span> 
     </span>
     <span class='ocr_line' id='line_1_29' title="bbox 154 1630 1691 1689; baseline -0.001 -15"><span class='ocrx_word' id='word_1_196' title='bbox 154 1636 335 1675; x_wconf 88' lang='lat' dir='ltr'><strong>confecta</strong></span> <span class='ocrx_word' id='word_1_197' title='bbox 358 1643 456 1676; x_wconf 91' lang='lat' dir='ltr'><strong>erat.</strong></span> <span class='ocrx_word' id='word_1_198' title='bbox 501 1635 556 1677; x_wconf 84' lang='lat' dir='ltr'><strong>At</strong></span> <span class='ocrx_word' id='word_1_199' title='bbox 579 1637 754 1686; x_wconf 83' lang='lat' dir='ltr'><strong>fortuna,</strong></span> <span class='ocrx_word' id='word_1_200' title='bbox 780 1649 880 1689; x_wconf 89' lang='lat' dir='ltr'><strong>quae</strong></span> <span class='ocrx_word' id='word_1_201' title='bbox 902 1635 1130 1689; x_wconf 87' lang='lat' dir='ltr'><strong>plerumque</strong></span> <span class='ocrx_word' id='word_1_202' title='bbox 1153 1648 1237 1684; x_wconf 94' lang='lat' dir='ltr'><strong>eos,</strong></span> <span class='ocrx_word' id='word_1_203' title='bbox 1260 1647 1357 1687; x_wconf 89' lang='lat' dir='ltr'><strong>quos</strong></span> <span class='ocrx_word' id='word_1_204' title='bbox 1380 1632 1555 1688; x_wconf 89' lang='lat' dir='ltr'><strong>plurimis</strong></span> <span class='ocrx_word' id='word_1_205' title='bbox 1577 1631 1644 1673; x_wconf 89' lang='lat' dir='ltr'><strong>be·</strong></span> <span class='ocrx_word' id='word_1_206' title='bbox 1663 1630 1691 1672; x_wconf 85' lang='lat'>4</span> 
     </span>
     <span class='ocr_line' id='line_1_30' title="bbox 152 1701 1644 1756; baseline -0.003 -13"><span class='ocrx_word' id='word_1_207' title='bbox 152 1702 303 1743; x_wconf 86' lang='lat' dir='ltr'><strong>neficiis</strong></span> <span class='ocrx_word' id='word_1_208' title='bbox 327 1703 511 1753; x_wconf 90' lang='lat' dir='ltr'><strong>ornauit,</strong></span> <span class='ocrx_word' id='word_1_209' title='bbox 548 1704 596 1744; x_wconf 91' lang='lat' dir='ltr'><strong>ad</strong></span> <span class='ocrx_word' id='word_1_210' title='bbox 618 1704 815 1744; x_wconf 90' lang='lat' dir='ltr'><strong>duriorem</strong></span> <span class='ocrx_word' id='word_1_211' title='bbox 838 1718 970 1744; x_wconf 88' lang='lat' dir='ltr'><strong>casum</strong></span> <span class='ocrx_word' id='word_1_212' title='bbox 992 1710 1197 1753; x_wconf 79' lang='lat' dir='ltr'><strong>reseruat,</strong></span> <span class='ocrx_word' id='word_1_213' title='bbox 1224 1701 1470 1756; x_wconf 86' lang='lat' dir='ltr'><strong>superiorum</strong></span> <span class='ocrx_word' id='word_1_214' title='bbox 1496 1707 1644 1754; x_wconf 91' lang='lat' dir='ltr'><strong>tempo-</strong></span> 
     </span>
     <span class='ocr_line' id='line_1_31' title="bbox 151 1765 1690 1826; baseline -0.003 -15"><span class='ocrx_word' id='word_1_215' title='bbox 151 1785 239 1811; x_wconf 90' lang='lat' dir='ltr'><strong>rum</strong></span> <span class='ocrx_word' id='word_1_216' title='bbox 273 1770 473 1811; x_wconf 89' lang='lat' dir='ltr'><strong>dissimilis</strong></span> <span class='ocrx_word' id='word_1_217' title='bbox 497 1770 801 1825; x_wconf 89' lang='lat' dir='ltr'><strong>Euphranorem</strong></span> <span class='ocrx_word' id='word_1_218' title='bbox 831 1771 1159 1826; x_wconf 87' lang='lat' dir='ltr'><strong>prosequebatur.</strong></span> <span class='ocrx_word' id='word_1_219' title='bbox 1202 1769 1308 1810; x_wconf 88' lang='lat' dir='ltr'><strong>Nam</strong></span> <span class='ocrx_word' id='word_1_220' title='bbox 1332 1784 1419 1809; x_wconf 91' lang='lat' dir='ltr'><strong>cum</strong></span> <span class='ocrx_word' id='word_1_221' title='bbox 1441 1769 1489 1809; x_wconf 85' lang='lat' dir='ltr'><strong>ad</strong></span> <span class='ocrx_word' id='word_1_222' title='bbox 1512 1765 1643 1808; x_wconf 92' lang='lat' dir='ltr'><strong>Cano·</strong></span> <span class='ocrx_word' id='word_1_223' title='bbox 1665 1766 1690 1808; x_wconf 82' lang='lat'>5</span> 
     </span>
     <span class='ocr_line' id='line_1_32' title="bbox 153 1837 1647 1894; baseline -0.001 -16"><span class='ocrx_word' id='word_1_224' title='bbox 153 1853 242 1893; x_wconf 91' lang='lat' dir='ltr'><strong>pum</strong></span> <span class='ocrx_word' id='word_1_225' title='bbox 271 1846 431 1879; x_wconf 90' lang='lat' dir='ltr'><strong>uentum</strong></span> <span class='ocrx_word' id='word_1_226' title='bbox 463 1847 594 1888; x_wconf 88' lang='lat' dir='ltr'><strong>esset,</strong></span> <span class='ocrx_word' id='word_1_227' title='bbox 626 1840 897 1894; x_wconf 89' lang='lat' dir='ltr'><strong>instructaque</strong></span> <span class='ocrx_word' id='word_1_228' title='bbox 919 1840 1115 1894; x_wconf 85' lang='lat' dir='ltr'><strong>utrimque</strong></span> <span class='ocrx_word' id='word_1_229' title='bbox 1139 1838 1277 1879; x_wconf 87' lang='lat' dir='ltr'><strong>classis</strong></span> <span class='ocrx_word' id='word_1_230' title='bbox 1301 1837 1575 1887; x_wconf 80' lang='lat' dir='ltr'><strong>conflixisset,</strong></span> <span class='ocrx_word' id='word_1_231' title='bbox 1608 1843 1647 1877; x_wconf 86' lang='lat' dir='ltr'><strong>et</strong></span> 
     </span>
     <span class='ocr_line' id='line_1_33' title="bbox 153 1904 1645 1962; baseline -0.001 -16"><span class='ocrx_word' id='word_1_232' title='bbox 153 1920 223 1947; x_wconf 89' lang='lat' dir='ltr'><strong>sua</strong></span> <span class='ocrx_word' id='word_1_233' title='bbox 257 1908 543 1948; x_wconf 88' lang='lat' dir='ltr'><strong>consuetudine</strong></span> <span class='ocrx_word' id='word_1_234' title='bbox 566 1906 802 1961; x_wconf 90' lang='lat' dir='ltr'><strong>Euphranor</strong></span> <span class='ocrx_word' id='word_1_235' title='bbox 835 1909 982 1962; x_wconf 89' lang='lat' dir='ltr'><strong>primus</strong></span> <span class='ocrx_word' id='word_1_236' title='bbox 1014 1907 1204 1962; x_wconf 90' lang='lat' dir='ltr'><strong>proelium</strong></span> <span class='ocrx_word' id='word_1_237' title='bbox 1229 1906 1491 1947; x_wconf 90' lang='lat' dir='ltr'><strong>commisisset</strong></span> <span class='ocrx_word' id='word_1_238' title='bbox 1513 1912 1552 1945; x_wconf 94' lang='lat' dir='ltr'><strong>et</strong></span> <span class='ocrx_word' id='word_1_239' title='bbox 1573 1904 1645 1945; x_wconf 88' lang='lat' dir='ltr'><strong>tri-</strong></span> 
     </span>
     <span class='ocr_line' id='line_1_34' title="bbox 154 1973 1646 2030; baseline -0.002 -15"><span class='ocrx_word' id='word_1_240' title='bbox 154 1988 301 2015; x_wconf 89' lang='lat' dir='ltr'><strong>remem</strong></span> <span class='ocrx_word' id='word_1_241' title='bbox 334 1975 502 2015; x_wconf 91' lang='lat' dir='ltr'><strong>hostium</strong></span> <span class='ocrx_word' id='word_1_242' title='bbox 526 1977 769 2029; x_wconf 85' lang='lat' dir='ltr'><strong>perforasset</strong></span> <span class='ocrx_word' id='word_1_243' title='bbox 790 1990 834 2016; x_wconf 89' lang='lat' dir='ltr'><strong>ac</strong></span> <span class='ocrx_word' id='word_1_244' title='bbox 857 1976 1134 2026; x_wconf 85' lang='lat' dir='ltr'><strong>demersisset,</strong></span> <span class='ocrx_word' id='word_1_245' title='bbox 1167 1975 1387 2030; x_wconf 78' lang='lat' dir='ltr'><strong>proximam</strong></span> <span class='ocrx_word' id='word_1_246' title='bbox 1410 1973 1564 2027; x_wconf 86' lang='lat' dir='ltr'><strong>longius</strong></span> <span class='ocrx_word' id='word_1_247' title='bbox 1586 1973 1646 2013; x_wconf 84' lang='lat' dir='ltr'><strong>in-</strong></span> 
     </span>
     <span class='ocr_line' id='line_1_35' title="bbox 156 2040 1644 2097; baseline -0.003 -14"><span class='ocrx_word' id='word_1_248' title='bbox 156 2050 315 2083; x_wconf 88' lang='lat' dir='ltr'><strong>secutus</strong></span> <span class='ocrx_word' id='word_1_249' title='bbox 349 2057 484 2097; x_wconf 89' lang='lat' dir='ltr'><strong>parum</strong></span> <span class='ocrx_word' id='word_1_250' title='bbox 526 2044 710 2084; x_wconf 89' lang='lat' dir='ltr'><strong>celeriter</strong></span> <span class='ocrx_word' id='word_1_251' title='bbox 748 2043 1047 2097; x_wconf 88' lang='lat' dir='ltr'><strong>insequentibus</strong></span> <span class='ocrx_word' id='word_1_252' title='bbox 1078 2043 1239 2096; x_wconf 93' lang='lat' dir='ltr'><strong>reliquis</strong></span> <span class='ocrx_word' id='word_1_253' title='bbox 1270 2043 1564 2083; x_wconf 89' lang='lat' dir='ltr'><strong>circumuentus</strong></span> <span class='ocrx_word' id='word_1_254' title='bbox 1596 2040 1644 2080; x_wconf 85' lang='lat' dir='ltr'><strong>ab</strong></span> 
     </span>
     <span class='ocr_line' id='line_1_36' title="bbox 153 2106 1692 2164; baseline -0.003 -13"><span class='ocrx_word' id='word_1_255' title='bbox 153 2111 439 2152; x_wconf 74' lang='lat' dir='ltr'><strong>Alexandrinis</strong></span> <span class='ocrx_word' id='word_1_256' title='bbox 463 2118 537 2152; x_wconf 92' lang='lat' dir='ltr'><strong>est.</strong></span> <span class='ocrx_word' id='word_1_257' title='bbox 583 2109 660 2153; x_wconf 91' lang='lat' dir='ltr'><strong>Cui</strong></span> <span class='ocrx_word' id='word_1_258' title='bbox 682 2111 897 2152; x_wconf 92' lang='lat' dir='ltr'><strong>subsidium</strong></span> <span class='ocrx_word' id='word_1_259' title='bbox 921 2125 1036 2152; x_wconf 91' lang='lat' dir='ltr'><strong>nemo</strong></span> <span class='ocrx_word' id='word_1_260' title='bbox 1059 2111 1163 2161; x_wconf 92' lang='lat' dir='ltr'><strong>tulit,</strong></span> <span class='ocrx_word' id='word_1_261' title='bbox 1187 2111 1271 2151; x_wconf 90' lang='lat' dir='ltr'><strong>siue</strong></span> <span class='ocrx_word' id='word_1_262' title='bbox 1294 2110 1394 2164; x_wconf 92' lang='lat' dir='ltr'><strong>quod</strong></span> <span class='ocrx_word' id='word_1_263' title='bbox 1414 2108 1455 2149; x_wconf 90' lang='lat' dir='ltr'><strong>in</strong></span> <span class='ocrx_word' id='word_1_264' title='bbox 1476 2108 1562 2162; x_wconf 89' lang='lat' dir='ltr'><strong>ipso</strong></span> <span class='ocrx_word' id='word_1_265' title='bbox 1581 2122 1643 2148; x_wconf 92' lang='lat' dir='ltr'><strong>sa·</strong></span> <span class='ocrx_word' id='word_1_266' title='bbox 1664 2106 1692 2148; x_wconf 91' lang='grc'><strong>6</strong></span> 
     </span>
     <span class='ocr_line' id='line_1_37' title="bbox 155 2176 1646 2234; baseline -0.002 -15"><span class='ocrx_word' id='word_1_267' title='bbox 155 2179 205 2220; x_wconf 90' lang='lat' dir='ltr'><strong>tis</strong></span> <span class='ocrx_word' id='word_1_268' title='bbox 236 2180 423 2234; x_wconf 88' lang='lat' dir='ltr'><strong>praesidii</strong></span> <span class='ocrx_word' id='word_1_269' title='bbox 441 2193 510 2234; x_wconf 91' lang='lat' dir='ltr'><strong>pro</strong></span> <span class='ocrx_word' id='word_1_270' title='bbox 533 2180 679 2221; x_wconf 89' lang='lat' dir='ltr'><strong>uirtute</strong></span> <span class='ocrx_word' id='word_1_271' title='bbox 701 2195 746 2221; x_wconf 89' lang='lat' dir='ltr'><strong>ac</strong></span> <span class='ocrx_word' id='word_1_272' title='bbox 768 2180 957 2221; x_wconf 85' lang='lat' dir='ltr'><strong>felicitate</strong></span> <span class='ocrx_word' id='word_1_273' title='bbox 980 2179 1063 2221; x_wconf 90' lang='lat' dir='ltr'><strong>eius</strong></span> <span class='ocrx_word' id='word_1_274' title='bbox 1085 2186 1269 2234; x_wconf 85' lang='lat' dir='ltr'><strong>putarent</strong></span> <span class='ocrx_word' id='word_1_275' title='bbox 1291 2192 1378 2220; x_wconf 91' lang='lat' dir='ltr'><strong>esse</strong></span> <span class='ocrx_word' id='word_1_276' title='bbox 1393 2210 1403 2230; x_wconf 90' lang='lat'><strong>,</strong></span> <span class='ocrx_word' id='word_1_277' title='bbox 1436 2177 1522 2218; x_wconf 90' lang='lat' dir='ltr'><strong>siue</strong></span> <span class='ocrx_word' id='word_1_278' title='bbox 1544 2176 1646 2231; x_wconf 91' lang='lat' dir='ltr'><strong>quod</strong></span> 
     </span>
    </p>
   </div>
   <div class='ocr_carea' id='block_1_9' title="bbox 158 2351 1648 2858">
    <p class='ocr_par' dir='ltr' id='par_1_9' title="bbox 158 2351 1648 2858">
     <span class='ocr_line' id='line_1_38' title="bbox 297 2351 1497 2396; baseline -0.003 -10"><span class='ocrx_word' id='word_1_279' title='bbox 297 2353 318 2386; x_wconf 83' lang='lat'>2</span> <span class='ocrx_word' id='word_1_280' title='bbox 337 2352 519 2386; x_wconf 87' lang='lat' dir='ltr'><strong>adfirmans</strong></span> <span class='ocrx_word' id='word_1_281' title='bbox 539 2363 572 2385; x_wconf 86' lang='grc' dir='ltr'><strong>α.</strong></span> <span class='ocrx_word' id='word_1_282' title='bbox 746 2355 764 2386; x_wconf 79' lang='grc'>4</span> <span class='ocrx_word' id='word_1_283' title='bbox 784 2353 955 2396; x_wconf 73' lang='lat' dir='ltr'><strong>lacrymas</strong></span> <span class='ocrx_word' id='word_1_284' title='bbox 976 2352 1042 2393; x_wconf 83' lang='lat' dir='ltr'><strong>(a).</strong></span> <span class='ocrx_word' id='word_1_285' title='bbox 1229 2352 1248 2385; x_wconf 81' lang='lat'><strong>9</strong></span> <span class='ocrx_word' id='word_1_286' title='bbox 1268 2351 1445 2394; x_wconf 89' lang='lat' dir='ltr'><strong>adsumpto</strong></span> <span class='ocrx_word' id='word_1_287' title='bbox 1464 2361 1497 2383; x_wconf 88' lang='lat' dir='ltr'><strong>a.</strong></span> 
     </span>
     <span class='ocr_line' id='line_1_39' title="bbox 160 2401 1648 2446; baseline -0.001 -13"><span class='ocrx_word' id='word_1_288' title='bbox 160 2401 199 2434; x_wconf 83' lang='lat'><strong>10</strong></span> <span class='ocrx_word' id='word_1_289' title='bbox 218 2402 440 2436; x_wconf 85' lang='lat' dir='ltr'><strong>aduerterent</strong></span> <span class='ocrx_word' id='word_1_290' title='bbox 457 2406 507 2436; x_wconf 86' lang='lat' dir='ltr'><strong>ab</strong></span> <span class='ocrx_word' id='word_1_291' title='bbox 520 2415 550 2436; x_wconf 87' lang='lat' dir='ltr'><strong>c.</strong></span> <span class='ocrx_word' id='word_1_292' title='bbox 719 2404 755 2437; x_wconf 90' lang='lat'><strong>11</strong></span> <span class='ocrx_word' id='word_1_293' title='bbox 778 2404 957 2446; x_wconf 90' lang='lat' dir='ltr'><strong>quicquam</strong></span> <span class='ocrx_word' id='word_1_294' title='bbox 976 2414 1011 2445; x_wconf 84' lang='lat' dir='ltr'><strong>a,</strong></span> <span class='ocrx_word' id='word_1_295' title='bbox 1031 2413 1101 2436; x_wconf 85' lang='lat' dir='ltr'><strong>non</strong></span> <span class='ocrx_word' id='word_1_296' title='bbox 1119 2403 1235 2446; x_wconf 88' lang='lat' dir='ltr'><strong>quidq.</strong></span> <span class='ocrx_word' id='word_1_297' title='bbox 1395 2403 1435 2435; x_wconf 78' lang='lat'><strong>12</strong></span> <span class='ocrx_word' id='word_1_298' title='bbox 1456 2402 1648 2434; x_wconf 77' lang='lat' dir='ltr'><strong>existerent</strong></span> 
     </span>
     <span class='ocr_line' id='line_1_40' title="bbox 158 2452 1648 2497; baseline -0.002 -9"><span class='ocrx_word' id='word_1_299' title='bbox 158 2452 224 2493; x_wconf 76' lang='grc' dir='ltr'>(α).</span> <span class='ocrx_word' id='word_1_300' title='bbox 365 2455 496 2488; x_wconf 86' lang='lat' dir='ltr'><strong>Caesar</strong></span> <span class='ocrx_word' id='word_1_301' title='bbox 512 2467 546 2488; x_wconf 85' lang='lat' dir='ltr'><strong>a.</strong></span> <span class='ocrx_word' id='word_1_302' title='bbox 691 2455 730 2487; x_wconf 83' lang='lat'><strong>13</strong></span> <span class='ocrx_word' id='word_1_303' title='bbox 750 2454 916 2497; x_wconf 84' lang='lat' dir='ltr'><strong>Cyliaque</strong></span> <span class='ocrx_word' id='word_1_304' title='bbox 935 2465 970 2486; x_wconf 86' lang='lat' dir='ltr'><strong>a.</strong></span> <span class='ocrx_word' id='word_1_305' title='bbox 1119 2454 1272 2486; x_wconf 89' lang='lat' dir='ltr'><strong>auditum</strong></span> <span class='ocrx_word' id='word_1_306' title='bbox 1292 2454 1434 2486; x_wconf 87' lang='lat' dir='ltr'><strong>Caesari</strong></span> <span class='ocrx_word' id='word_1_307' title='bbox 1453 2465 1474 2486; x_wconf 84' lang='lat' dir='ltr'><strong>a</strong></span> <span class='ocrx_word' id='word_1_308' title='bbox 1495 2455 1592 2486; x_wconf 83' lang='lat' dir='ltr'><strong>‘mss.</strong></span> <span class='ocrx_word' id='word_1_309' title='bbox 1612 2457 1648 2486; x_wconf 79' lang='lat' dir='ltr'><strong>et</strong></span> 
     </span>
     <span class='ocr_line' id='line_1_41' title="bbox 158 2504 1646 2547; baseline 0.003 -13"><span class='ocrx_word' id='word_1_310' title='bbox 158 2504 235 2535; x_wconf 85' lang='lat' dir='ltr'><strong>edd.</strong></span> <span class='ocrx_word' id='word_1_311' title='bbox 256 2505 364 2547; x_wconf 81' lang='lat' dir='ltr'><strong>qdd.’‚</strong></span> <span class='ocrx_word' id='word_1_312' title='bbox 385 2506 526 2539; x_wconf 84' lang='lat' dir='ltr'><strong>Caesari</strong></span> <span class='ocrx_word' id='word_1_313' title='bbox 545 2506 697 2538; x_wconf 83' lang='lat' dir='ltr'><strong>auditum</strong></span> <span class='ocrx_word' id='word_1_314' title='bbox 717 2506 833 2538; x_wconf 81' lang='lat' dir='ltr'><strong>Aldus</strong></span> <span class='ocrx_word' id='word_1_315' title='bbox 852 2516 887 2537; x_wconf 83' lang='lat' dir='ltr'><strong>u.</strong></span> <span class='ocrx_word' id='word_1_316' title='bbox 1048 2505 1088 2537; x_wconf 91' lang='lat'><strong>14</strong></span> <span class='ocrx_word' id='word_1_317' title='bbox 1107 2505 1192 2538; x_wconf 88' lang='lat' dir='ltr'><strong>mari</strong></span> <span class='ocrx_word' id='word_1_318' title='bbox 1210 2506 1338 2538; x_wconf 86' lang='lat' dir='ltr'><strong>nostris</strong></span> <span class='ocrx_word' id='word_1_319' title='bbox 1356 2516 1377 2537; x_wconf 89' lang='grc' dir='ltr'><em>α</em></span> <span class='ocrx_word' id='word_1_320' title='bbox 1399 2506 1493 2537; x_wconf 66' lang='lat' dir='ltr'><strong>‘ms-9.</strong></span> <span class='ocrx_word' id='word_1_321' title='bbox 1514 2509 1550 2537; x_wconf 84' lang='lat' dir='ltr'><strong>et</strong></span> <span class='ocrx_word' id='word_1_322' title='bbox 1567 2506 1646 2538; x_wconf 79' lang='lat' dir='ltr'><strong>edd.</strong></span> 
     </span>
     <span class='ocr_line' id='line_1_42' title="bbox 159 2556 1642 2600; baseline 0.001 -13"><span class='ocrx_word' id='word_1_323' title='bbox 159 2556 268 2597; x_wconf 58' lang='lat' dir='ltr'><strong>qam),</strong></span> <span class='ocrx_word' id='word_1_324' title='bbox 289 2558 412 2590; x_wconf 86' lang='lat' dir='ltr'><strong>nostris</strong></span> <span class='ocrx_word' id='word_1_325' title='bbox 430 2559 562 2591; x_wconf 86' lang='lat' dir='ltr'><strong>mariu.</strong></span> <span class='ocrx_word' id='word_1_326' title='bbox 751 2556 1061 2600; x_wconf 85' lang='lat' dir='ltr'><strong>subportabatura.</strong></span> <span class='ocrx_word' id='word_1_327' title='bbox 1234 2557 1272 2590; x_wconf 78' lang='lat'><strong>16</strong></span> <span class='ocrx_word' id='word_1_328' title='bbox 1292 2562 1548 2599; x_wconf 87' lang='lat' dir='ltr'><strong>commeatuque</strong></span> <span class='ocrx_word' id='word_1_329' title='bbox 1567 2568 1642 2599; x_wconf 77' lang='lat' dir='ltr'><strong>ego,</strong></span> 
     </span>
     <span class='ocr_line' id='line_1_43' title="bbox 161 2608 1645 2651; baseline 0.003 -14"><span class='ocrx_word' id='word_1_330' title='bbox 161 2613 347 2639; x_wconf 81' lang='lat' dir='ltr'><strong>commeatu</strong></span> <span class='ocrx_word' id='word_1_331' title='bbox 367 2619 387 2640; x_wconf 92' lang='lat' dir='ltr'><strong>a</strong></span> <span class='ocrx_word' id='word_1_332' title='bbox 401 2610 419 2641; x_wconf 88' lang='lat' dir='ltr'><strong>b</strong></span> <span class='ocrx_word' id='word_1_333' title='bbox 432 2620 470 2650; x_wconf 85' lang='lat' dir='ltr'><strong>c,·</strong></span> <span class='ocrx_word' id='word_1_334' title='bbox 490 2610 734 2642; x_wconf 86' lang='lat' dir='ltr'><strong>commeatibus</strong></span> <span class='ocrx_word' id='word_1_335' title='bbox 754 2620 790 2640; x_wconf 85' lang='lat' dir='ltr'><strong>u.</strong></span> <span class='ocrx_word' id='word_1_336' title='bbox 813 2609 853 2640; x_wconf 81' lang='lat' dir='ltr'><strong>P.</strong></span> <span class='ocrx_word' id='word_1_337' title='bbox 877 2608 953 2641; x_wconf 79' lang='lat'><strong>193.</strong></span> <span class='ocrx_word' id='word_1_338' title='bbox 1142 2608 1183 2641; x_wconf 93' lang='grc'><strong>17</strong></span> <span class='ocrx_word' id='word_1_339' title='bbox 1202 2619 1296 2641; x_wconf 87' lang='lat' dir='ltr'><strong>suam</strong></span> <span class='ocrx_word' id='word_1_340' title='bbox 1315 2620 1378 2651; x_wconf 83' lang='lat' dir='ltr'><strong>ego</strong></span> <span class='ocrx_word' id='word_1_341' title='bbox 1392 2635 1401 2649; x_wconf 91' lang='lat'><strong>,</strong></span> <span class='ocrx_word' id='word_1_342' title='bbox 1421 2620 1521 2641; x_wconf 87' lang='lat' dir='ltr'><strong>unam</strong></span> <span class='ocrx_word' id='word_1_343' title='bbox 1540 2620 1560 2641; x_wconf 86' lang='lat' dir='ltr'><strong>a</strong></span> <span class='ocrx_word' id='word_1_344' title='bbox 1576 2611 1593 2641; x_wconf 87' lang='lat' dir='ltr'><strong>b</strong></span> <span class='ocrx_word' id='word_1_345' title='bbox 1606 2621 1645 2649; x_wconf 81' lang='lat' dir='ltr'><strong>e,-</strong></span> 
     </span>
     <span class='ocr_line' id='line_1_44' title="bbox 161 2659 1499 2704; baseline 0 -12"><span class='ocrx_word' id='word_1_346' title='bbox 161 2667 228 2688; x_wconf 78' lang='lat' dir='ltr'><strong>om-</strong></span> <span class='ocrx_word' id='word_1_347' title='bbox 250 2668 284 2688; x_wconf 80' lang='lat' dir='ltr'><strong>u·</strong></span> <span class='ocrx_word' id='word_1_348' title='bbox 442 2661 482 2693; x_wconf 89' lang='grc'><strong>18</strong></span> <span class='ocrx_word' id='word_1_349' title='bbox 499 2660 683 2704; x_wconf 78' lang='lat' dir='ltr'><strong>Tyberiuni</strong></span> <span class='ocrx_word' id='word_1_350' title='bbox 702 2671 735 2702; x_wconf 87' lang='lat' dir='ltr'><strong>a,</strong></span> <span class='ocrx_word' id='word_1_351' title='bbox 758 2660 834 2692; x_wconf 92' lang='lat' dir='ltr'><strong>Tib.</strong></span> <span class='ocrx_word' id='word_1_352' title='bbox 855 2670 890 2691; x_wconf 87' lang='lat' dir='ltr'><strong>u.</strong></span> <span class='ocrx_word' id='word_1_353' title='bbox 1039 2659 1082 2692; x_wconf 84' lang='lat'><strong>20</strong></span> <span class='ocrx_word' id='word_1_354' title='bbox 1100 2670 1257 2702; x_wconf 88' lang='lat' dir='ltr'><strong>umquam</strong></span> <span class='ocrx_word' id='word_1_355' title='bbox 1277 2671 1312 2701; x_wconf 85' lang='lat' dir='ltr'><strong>a,</strong></span> <span class='ocrx_word' id='word_1_356' title='bbox 1332 2672 1401 2693; x_wconf 84' lang='lat' dir='ltr'><strong>non</strong></span> <span class='ocrx_word' id='word_1_357' title='bbox 1420 2672 1499 2703; x_wconf 89' lang='lat' dir='ltr'><strong>unq.</strong></span> 
     </span>
     <span class='ocr_line' id='line_1_45' title="bbox 162 2709 1647 2756; baseline 0.003 -17"><span class='ocrx_word' id='word_1_358' title='bbox 162 2709 356 2747; x_wconf 86' lang='lat' dir='ltr'><strong>(marituma</strong></span> <span class='ocrx_word' id='word_1_359' title='bbox 374 2720 395 2741; x_wconf 88' lang='grc' dir='ltr'><em>α</em></span> <span class='ocrx_word' id='word_1_360' title='bbox 408 2710 438 2752; x_wconf 85' lang='lat' dir='ltr'><strong>c)</strong></span> <span class='ocrx_word' id='word_1_361' title='bbox 460 2713 589 2744; x_wconf 86' lang='lat' dir='ltr'><strong>marina</strong></span> <span class='ocrx_word' id='word_1_362' title='bbox 603 2714 634 2744; x_wconf 80' lang='lat' dir='ltr'><strong>b.</strong></span> <span class='ocrx_word' id='word_1_363' title='bbox 772 2713 815 2747; x_wconf 73' lang='lat'><strong>23</strong></span> <span class='ocrx_word' id='word_1_364' title='bbox 835 2711 1106 2755; x_wconf 82' lang='lat' dir='ltr'><strong>prosequebatur</strong></span> <span class='ocrx_word' id='word_1_365' title='bbox 1122 2712 1173 2754; x_wconf 84' lang='lat' dir='ltr'><strong>(a)</strong></span> <span class='ocrx_word' id='word_1_366' title='bbox 1187 2714 1235 2748; x_wconf 77' lang='lat'><strong>02</strong></span> <span class='ocrx_word' id='word_1_367' title='bbox 1253 2713 1359 2755; x_wconf 61' lang='lat' dir='ltr'><strong>dett„</strong></span> <span class='ocrx_word' id='word_1_368' title='bbox 1379 2713 1647 2756; x_wconf 84' lang='lat' dir='ltr'><strong>persequebatur</strong></span> 
     </span>
     <span class='ocr_line' id='line_1_46' title="bbox 165 2760 1648 2808; baseline 0.002 -16"><span class='ocrx_word' id='word_1_369' title='bbox 165 2760 342 2803; x_wconf 50' lang='lat' dir='ltr'><strong>‘reliquit</strong></span> <span class='ocrx_word' id='word_1_370' title='bbox 491 2765 534 2798; x_wconf 80' lang='lat'><strong>24</strong></span> <span class='ocrx_word' id='word_1_371' title='bbox 552 2765 721 2808; x_wconf 86' lang='lat' dir='ltr'><strong>utrimque</strong></span> <span class='ocrx_word' id='word_1_372' title='bbox 739 2776 772 2805; x_wconf 85' lang='grc' dir='ltr'><strong>α,</strong></span> <span class='ocrx_word' id='word_1_373' title='bbox 794 2775 864 2796; x_wconf 84' lang='grc' dir='ltr'><strong>ηοη</strong></span> <span class='ocrx_word' id='word_1_374' title='bbox 883 2765 1053 2806; x_wconf 83' lang='lat' dir='ltr'><strong>utrinque.</strong></span> <span class='ocrx_word' id='word_1_375' title='bbox 1194 2766 1306 2798; x_wconf 87' lang='lat' dir='ltr'><strong>classe</strong></span> <span class='ocrx_word' id='word_1_376' title='bbox 1322 2767 1351 2798; x_wconf 89' lang='lat' dir='ltr'><strong>b.</strong></span> <span class='ocrx_word' id='word_1_377' title='bbox 1493 2765 1534 2799; x_wconf 81' lang='lat'><strong>25</strong></span> <span class='ocrx_word' id='word_1_378' title='bbox 1547 2765 1648 2796; x_wconf 86' lang='lat' dir='ltr'><strong>trire-</strong></span> 
     </span>
     <span class='ocr_line' id='line_1_47' title="bbox 163 2815 1647 2858; baseline 0.001 -11"><span class='ocrx_word' id='word_1_379' title='bbox 163 2825 249 2847; x_wconf 88' lang='lat' dir='ltr'><strong>mem</strong></span> <span class='ocrx_word' id='word_1_380' title='bbox 268 2825 344 2857; x_wconf 81' lang='lat' dir='ltr'><strong>ego,</strong></span> <span class='ocrx_word' id='word_1_381' title='bbox 366 2815 417 2846; x_wconf 90' lang='lat' dir='ltr'><strong>illi</strong></span> <span class='ocrx_word' id='word_1_382' title='bbox 435 2815 668 2850; x_wconf 86' lang='lat' dir='ltr'><strong>trirememab</strong></span> <span class='ocrx_word' id='word_1_383' title='bbox 681 2829 717 2858; x_wconf 80' lang='lat' dir='ltr'><strong>c,-</strong></span> <span class='ocrx_word' id='word_1_384' title='bbox 739 2818 812 2849; x_wconf 88' lang='lat' dir='ltr'><strong>illic</strong></span> <span class='ocrx_word' id='word_1_385' title='bbox 825 2817 999 2848; x_wconf 87' lang='lat' dir='ltr'><strong>triremem</strong></span> <span class='ocrx_word' id='word_1_386' title='bbox 1012 2827 1046 2848; x_wconf 84' lang='lat' dir='ltr'><strong>u.</strong></span> <span class='ocrx_word' id='word_1_387' title='bbox 1067 2815 1109 2848; x_wconf 87' lang='lat' dir='ltr'><strong>P.</strong></span> <span class='ocrx_word' id='word_1_388' title='bbox 1124 2816 1200 2849; x_wconf 77' lang='lat'><strong>194.</strong></span> <span class='ocrx_word' id='word_1_389' title='bbox 1348 2817 1391 2851; x_wconf 78' lang='lat'><strong>26</strong></span> <span class='ocrx_word' id='word_1_390' title='bbox 1411 2815 1647 2858; x_wconf 66' lang='lat' dir='ltr'><strong>perforas-sent</strong></span> 
     </span>
    </p>
   </div>
   <div class='ocr_carea' id='block_1_10' title="bbox 164 2867 974 2904">
    <p class='ocr_par' dir='ltr' id='par_1_10' title="bbox 164 2867 974 2904">
     <span class='ocr_line' id='line_1_48' title="bbox 164 2867 974 2904; baseline 0.002 -5"><span class='ocrx_word' id='word_1_391' title='bbox 164 2878 202 2899; x_wconf 89' lang='lat' dir='ltr'><strong>ac</strong></span> <span class='ocrx_word' id='word_1_392' title='bbox 222 2867 468 2899; x_wconf 87' lang='lat' dir='ltr'><strong>demersissent</strong></span> <span class='ocrx_word' id='word_1_393' title='bbox 486 2878 505 2899; x_wconf 91' lang='grc' dir='ltr'><em>α</em></span> <span class='ocrx_word' id='word_1_394' title='bbox 521 2868 579 2900; x_wconf 86' lang='lat' dir='ltr'><strong>bc.</strong></span> <span class='ocrx_word' id='word_1_395' title='bbox 718 2870 761 2904; x_wconf 82' lang='lat'><strong>28</strong></span> <span class='ocrx_word' id='word_1_396' title='bbox 780 2873 832 2901; x_wconf 90' lang='lat' dir='ltr'><strong>est</strong></span> <span class='ocrx_word' id='word_1_397' title='bbox 850 2879 918 2902; x_wconf 85' lang='lat' dir='ltr'><strong>om.</strong></span> <span class='ocrx_word' id='word_1_398' title='bbox 939 2879 974 2901; x_wconf 88' lang='grc' dir='ltr'><strong>α.</strong></span> 
     </span>
    </p>
   </div>
  </div>
 </body>
</html>
