1835 3240
638 179 825 224 CAPVT
844 179 898 221 45
912 204 962 210 -
975 178 1045 220 47.
1618 177 1702 220 689

149 297 238 353 quid
276 310 328 337 ex
366 294 443 335 tuis
475 293 598 348 copiis
639 307 799 348 sperare
830 292 1003 334 debeas'.
1065 289 1279 344 Postquam
1319 289 1414 330 haec
1445 292 1623 334 centurio
1645 291 1702 337 46

148 363 348 420 praesenti
388 362 517 401 animo
551 362 740 403 aduersus
772 361 995 415 opinionem
1026 359 1110 400 eius
1142 365 1202 399 est
1233 357 1409 406 locutus,
1444 358 1504 398 ira
1541 374 1628 413 per-

145 433 244 472 citus
262 429 394 484 Scipio
417 437 532 483 atque
554 429 673 469 animi
690 429 823 469 dolore
844 428 1030 468 incensus
1052 426 1192 467 annuit
1209 424 1521 475 centurionibus,
1540 427 1627 479 quid

145 499 230 540 fieri
259 498 402 545 uellet,
436 505 551 550 atque
583 503 674 536 ante
706 496 822 549 pedes
855 495 1121 535 centurionem
1154 492 1356 534 interfecit
1380 492 1629 546 reliquosque

99 574 117 606 5
151 573 362 606 ueteranos
386 580 408 606 a
429 564 622 605 tironibus
644 562 751 603 iubet
771 563 942 602 secerni.
985 562 1197 601 ‘Abducite
1219 561 1348 611 istos',
1372 558 1512 614 inquit,
1546 564 1630 601 ‘ne-
1650 561 1677 601 2

72 910 112 943 10

70 1245 110 1278 15

63 1922 105 1957 25

145 634 245 674 fario
277 633 428 673 scelere
451 631 738 672 contaminatos
762 636 801 669 et
821 630 940 670 caede
963 629 1106 669 ciuium
1129 627 1362 683 saginatos'.
1424 625 1492 668 Sic
1514 634 1630 668 extra

145 701 291 741 uallum
314 699 468 740 deducti
489 706 580 739 sunt
598 705 635 739 et
653 697 921 737 cruciabiliter
938 696 1152 737 interfecti.
1189 696 1361 737 Tirones
1379 702 1508 736 autem
1524 695 1633 736 iubet
1653 696 1677 738 3

144 769 249 809 inter
274 767 450 821 legiones
483 766 683 820 dispertiri
714 772 753 805 et
774 762 996 805 Cominium
1028 778 1114 804 cum
1136 763 1276 804 Ticida
1307 764 1348 803 in
1380 771 1630 818 conspectum

144 850 255 876 suum
278 835 457 889 prohibet
477 834 629 874 adduci.
689 831 777 885 Qua
800 846 851 873 ex
873 847 917 873 re
939 830 1091 873 Caesar
1112 838 1328 871 commotus
1352 845 1437 881 eos,
1472 845 1569 885 quos
1590 832 1631 872 in
1652 833 1679 873 4

144 902 379 944 stationibus
410 916 496 942 cum
528 901 656 956 longis
687 901 851 941 nauibus
879 900 977 954 apud
1000 898 1200 953 Thapsum
1223 900 1424 940 custodiae
1447 913 1569 940 causa
1589 900 1631 940 in

144 971 228 1011 salo
260 983 349 1011 esse
380 969 577 1017 iusserat,
613 976 655 1009 ut
686 969 767 1009 suis
799 967 992 1008 onerariis
1015 967 1222 1021 longisque
1247 967 1412 1007 nauibus
1435 967 1630 1021 praesidio

144 1044 296 1086 essent,
320 1037 368 1076 ob
391 1035 678 1090 neglegentiam
700 1035 941 1088 ignominiae
963 1049 1085 1075 causa
1107 1034 1357 1075 dimittendos
1379 1035 1426 1076 ab
1450 1036 1632 1076 exercitu

142 1103 494 1158 grauissimumque
515 1105 555 1144 in
577 1117 646 1144 eos
670 1104 837 1143 edictum
860 1103 1154 1157 proponendum
1179 1102 1345 1143 curauit.

254 1169 334 1212 Per
363 1172 400 1211 id
431 1179 583 1225 tempus
607 1172 689 1211 fere
713 1169 902 1212 Caesaris
925 1170 1121 1211 exercitui
1141 1183 1206 1211 res
1228 1170 1371 1211 accidit
1391 1170 1631 1211 incredibilis
1649 1170 1707 1215 47

142 1238 289 1278 auditu.
315 1238 500 1293 Namque
522 1239 777 1293 uergiliarum
801 1240 915 1293 signo
938 1240 1118 1278 confecto
1134 1238 1294 1279 circiter
1307 1238 1441 1292 uigilia
1457 1240 1630 1280 secunda

142 1306 270 1346 noctis
300 1306 453 1347 nimbus
476 1321 561 1348 cum
584 1321 706 1348 saxea
728 1307 920 1361 grandine
942 1305 1070 1346 subito
1093 1312 1150 1346 est
1174 1314 1339 1347 exortus
1361 1306 1517 1360 ingens.
1568 1306 1632 1347 Ad
1652 1307 1680 1348 2

143 1374 215 1414 1100
237 1382 367 1415 autem
389 1376 678 1416 incommodum
700 1381 952 1424 accesserat,
985 1374 1084 1427 quod
1109 1371 1262 1414 Caesar
1283 1388 1361 1415 non
1383 1388 1494 1415 more
1516 1388 1632 1428 supe-

142 1442 290 1482 riorum
323 1450 540 1497 temporum
573 1443 613 1484 in
635 1442 808 1483 hibernis
832 1441 1053 1482 exercitum
1076 1441 1327 1493 continebat,
1362 1442 1430 1482 sed
1452 1442 1492 1482 in
1515 1443 1632 1482 tertio

141 1517 358 1564 quartoque
401 1511 463 1552 die
502 1511 750 1565 procedendo
792 1510 1028 1564 propiusque
1061 1509 1211 1550 hostem
1242 1511 1465 1551 accedendo
1499 1517 1630 1551 castra

139 1578 451 1629 communiebat,
491 1593 687 1633 opereque
719 1579 897 1619 faciendo
930 1578 1071 1618 milites
1102 1591 1145 1618 se
1178 1578 1521 1632 circumspiciendi
1551 1592 1630 1618 non

141 1645 337 1686 habebant
358 1646 599 1687 facultatem.
637 1645 855 1687 Praeterea
877 1645 931 1686 ita
954 1660 1004 1686 ex
1022 1643 1162 1686 Sicilia
1184 1646 1406 1686 exercituin
1431 1654 1631 1700 transpor-
1653 1645 1677 1686 3

141 1712 264 1762 tabat,
289 1721 328 1754 ut
352 1721 508 1767 praeter
528 1714 653 1768 ipsum
674 1714 835 1754 militem
854 1721 893 1754 et
909 1727 1019 1754 arma
1038 1727 1110 1754 1100
1128 1727 1198 1754 uas
1222 1727 1293 1754 nec
1311 1713 1544 1768 mancipium
1561 1728 1630 1754 110-
1688 1758 1691 1761 ,

139 1794 212 1834 que
244 1781 361 1821 ullam
391 1796 499 1832 rem,
535 1796 634 1835 quae
664 1782 753 1822 usui
777 1781 888 1821 militi
912 1795 1000 1822 esse
1023 1781 1254 1832 consueuit,
1288 1781 1328 1821 in
1351 1795 1473 1822 naues
1496 1782 1631 1835 inponi

138 1855 356 1902 pateretur.
400 1847 447 1890 In
468 1850 607 1891 Africa
638 1857 769 1890 autem
804 1864 882 1889 non
913 1850 1026 1889 modo
1059 1849 1133 1889 sibi
1164 1850 1370 1905 quicquam
1394 1864 1472 1889 non
1494 1850 1629 1903 adqui-
1650 1849 1677 1889 4

137 1915 287 1956 sierant
315 1924 382 1957 aut
403 1925 656 1971 parauerant‚
689 1918 757 1958 sed
781 1917 898 1958 etiam
921 1925 1083 1971 propter
1104 1931 1286 1958 annonae
1310 1917 1514 1958 caritatem
1537 1924 1629 1958 aute

138 1991 249 2037 parta
271 1992 612 2038 consumpserant.
647 1983 797 2037 Quibus
820 1985 938 2025 rebus
952 1986 1146 2026 attenuati
1163 1986 1301 2039 oppido
1317 1999 1500 2039 perquam
1518 1986 1629 2040 pauci
1652 1986 1677 2025 5

139 2051 211 2092 sub
235 2052 398 2106 pellibus
422 2052 726 2106 adquiescebant
741 2069 751 2103 3
768 2052 907 2106 reliqui
931 2066 983 2093 ex
1004 2054 1250 2093 uestimentis
1273 2053 1497 2093 tentoriolis
1516 2053 1629 2094 factis

138 2126 254 2172 atque
276 2120 532 2161 arundinibus
554 2121 759 2175 scopisque
783 2120 982 2161 contextis
1005 2121 1304 2174 permanebant.
1339 2119 1477 2174 Itaque
1497 2120 1627 2161 subito
1648 2119 1674 2161 6

136 2187 261 2228 imbre
292 2188 559 2241 grandineque
593 2195 806 2229 consecuta
828 2188 1004 2241 grauatis
1027 2190 1198 2242 pondere
1220 2188 1402 2229 tentoriis
1426 2202 1628 2242 aquaeque

278 2257 299 2292 2
317 2261 370 2289 est
388 2268 456 2289 om.
477 2268 511 2289 α.
654 2260 672 2290 4
692 2258 776 2290 uelit
796 2259 826 2289 b.
972 2257 1153 2290 interfecit
1170 2268 1189 2289 a
1211 2258 1242 2299 b,
1267 2257 1431 2289 interficit
1447 2268 1483 2288 u.

136 2309 153 2341 5
173 2309 256 2341 istos
276 2310 390 2352 inquid
409 2321 443 2351 α,
464 2310 575 2352 inquit
592 2310 677 2342 istos
697 2310 775 2342 edd.
918 2310 935 2341 6
955 2310 1038 2341 cede
1057 2320 1091 2342 α.
1236 2310 1277 2343 12
1288 2308 1517 2349 negligentiae
1537 2309 1630 2349 igno-

135 2361 324 2403 miniaeque
343 2371 481 2393 causam
503 2363 530 2393 b.
689 2364 729 2394 14
750 2362 907 2394 exercitu
926 2372 955 2393 c.
1110 2362 1149 2394 15
1170 2363 1264 2394 aditu
1285 2362 1316 2393 b.
1465 2362 1628 2401 uergilia-

137 2422 209 2444 rum
228 2424 261 2451 α,
281 2414 497 2455 uirgiliarum
516 2424 551 2445 u.
710 2414 750 2447 18
769 2419 956 2455 temporum
979 2412 1239 2455 Glanderszs,
1262 2414 1502 2455 imperatorum
1524 2413 1625 2445 codd.

279 2467 321 2500 20
341 2467 568 2498 communibat
589 2477 610 2497 a
632 2467 662 2498 b.
825 2465 864 2498 21
888 2466 1037 2497 habebat
1056 2476 1089 2496 α.
1248 2465 1296 2496 ita
1314 2475 1381 2496 om.
1406 2474 1427 2495 α
1449 2465 1480 2495 b.

138 2517 394 2558 transportabat
411 2528 431 2548 α
447 2518 476 2558 b,
498 2521 799 2560 transportauerat
819 2527 852 2547 u.
1032 2516 1149 2550 221100
1169 2526 1229 2548 uas
1249 2526 1309 2548 nee
1344 2526 1364 2547 α
1386 2516 1416 2556 b,
1439 2526 1547 2557 neque
1567 2526 1627 2547 uas

138 2578 247 2608 neque
267 2578 301 2599 ιι.
448 2571 491 2603 23
510 2571 586 2601 usui
605 2569 659 2611 (a)
680 2571 709 2611 b,
732 2580 795 2600 usu
814 2579 849 2600 η.
990 2569 1105 2611 inponi
1124 2579 1159 2600 α.
1298 2569 1342 2603 24
1361 2567 1511 2600 Africam
1531 2579 1551 2599 a
1574 2570 1591 2599 b
1611 2579 1628 2599 c

138 2619 157 2651 3
177 2619 263 2651 dett.
412 2621 476 2653 sibi
496 2633 564 2654 om.
585 2623 616 2654 b.
769 2622 948 2663 quiequam
968 2631 1002 2661 a,
1022 2632 1092 2653 non
1112 2621 1229 2664 quidq.
1378 2632 1441 2652 non
1462 2632 1530 2653 om.
1551 2631 1571 2651 a
1592 2622 1622 2652 b.

280 2671 518 2713 adquisierant
535 2684 569 2705 a.
728 2674 769 2708 26
783 2678 881 2716 parta
899 2684 920 2705 a
939 2684 956 2704 e
973 2674 994 2707 2
1013 2673 1119 2715 dett„
1140 2677 1261 2716 parata
1279 2683 1314 2704 u.
1472 2682 1569 2714 quani
1591 2673 1622 2704 b.

277 2722 320 2755 27
334 2722 602 2764 adquiescebant
616 2734 650 2755 a.
791 2724 834 2758 28
846 2724 1025 2766 scopisque
1045 2734 1073 2764 c,
1089 2724 1266 2767 copiisque
1285 2734 1306 2755 a
1321 2724 1352 2755 b.
1491 2724 1534 2755 29
1547 2733 1625 2763 gra-

135 2775 226 2806 uatis
248 2774 545 2816 Oudendorpz·us;
568 2776 702 2816 grauati
721 2776 866 2817 reliqui,
888 2781 1030 2816 grauata
1049 2786 1069 2808 a
1089 2786 1119 2807 c.
1267 2774 1427 2807 tentoriis
1449 2775 1552 2815 Oud.‚
1574 2779 1624 2807 te-

137 2824 251 2855 nebris
271 2824 371 2856 codd.
513 2835 689 2869 aquaeque
709 2837 795 2869 ego5
814 2837 968 2870 aquaque
987 2827 1132 2871 reliqui,
1153 2837 1341 2870 aquamque
1360 2836 1379 2858 α
1393 2836 1410 2855 ο
1428 2825 1622 2866 (aquarum-

137 2888 200 2919 que
222 2877 342 2919 0ud.).

182 2941 302 2977 Caesar,
318 2941 362 2969 ed.
385 2941 526 2979 Nipperd.
1366 2932 1418 2980 44
