<?xml version="1.0" encoding="UTF-8"?>
<!DOCTYPE html PUBLIC "-//W3C//DTD XHTML 1.0 Transitional//EN"
    "http://www.w3.org/TR/xhtml1/DTD/xhtml1-transitional.dtd">
<html xmlns="http://www.w3.org/1999/xhtml" xml:lang="en" lang="en">
 <head>
  <title>
</title>
<meta http-equiv="Content-Type" content="text/html;charset=utf-8" />
  <meta name='ocr-system' content='tesseract 3.04.00' />
  <meta name='ocr-capabilities' content='ocr_page ocr_carea ocr_par ocr_line ocrx_word'/>
</head>
<body>
  <div class='ocr_page' id='page_1' title='image "./commentarii00caesuoft_0406.png"; bbox 0 0 1835 3240; ppageno 0'>
   <div class='ocr_carea' id='block_1_1' title="bbox 127 168 1225 219">
    <p class='ocr_par' dir='ltr' id='par_1_1' title="bbox 127 168 1225 219">
     <span class='ocr_line' id='line_1_1' title="bbox 127 168 1225 219; baseline 0.006 -8"><span class='ocrx_word' id='word_1_1' title='bbox 127 168 209 211; x_wconf 87' lang='lat'>396</span> <span class='ocrx_word' id='word_1_2' title='bbox 650 171 724 214; x_wconf 93' lang='lat' dir='ltr'>DE</span> <span class='ocrx_word' id='word_1_3' title='bbox 755 172 941 216; x_wconf 89' lang='lat' dir='ltr'><strong>BELLO</strong></span> <span class='ocrx_word' id='word_1_4' title='bbox 975 173 1225 219; x_wconf 89' lang='lat' dir='ltr'><strong>GALLICO</strong></span> 
     </span>
    </p>
   </div>
   <div class='ocr_carea' id='block_1_2' title="bbox 122 280 1684 1830">
    <p class='ocr_par' dir='ltr' id='par_1_2' title="bbox 125 280 1682 681">
     <span class='ocr_line' id='line_1_2' title="bbox 153 280 1680 339; baseline 0.008 -18"><span class='ocrx_word' id='word_1_5' title='bbox 153 280 182 322; x_wconf 77' lang='lat'><strong>2</strong></span> <span class='ocrx_word' id='word_1_6' title='bbox 203 281 342 335; x_wconf 83' lang='lat' dir='ltr'>gisque</span> <span class='ocrx_word' id='word_1_7' title='bbox 374 283 563 325; x_wconf 84' lang='lat' dir='ltr'>directum</span> <span class='ocrx_word' id='word_1_8' title='bbox 594 286 677 336; x_wconf 86' lang='lat' dir='ltr'>his,</span> <span class='ocrx_word' id='word_1_9' title='bbox 710 301 811 339; x_wconf 88' lang='lat' dir='ltr'>quae</span> <span class='ocrx_word' id='word_1_10' title='bbox 840 286 952 327; x_wconf 92' lang='lat' dir='ltr'>nobis</span> <span class='ocrx_word' id='word_1_11' title='bbox 986 294 1079 328; x_wconf 86' lang='lat' dir='ltr'>nota</span> <span class='ocrx_word' id='word_1_12' title='bbox 1110 296 1224 339; x_wconf 92' lang='lat' dir='ltr'>sunt,</span> <span class='ocrx_word' id='word_1_13' title='bbox 1266 291 1473 331; x_wconf 88' lang='lat' dir='ltr'>cornibus:</span> <span class='ocrx_word' id='word_1_14' title='bbox 1517 292 1564 332; x_wconf 91' lang='lat' dir='ltr'>ab</span> <span class='ocrx_word' id='word_1_15' title='bbox 1595 292 1680 333; x_wconf 92' lang='lat' dir='ltr'>eius</span> 
     </span>
     <span class='ocr_line' id='line_1_3' title="bbox 155 348 1680 406; baseline 0.007 -16"><span class='ocrx_word' id='word_1_16' title='bbox 155 348 180 389; x_wconf 88' lang='lat'><strong>3</strong></span> <span class='ocrx_word' id='word_1_17' title='bbox 201 363 352 391; x_wconf 91' lang='lat' dir='ltr'>summo</span> <span class='ocrx_word' id='word_1_18' title='bbox 374 351 477 392; x_wconf 89' lang='lat' dir='ltr'>sicut</span> <span class='ocrx_word' id='word_1_19' title='bbox 497 353 646 406; x_wconf 89' lang='lat' dir='ltr'>palmae</span> <span class='ocrx_word' id='word_1_20' title='bbox 668 353 846 405; x_wconf 81' lang='lat' dir='ltr'>ramique</span> <span class='ocrx_word' id='word_1_21' title='bbox 868 353 946 393; x_wconf 89' lang='lat' dir='ltr'>late</span> <span class='ocrx_word' id='word_1_22' title='bbox 969 353 1252 396; x_wconf 86' lang='lat' dir='ltr'>diffunduntur.</span> <span class='ocrx_word' id='word_1_23' title='bbox 1313 356 1462 398; x_wconf 87' lang='lat' dir='ltr'>Eadem</span> <span class='ocrx_word' id='word_1_24' title='bbox 1488 367 1550 400; x_wconf 88' lang='lat' dir='ltr'>est</span> <span class='ocrx_word' id='word_1_25' title='bbox 1571 361 1680 400; x_wconf 87' lang='lat' dir='ltr'>femi-</span> 
     </span>
     <span class='ocr_line' id='line_1_4' title="bbox 125 416 1682 477; baseline 0.006 -20"><span class='ocrx_word' id='word_1_26' title='bbox 125 416 181 461; x_wconf 77' lang='lat'>2&#39;7</span> <span class='ocrx_word' id='word_1_27' title='bbox 204 431 277 458; x_wconf 85' lang='lat' dir='ltr'>nae</span> <span class='ocrx_word' id='word_1_28' title='bbox 299 420 496 472; x_wconf 86' lang='lat' dir='ltr'>marisque</span> <span class='ocrx_word' id='word_1_29' title='bbox 519 428 674 470; x_wconf 73' lang='lat' dir='ltr'>natura,</span> <span class='ocrx_word' id='word_1_30' title='bbox 700 421 834 460; x_wconf 88' lang='lat' dir='ltr'>eadem</span> <span class='ocrx_word' id='word_1_31' title='bbox 858 422 980 462; x_wconf 86' lang='lat' dir='ltr'>forma</span> <span class='ocrx_word' id='word_1_32' title='bbox 1003 423 1307 477; x_wconf 84' lang='lat' dir='ltr'>magnitudoque</span> <span class='ocrx_word' id='word_1_33' title='bbox 1329 438 1534 466; x_wconf 89' lang='lat' dir='ltr'>cornuum.</span> <span class='ocrx_word' id='word_1_34' title='bbox 1579 425 1682 468; x_wconf 83' lang='lat' dir='ltr'>Sunt</span> 
     </span>
     <span class='ocr_line' id='line_1_5' title="bbox 201 484 1681 548; baseline 0.007 -23"><span class='ocrx_word' id='word_1_35' title='bbox 201 484 292 525; x_wconf 83' lang='lat' dir='ltr'>item</span> <span class='ocrx_word' id='word_1_36' title='bbox 310 517 320 536; x_wconf 82' lang='lat'>‚</span> <span class='ocrx_word' id='word_1_37' title='bbox 345 501 443 539; x_wconf 89' lang='lat' dir='ltr'>quae</span> <span class='ocrx_word' id='word_1_38' title='bbox 465 487 712 540; x_wconf 87' lang='lat' dir='ltr'>appellantur</span> <span class='ocrx_word' id='word_1_39' title='bbox 732 488 852 529; x_wconf 89' lang='lat' dir='ltr'>alces.</span> <span class='ocrx_word' id='word_1_40' title='bbox 897 488 1045 530; x_wconf 87' lang='lat' dir='ltr'>Harum</span> <span class='ocrx_word' id='word_1_41' title='bbox 1079 497 1140 531; x_wconf 88' lang='lat' dir='ltr'>est</span> <span class='ocrx_word' id='word_1_42' title='bbox 1170 491 1384 532; x_wconf 89' lang='lat' dir='ltr'>consimilis</span> <span class='ocrx_word' id='word_1_43' title='bbox 1408 495 1535 547; x_wconf 87' lang='lat' dir='ltr'>capris</span> <span class='ocrx_word' id='word_1_44' title='bbox 1557 496 1681 548; x_wconf 84' lang='lat' dir='ltr'>figura</span> 
     </span>
     <span class='ocr_line' id='line_1_6' title="bbox 202 555 1678 615; baseline 0.006 -23"><span class='ocrx_word' id='word_1_45' title='bbox 202 559 241 593; x_wconf 88' lang='lat' dir='ltr'>et</span> <span class='ocrx_word' id='word_1_46' title='bbox 261 555 433 594; x_wconf 86' lang='lat' dir='ltr'>uarietas</span> <span class='ocrx_word' id='word_1_47' title='bbox 456 555 611 606; x_wconf 86' lang='lat' dir='ltr'>pellium</span> <span class='ocrx_word' id='word_1_48' title='bbox 626 586 637 605; x_wconf 83' lang='grc'>,</span> <span class='ocrx_word' id='word_1_49' title='bbox 671 556 738 596; x_wconf 93' lang='lat' dir='ltr'>sed</span> <span class='ocrx_word' id='word_1_50' title='bbox 761 557 1028 610; x_wconf 81' lang='lat' dir='ltr'>magnitudine</span> <span class='ocrx_word' id='word_1_51' title='bbox 1050 559 1163 611; x_wconf 85' lang='lat' dir='ltr'>paulo</span> <span class='ocrx_word' id='word_1_52' title='bbox 1185 559 1423 600; x_wconf 86' lang='lat' dir='ltr'>antecedunt</span> <span class='ocrx_word' id='word_1_53' title='bbox 1445 561 1678 615; x_wconf 79' lang='lat' dir='ltr'><strong>mutilaeque</strong></span> 
     </span>
     <span class='ocr_line' id='line_1_7' title="bbox 201 621 1682 681; baseline 0.007 -22"><span class='ocrx_word' id='word_1_54' title='bbox 201 627 293 660; x_wconf 90' lang='lat' dir='ltr'>sunt</span> <span class='ocrx_word' id='word_1_55' title='bbox 315 621 499 661; x_wconf 88' lang='lat' dir='ltr'>cornibus</span> <span class='ocrx_word' id='word_1_56' title='bbox 529 629 567 662; x_wconf 88' lang='lat' dir='ltr'>et</span> <span class='ocrx_word' id='word_1_57' title='bbox 597 637 710 663; x_wconf 83' lang='lat' dir='ltr'>crura</span> <span class='ocrx_word' id='word_1_58' title='bbox 733 624 819 665; x_wconf 91' lang='lat' dir='ltr'>sine</span> <span class='ocrx_word' id='word_1_59' title='bbox 842 625 954 665; x_wconf 90' lang='lat' dir='ltr'>nodis</span> <span class='ocrx_word' id='word_1_60' title='bbox 977 625 1204 679; x_wconf 78' lang='lat' dir='ltr'>articlisque</span> <span class='ocrx_word' id='word_1_61' title='bbox 1227 626 1372 666; x_wconf 87' lang='lat' dir='ltr'>habent</span> <span class='ocrx_word' id='word_1_62' title='bbox 1393 641 1518 680; x_wconf 91' lang='lat' dir='ltr'>neque</span> <span class='ocrx_word' id='word_1_63' title='bbox 1540 630 1682 681; x_wconf 90' lang='lat' dir='ltr'>quietis</span> 
     </span>
    </p>

    <p class='ocr_par' dir='ltr' id='par_1_3' title="bbox 152 686 1682 884">
     <span class='ocr_line' id='line_1_8' title="bbox 152 686 1682 750; baseline 0.006 -23"><span class='ocrx_word' id='word_1_64' title='bbox 152 686 179 728; x_wconf 76' lang='lat'><strong>2</strong></span> <span class='ocrx_word' id='word_1_65' title='bbox 201 701 318 728; x_wconf 84' lang='lat' dir='ltr'>causa</span> <span class='ocrx_word' id='word_1_66' title='bbox 341 688 600 741; x_wconf 86' lang='lat' dir='ltr'>procumbunt</span> <span class='ocrx_word' id='word_1_67' title='bbox 619 705 759 744; x_wconf 84' lang='lat' dir='ltr'>neque,</span> <span class='ocrx_word' id='word_1_68' title='bbox 784 693 816 732; x_wconf 91' lang='lat' dir='ltr'>si</span> <span class='ocrx_word' id='word_1_69' title='bbox 839 706 913 744; x_wconf 90' lang='lat' dir='ltr'>quo</span> <span class='ocrx_word' id='word_1_70' title='bbox 935 693 1114 733; x_wconf 78' lang='lat' dir='ltr'>adflictae</span> <span class='ocrx_word' id='word_1_71' title='bbox 1127 708 1221 734; x_wconf 86' lang='lat' dir='ltr'>casu</span> <span class='ocrx_word' id='word_1_72' title='bbox 1233 695 1504 743; x_wconf 83' lang='lat' dir='ltr'>conciderunt,</span> <span class='ocrx_word' id='word_1_73' title='bbox 1530 696 1682 750; x_wconf 86' lang='lat' dir='ltr'>erigere</span> 
     </span>
     <span class='ocr_line' id='line_1_9' title="bbox 153 753 1682 816; baseline 0.006 -22"><span class='ocrx_word' id='word_1_74' title='bbox 153 753 178 794; x_wconf 85' lang='lat'><strong>3</strong></span> <span class='ocrx_word' id='word_1_75' title='bbox 200 768 290 795; x_wconf 88' lang='lat' dir='ltr'>sese</span> <span class='ocrx_word' id='word_1_76' title='bbox 312 763 377 795; x_wconf 88' lang='lat' dir='ltr'>aut</span> <span class='ocrx_word' id='word_1_77' title='bbox 409 756 615 798; x_wconf 86' lang='lat' dir='ltr'>subleuare</span> <span class='ocrx_word' id='word_1_78' title='bbox 647 766 826 811; x_wconf 79' lang='lat' dir='ltr'><strong>possunt.</strong></span> <span class='ocrx_word' id='word_1_79' title='bbox 870 758 944 800; x_wconf 93' lang='lat' dir='ltr'>His</span> <span class='ocrx_word' id='word_1_80' title='bbox 975 768 1067 800; x_wconf 92' lang='lat' dir='ltr'>sunt</span> <span class='ocrx_word' id='word_1_81' title='bbox 1095 761 1258 802; x_wconf 90' lang='lat' dir='ltr'>arbores</span> <span class='ocrx_word' id='word_1_82' title='bbox 1291 776 1359 816; x_wconf 93' lang='lat' dir='ltr'>pro</span> <span class='ocrx_word' id='word_1_83' title='bbox 1383 762 1600 803; x_wconf 92' lang='lat' dir='ltr'>cubilibus:</span> <span class='ocrx_word' id='word_1_84' title='bbox 1633 765 1682 804; x_wconf 88' lang='lat' dir='ltr'>ad</span> 
     </span>
     <span class='ocr_line' id='line_1_10' title="bbox 199 823 1677 884; baseline 0.005 -22"><span class='ocrx_word' id='word_1_85' title='bbox 199 836 266 862; x_wconf 87' lang='lat' dir='ltr'>eas</span> <span class='ocrx_word' id='word_1_86' title='bbox 288 836 331 863; x_wconf 93' lang='lat' dir='ltr'>se</span> <span class='ocrx_word' id='word_1_87' title='bbox 353 823 548 877; x_wconf 77' lang='lat' dir='ltr'>adplicant</span> <span class='ocrx_word' id='word_1_88' title='bbox 569 832 685 879; x_wconf 86' lang='lat' dir='ltr'>atque</span> <span class='ocrx_word' id='word_1_89' title='bbox 705 827 761 866; x_wconf 88' lang='lat' dir='ltr'>ita</span> <span class='ocrx_word' id='word_1_90' title='bbox 782 827 936 881; x_wconf 89' lang='lat' dir='ltr'>paulum</span> <span class='ocrx_word' id='word_1_91' title='bbox 951 828 1063 868; x_wconf 92' lang='lat' dir='ltr'>modo</span> <span class='ocrx_word' id='word_1_92' title='bbox 1075 829 1292 869; x_wconf 83' lang='lat' dir='ltr'>reclinatae</span> <span class='ocrx_word' id='word_1_93' title='bbox 1314 830 1483 882; x_wconf 89' lang='lat' dir='ltr'>quietem</span> <span class='ocrx_word' id='word_1_94' title='bbox 1505 831 1677 884; x_wconf 86' lang='lat' dir='ltr'>capiunt.</span> 
     </span>
    </p>

    <p class='ocr_par' dir='ltr' id='par_1_4' title="bbox 143 887 1684 1085">
     <span class='ocr_line' id='line_1_11' title="bbox 151 887 1683 950; baseline 0.007 -21"><span class='ocrx_word' id='word_1_95' title='bbox 151 888 177 928; x_wconf 84' lang='lat'><em>4</em></span> <span class='ocrx_word' id='word_1_96' title='bbox 200 887 377 941; x_wconf 81' lang='lat' dir='ltr'>Quarum</span> <span class='ocrx_word' id='word_1_97' title='bbox 400 905 452 932; x_wconf 81' lang='lat' dir='ltr'>ex</span> <span class='ocrx_word' id='word_1_98' title='bbox 473 894 651 948; x_wconf 85' lang='lat' dir='ltr'>uestigiis</span> <span class='ocrx_word' id='word_1_99' title='bbox 674 908 758 934; x_wconf 86' lang='lat' dir='ltr'>cum</span> <span class='ocrx_word' id='word_1_100' title='bbox 781 902 843 934; x_wconf 91' lang='lat' dir='ltr'>est</span> <span class='ocrx_word' id='word_1_101' title='bbox 862 895 1180 936; x_wconf 84' lang='lat' dir='ltr'>animaduersum</span> <span class='ocrx_word' id='word_1_102' title='bbox 1203 911 1225 936; x_wconf 87' lang='lat' dir='ltr'>a</span> <span class='ocrx_word' id='word_1_103' title='bbox 1248 898 1518 945; x_wconf 79' lang='lat' dir='ltr'>uenatoribus.</span> <span class='ocrx_word' id='word_1_104' title='bbox 1543 912 1618 950; x_wconf 89' lang='lat' dir='ltr'>quo</span> <span class='ocrx_word' id='word_1_105' title='bbox 1640 912 1683 939; x_wconf 91' lang='lat' dir='ltr'>se</span> 
     </span>
     <span class='ocr_line' id='line_1_12' title="bbox 143 957 1684 1012; baseline 0.006 -15"><span class='ocrx_word' id='word_1_106' title='bbox 143 994 147 997; x_wconf 70' lang='grc'>,</span> <span class='ocrx_word' id='word_1_107' title='bbox 198 957 378 1011; x_wconf 88' lang='lat' dir='ltr'>recipere</span> <span class='ocrx_word' id='word_1_108' title='bbox 400 961 654 1012; x_wconf 81' lang='lat' dir='ltr'>consuerint,</span> <span class='ocrx_word' id='word_1_109' title='bbox 687 976 822 1002; x_wconf 90' lang='lat' dir='ltr'>omnes</span> <span class='ocrx_word' id='word_1_110' title='bbox 846 976 892 1002; x_wconf 91' lang='lat' dir='ltr'>eo</span> <span class='ocrx_word' id='word_1_111' title='bbox 914 962 1000 1003; x_wconf 92' lang='lat' dir='ltr'>loco</span> <span class='ocrx_word' id='word_1_112' title='bbox 1025 970 1094 1004; x_wconf 87' lang='lat' dir='ltr'>aut</span> <span class='ocrx_word' id='word_1_113' title='bbox 1113 964 1160 1004; x_wconf 87' lang='lat' dir='ltr'>ab</span> <span class='ocrx_word' id='word_1_114' title='bbox 1183 964 1378 1004; x_wconf 82' lang='lat' dir='ltr'>radicibus</span> <span class='ocrx_word' id='word_1_115' title='bbox 1401 965 1594 1005; x_wconf 88' lang='lat' dir='ltr'>subruunt</span> <span class='ocrx_word' id='word_1_116' title='bbox 1616 972 1684 1006; x_wconf 89' lang='lat' dir='ltr'>aut</span> 
     </span>
     <span class='ocr_line' id='line_1_13' title="bbox 197 1025 1680 1085; baseline 0.007 -22"><span class='ocrx_word' id='word_1_117' title='bbox 197 1025 381 1066; x_wconf 84' lang='lat' dir='ltr'>accidunt</span> <span class='ocrx_word' id='word_1_118' title='bbox 403 1028 588 1079; x_wconf 83' lang='lat' dir='ltr'>arbores,</span> <span class='ocrx_word' id='word_1_119' title='bbox 614 1035 762 1069; x_wconf 86' lang='lat' dir='ltr'>tantum</span> <span class='ocrx_word' id='word_1_120' title='bbox 786 1037 829 1070; x_wconf 92' lang='lat' dir='ltr'>ut</span> <span class='ocrx_word' id='word_1_121' title='bbox 850 1044 996 1072; x_wconf 90' lang='lat' dir='ltr'>summa</span> <span class='ocrx_word' id='word_1_122' title='bbox 1021 1032 1171 1085; x_wconf 91' lang='lat' dir='ltr'>species</span> <span class='ocrx_word' id='word_1_123' title='bbox 1194 1045 1326 1072; x_wconf 91' lang='lat' dir='ltr'>earum</span> <span class='ocrx_word' id='word_1_124' title='bbox 1350 1033 1536 1072; x_wconf 88' lang='lat' dir='ltr'>stantium</span> <span class='ocrx_word' id='word_1_125' title='bbox 1558 1033 1680 1073; x_wconf 88' lang='lat' dir='ltr'>relin-</span> 
     </span>
    </p>

    <p class='ocr_par' dir='ltr' id='par_1_5' title="bbox 122 1089 1681 1288">
     <span class='ocr_line' id='line_1_14' title="bbox 152 1089 1680 1149; baseline 0.007 -19"><span class='ocrx_word' id='word_1_126' title='bbox 152 1089 176 1130; x_wconf 87' lang='lat'>5</span> <span class='ocrx_word' id='word_1_127' title='bbox 199 1099 354 1144; x_wconf 84' lang='lat' dir='ltr'>quatur.</span> <span class='ocrx_word' id='word_1_128' title='bbox 400 1094 487 1135; x_wconf 92' lang='lat' dir='ltr'>Huc</span> <span class='ocrx_word' id='word_1_129' title='bbox 509 1111 594 1136; x_wconf 88' lang='lat' dir='ltr'>cum</span> <span class='ocrx_word' id='word_1_130' title='bbox 617 1111 659 1137; x_wconf 92' lang='lat' dir='ltr'>se</span> <span class='ocrx_word' id='word_1_131' title='bbox 682 1099 966 1139; x_wconf 84' lang='lat' dir='ltr'>consuetudine</span> <span class='ocrx_word' id='word_1_132' title='bbox 987 1099 1295 1149; x_wconf 82' lang='lat' dir='ltr'>reclinauerunt,</span> <span class='ocrx_word' id='word_1_133' title='bbox 1320 1100 1494 1140; x_wconf 86' lang='lat' dir='ltr'>infirmas</span> <span class='ocrx_word' id='word_1_134' title='bbox 1516 1100 1680 1141; x_wconf 86' lang='lat' dir='ltr'>arbores</span> 
     </span>
     <span class='ocr_line' id='line_1_15' title="bbox 122 1157 1679 1221; baseline 0.003 -19"><span class='ocrx_word' id='word_1_135' title='bbox 122 1157 181 1202; x_wconf 77' lang='lat'>28</span> <span class='ocrx_word' id='word_1_136' title='bbox 204 1161 378 1213; x_wconf 86' lang='lat' dir='ltr'>pondere</span> <span class='ocrx_word' id='word_1_137' title='bbox 400 1164 590 1218; x_wconf 84' lang='lat' dir='ltr'>adfligunt</span> <span class='ocrx_word' id='word_1_138' title='bbox 610 1172 725 1218; x_wconf 90' lang='lat' dir='ltr'>atque</span> <span class='ocrx_word' id='word_1_139' title='bbox 749 1181 825 1206; x_wconf 81' lang='lat' dir='ltr'>una</span> <span class='ocrx_word' id='word_1_140' title='bbox 846 1166 953 1219; x_wconf 87' lang='lat' dir='ltr'>ipsae</span> <span class='ocrx_word' id='word_1_141' title='bbox 976 1167 1201 1207; x_wconf 89' lang='lat' dir='ltr'>concidunt.</span> <span class='ocrx_word' id='word_1_142' title='bbox 1256 1166 1435 1207; x_wconf 88' lang='lat' dir='ltr'>Tertium</span> <span class='ocrx_word' id='word_1_143' title='bbox 1467 1175 1526 1207; x_wconf 91' lang='lat' dir='ltr'>est</span> <span class='ocrx_word' id='word_1_144' title='bbox 1557 1182 1679 1221; x_wconf 88' lang='lat' dir='ltr'>genus</span> 
     </span>
     <span class='ocr_line' id='line_1_16' title="bbox 198 1231 1681 1288; baseline 0.006 -21"><span class='ocrx_word' id='word_1_145' title='bbox 198 1240 349 1279; x_wconf 85' lang='lat' dir='ltr'>eorum,</span> <span class='ocrx_word' id='word_1_146' title='bbox 376 1231 440 1283; x_wconf 89' lang='lat' dir='ltr'>qui</span> <span class='ocrx_word' id='word_1_147' title='bbox 463 1232 522 1271; x_wconf 91' lang='lat' dir='ltr'>uri</span> <span class='ocrx_word' id='word_1_148' title='bbox 545 1232 805 1286; x_wconf 87' lang='lat' dir='ltr'>appellantur.</span> <span class='ocrx_word' id='word_1_149' title='bbox 859 1234 908 1273; x_wconf 89' lang='lat' dir='ltr'>Hi</span> <span class='ocrx_word' id='word_1_150' title='bbox 931 1241 1023 1274; x_wconf 91' lang='lat' dir='ltr'>sunt</span> <span class='ocrx_word' id='word_1_151' title='bbox 1046 1234 1313 1288; x_wconf 80' lang='lat' dir='ltr'>magnitudine</span> <span class='ocrx_word' id='word_1_152' title='bbox 1341 1236 1456 1287; x_wconf 85' lang='lat' dir='ltr'>paulo</span> <span class='ocrx_word' id='word_1_153' title='bbox 1478 1236 1581 1275; x_wconf 87' lang='lat' dir='ltr'>infra</span> <span class='ocrx_word' id='word_1_154' title='bbox 1603 1237 1681 1276; x_wconf 92' lang='lat' dir='ltr'>ele-</span> 
     </span>
    </p>

    <p class='ocr_par' dir='ltr' id='par_1_6' title="bbox 148 1293 1682 1423">
     <span class='ocr_line' id='line_1_17' title="bbox 148 1293 1682 1355; baseline 0.005 -21"><span class='ocrx_word' id='word_1_155' title='bbox 148 1293 175 1333; x_wconf 80' lang='grc'>2</span> <span class='ocrx_word' id='word_1_156' title='bbox 196 1295 380 1348; x_wconf 77' lang='lat' dir='ltr'>phantos,</span> <span class='ocrx_word' id='word_1_157' title='bbox 406 1299 535 1351; x_wconf 89' lang='lat' dir='ltr'>specie</span> <span class='ocrx_word' id='word_1_158' title='bbox 558 1306 598 1339; x_wconf 89' lang='lat' dir='ltr'>et</span> <span class='ocrx_word' id='word_1_159' title='bbox 619 1300 752 1340; x_wconf 89' lang='lat' dir='ltr'>colore</span> <span class='ocrx_word' id='word_1_160' title='bbox 775 1307 814 1340; x_wconf 88' lang='lat' dir='ltr'>et</span> <span class='ocrx_word' id='word_1_161' title='bbox 835 1301 958 1354; x_wconf 85' lang='lat' dir='ltr'>figura</span> <span class='ocrx_word' id='word_1_162' title='bbox 979 1302 1098 1341; x_wconf 87' lang='lat' dir='ltr'>tauri.</span> <span class='ocrx_word' id='word_1_163' title='bbox 1151 1300 1301 1355; x_wconf 84' lang='lat' dir='ltr'>Magna</span> <span class='ocrx_word' id='word_1_164' title='bbox 1322 1302 1381 1341; x_wconf 90' lang='lat' dir='ltr'>uis</span> <span class='ocrx_word' id='word_1_165' title='bbox 1404 1315 1537 1341; x_wconf 90' lang='lat' dir='ltr'>eorum</span> <span class='ocrx_word' id='word_1_166' title='bbox 1561 1310 1622 1342; x_wconf 91' lang='lat' dir='ltr'>est</span> <span class='ocrx_word' id='word_1_167' title='bbox 1643 1310 1682 1344; x_wconf 90' lang='lat' dir='ltr'>et</span> 
     </span>
     <span class='ocr_line' id='line_1_18' title="bbox 193 1366 1678 1423; baseline 0.005 -21"><span class='ocrx_word' id='word_1_168' title='bbox 193 1376 335 1415; x_wconf 85' lang='lat' dir='ltr'>magna</span> <span class='ocrx_word' id='word_1_169' title='bbox 359 1366 550 1407; x_wconf 89' lang='lat' dir='ltr'>uelocitas</span> <span class='ocrx_word' id='word_1_170' title='bbox 565 1398 575 1417; x_wconf 93' lang='lat'>‚</span> <span class='ocrx_word' id='word_1_171' title='bbox 610 1381 736 1421; x_wconf 86' lang='lat' dir='ltr'>neque</span> <span class='ocrx_word' id='word_1_172' title='bbox 759 1368 903 1408; x_wconf 90' lang='lat' dir='ltr'>homini</span> <span class='ocrx_word' id='word_1_173' title='bbox 926 1383 1051 1422; x_wconf 91' lang='lat' dir='ltr'>neque</span> <span class='ocrx_word' id='word_1_174' title='bbox 1074 1371 1207 1418; x_wconf 83' lang='lat' dir='ltr'>ferae,</span> <span class='ocrx_word' id='word_1_175' title='bbox 1232 1383 1344 1422; x_wconf 90' lang='lat' dir='ltr'>quam</span> <span class='ocrx_word' id='word_1_176' title='bbox 1368 1378 1678 1423; x_wconf 78' lang='lat' dir='ltr'>conspexerunt,</span> 
     </span>
    </p>

    <p class='ocr_par' dir='ltr' id='par_1_7' title="bbox 148 1429 1681 1627">
     <span class='ocr_line' id='line_1_19' title="bbox 148 1429 1681 1491; baseline 0.006 -22"><span class='ocrx_word' id='word_1_177' title='bbox 148 1429 172 1469; x_wconf 81' lang='lat'><strong>3</strong></span> <span class='ocrx_word' id='word_1_178' title='bbox 193 1440 375 1484; x_wconf 84' lang='lat' dir='ltr'>parcunt.</span> <span class='ocrx_word' id='word_1_179' title='bbox 429 1433 513 1474; x_wconf 92' lang='lat' dir='ltr'>Hos</span> <span class='ocrx_word' id='word_1_180' title='bbox 546 1436 722 1477; x_wconf 87' lang='lat' dir='ltr'>studiose</span> <span class='ocrx_word' id='word_1_181' title='bbox 745 1437 869 1477; x_wconf 86' lang='lat' dir='ltr'>foueis</span> <span class='ocrx_word' id='word_1_182' title='bbox 892 1443 1026 1491; x_wconf 77' lang='lat' dir='ltr'>captos</span> <span class='ocrx_word' id='word_1_183' title='bbox 1054 1437 1311 1477; x_wconf 86' lang='lat' dir='ltr'>interficiunt.</span> <span class='ocrx_word' id='word_1_184' title='bbox 1356 1436 1443 1477; x_wconf 91' lang='lat' dir='ltr'>Hoc</span> <span class='ocrx_word' id='word_1_185' title='bbox 1474 1451 1516 1478; x_wconf 92' lang='lat' dir='ltr'>se</span> <span class='ocrx_word' id='word_1_186' title='bbox 1546 1437 1681 1478; x_wconf 88' lang='lat' dir='ltr'>labore</span> 
     </span>
     <span class='ocr_line' id='line_1_20' title="bbox 194 1499 1681 1558; baseline 0.004 -19"><span class='ocrx_word' id='word_1_187' title='bbox 194 1499 335 1540; x_wconf 88' lang='lat' dir='ltr'>durant</span> <span class='ocrx_word' id='word_1_188' title='bbox 356 1502 628 1544; x_wconf 82' lang='lat' dir='ltr'>adulescentes</span> <span class='ocrx_word' id='word_1_189' title='bbox 652 1512 767 1558; x_wconf 85' lang='lat' dir='ltr'>atque</span> <span class='ocrx_word' id='word_1_190' title='bbox 789 1505 861 1545; x_wconf 88' lang='lat' dir='ltr'>hoc</span> <span class='ocrx_word' id='word_1_191' title='bbox 883 1519 1029 1558; x_wconf 87' lang='lat' dir='ltr'>genere</span> <span class='ocrx_word' id='word_1_192' title='bbox 1051 1505 1274 1546; x_wconf 88' lang='lat' dir='ltr'>uenationis</span> <span class='ocrx_word' id='word_1_193' title='bbox 1297 1512 1511 1555; x_wconf 83' lang='lat' dir='ltr'>exercent,</span> <span class='ocrx_word' id='word_1_194' title='bbox 1547 1513 1586 1546; x_wconf 91' lang='lat' dir='ltr'>et</span> <span class='ocrx_word' id='word_1_195' title='bbox 1617 1505 1681 1558; x_wconf 90' lang='lat' dir='ltr'>qui</span> 
     </span>
     <span class='ocr_line' id='line_1_21' title="bbox 194 1567 1679 1627; baseline 0.004 -20"><span class='ocrx_word' id='word_1_196' title='bbox 194 1567 382 1620; x_wconf 88' lang='lat' dir='ltr'>plurimos</span> <span class='ocrx_word' id='word_1_197' title='bbox 406 1584 458 1610; x_wconf 84' lang='lat' dir='ltr'>ex</span> <span class='ocrx_word' id='word_1_198' title='bbox 480 1571 538 1611; x_wconf 90' lang='lat' dir='ltr'>his</span> <span class='ocrx_word' id='word_1_199' title='bbox 561 1572 870 1622; x_wconf 85' lang='lat' dir='ltr'>interfecerunt,</span> <span class='ocrx_word' id='word_1_200' title='bbox 895 1573 1032 1614; x_wconf 88' lang='lat' dir='ltr'>relatis</span> <span class='ocrx_word' id='word_1_201' title='bbox 1055 1573 1095 1613; x_wconf 91' lang='lat' dir='ltr'>in</span> <span class='ocrx_word' id='word_1_202' title='bbox 1117 1572 1310 1627; x_wconf 90' lang='lat' dir='ltr'>publicum</span> <span class='ocrx_word' id='word_1_203' title='bbox 1334 1572 1520 1613; x_wconf 89' lang='lat' dir='ltr'>cornibus</span> <span class='ocrx_word' id='word_1_204' title='bbox 1536 1604 1546 1623; x_wconf 77' lang='lat'><strong>‚</strong></span> <span class='ocrx_word' id='word_1_205' title='bbox 1581 1586 1679 1626; x_wconf 88' lang='lat' dir='ltr'>quae</span> 
     </span>
    </p>

    <p class='ocr_par' dir='ltr' id='par_1_8' title="bbox 146 1633 1679 1830">
     <span class='ocr_line' id='line_1_22' title="bbox 146 1633 1679 1693; baseline 0.004 -19"><span class='ocrx_word' id='word_1_206' title='bbox 146 1633 173 1673; x_wconf 89' lang='grc'>4</span> <span class='ocrx_word' id='word_1_207' title='bbox 195 1635 275 1676; x_wconf 90' lang='lat' dir='ltr'>sint</span> <span class='ocrx_word' id='word_1_208' title='bbox 298 1638 539 1689; x_wconf 79' lang='lat' dir='ltr'>testimonio,</span> <span class='ocrx_word' id='word_1_209' title='bbox 565 1654 744 1693; x_wconf 84' lang='lat' dir='ltr'>magnam</span> <span class='ocrx_word' id='word_1_210' title='bbox 770 1642 901 1681; x_wconf 88' lang='lat' dir='ltr'>ferunt</span> <span class='ocrx_word' id='word_1_211' title='bbox 921 1642 1090 1682; x_wconf 86' lang='lat' dir='ltr'>laudem.</span> <span class='ocrx_word' id='word_1_212' title='bbox 1131 1639 1209 1682; x_wconf 90' lang='lat' dir='ltr'>Sed</span> <span class='ocrx_word' id='word_1_213' title='bbox 1232 1642 1468 1681; x_wconf 86' lang='lat' dir='ltr'>adsuescere</span> <span class='ocrx_word' id='word_1_214' title='bbox 1490 1641 1537 1680; x_wconf 86' lang='lat' dir='ltr'>ad</span> <span class='ocrx_word' id='word_1_215' title='bbox 1556 1641 1679 1680; x_wconf 92' lang='lat' dir='ltr'>homi-</span> 
     </span>
     <span class='ocr_line' id='line_1_23' title="bbox 146 1699 1679 1763; baseline 0.005 -21"><span class='ocrx_word' id='word_1_216' title='bbox 146 1699 171 1742; x_wconf 87' lang='lat'>5</span> <span class='ocrx_word' id='word_1_217' title='bbox 194 1717 264 1744; x_wconf 90' lang='lat' dir='ltr'>nes</span> <span class='ocrx_word' id='word_1_218' title='bbox 287 1712 325 1745; x_wconf 90' lang='lat' dir='ltr'>et</span> <span class='ocrx_word' id='word_1_219' title='bbox 347 1708 600 1748; x_wconf 84' lang='lat' dir='ltr'>mansuefieri</span> <span class='ocrx_word' id='word_1_220' title='bbox 623 1722 671 1749; x_wconf 91' lang='lat' dir='ltr'>ne</span> <span class='ocrx_word' id='word_1_221' title='bbox 693 1710 847 1763; x_wconf 90' lang='lat' dir='ltr'>paruuli</span> <span class='ocrx_word' id='word_1_222' title='bbox 870 1710 1021 1763; x_wconf 89' lang='lat' dir='ltr'>quidem</span> <span class='ocrx_word' id='word_1_223' title='bbox 1045 1709 1201 1762; x_wconf 81' lang='lat' dir='ltr'>excepti</span> <span class='ocrx_word' id='word_1_224' title='bbox 1223 1715 1402 1762; x_wconf 89' lang='lat' dir='ltr'>possunt.</span> <span class='ocrx_word' id='word_1_225' title='bbox 1453 1708 1679 1761; x_wconf 89' lang='lat' dir='ltr'>Amplitudo</span> 
     </span>
     <span class='ocr_line' id='line_1_24' title="bbox 193 1776 1676 1830; baseline 0.004 -20"><span class='ocrx_word' id='word_1_226' title='bbox 193 1784 384 1813; x_wconf 89' lang='lat' dir='ltr'>cornuum</span> <span class='ocrx_word' id='word_1_227' title='bbox 408 1782 446 1815; x_wconf 89' lang='lat' dir='ltr'>et</span> <span class='ocrx_word' id='word_1_228' title='bbox 468 1776 592 1830; x_wconf 83' lang='lat' dir='ltr'>figura</span> <span class='ocrx_word' id='word_1_229' title='bbox 615 1783 654 1817; x_wconf 90' lang='lat' dir='ltr'>et</span> <span class='ocrx_word' id='word_1_230' title='bbox 675 1777 826 1830; x_wconf 90' lang='lat' dir='ltr'>species</span> <span class='ocrx_word' id='word_1_231' title='bbox 859 1777 1020 1817; x_wconf 89' lang='lat' dir='ltr'>multum</span> <span class='ocrx_word' id='word_1_232' title='bbox 1043 1791 1064 1816; x_wconf 87' lang='lat' dir='ltr'>a</span> <span class='ocrx_word' id='word_1_233' title='bbox 1095 1784 1321 1816; x_wconf 89' lang='lat' dir='ltr'>nostrorum</span> <span class='ocrx_word' id='word_1_234' title='bbox 1353 1776 1468 1816; x_wconf 91' lang='lat' dir='ltr'>boum</span> <span class='ocrx_word' id='word_1_235' title='bbox 1491 1776 1676 1816; x_wconf 86' lang='lat' dir='ltr'>cornibus</span> 
     </span>
    </p>
   </div>
   <div class='ocr_carea' id='block_1_3' title="bbox 190 1888 1677 2857">
    <p class='ocr_par' dir='ltr' id='par_1_9' title="bbox 190 1888 1677 2653">
     <span class='ocr_line' id='line_1_25' title="bbox 338 1888 1677 1933; baseline 0.001 -13"><span class='ocrx_word' id='word_1_236' title='bbox 338 1889 353 1921; x_wconf 94' lang='lat'>1</span> <span class='ocrx_word' id='word_1_237' title='bbox 375 1888 430 1930; x_wconf 88' lang='lat' dir='ltr'>ab]</span> <span class='ocrx_word' id='word_1_238' title='bbox 452 1894 485 1920; x_wconf 87' lang='lat' dir='ltr'>et</span> <span class='ocrx_word' id='word_1_239' title='bbox 503 1890 532 1929; x_wconf 79' lang='lat' dir='ltr'>b,</span> <span class='ocrx_word' id='word_1_240' title='bbox 554 1895 587 1922; x_wconf 89' lang='lat' dir='ltr'>et</span> <span class='ocrx_word' id='word_1_241' title='bbox 605 1890 646 1921; x_wconf 81' lang='lat' dir='ltr'>ab</span> <span class='ocrx_word' id='word_1_242' title='bbox 663 1890 864 1923; x_wconf 75' lang='lat' dir='ltr'>Aimoz&#39;mts.</span> <span class='ocrx_word' id='word_1_243' title='bbox 1050 1892 1071 1925; x_wconf 83' lang='grc'>2</span> <span class='ocrx_word' id='word_1_244' title='bbox 1089 1891 1241 1933; x_wconf 84' lang='lat' dir='ltr'>ramique</span> <span class='ocrx_word' id='word_1_245' title='bbox 1257 1891 1326 1923; x_wconf 86' lang='lat' dir='ltr'>late</span> <span class='ocrx_word' id='word_1_246' title='bbox 1346 1891 1375 1922; x_wconf 92' lang='lat' dir='ltr'><em>B</em></span> <span class='ocrx_word' id='word_1_247' title='bbox 1396 1889 1571 1932; x_wconf 67' lang='lat' dir='ltr'>‘relz&#39;qni&#39;;</span> <span class='ocrx_word' id='word_1_248' title='bbox 1592 1891 1677 1921; x_wconf 87' lang='lat' dir='ltr'>rami</span> 
     </span>
     <span class='ocr_line' id='line_1_26' title="bbox 193 1939 1571 1980; baseline 0.004 -11"><span class='ocrx_word' id='word_1_249' title='bbox 193 1947 291 1980; x_wconf 80' lang='lat' dir='ltr'>quam</span> <span class='ocrx_word' id='word_1_250' title='bbox 311 1939 380 1970; x_wconf 84' lang='lat' dir='ltr'>late</span> <span class='ocrx_word' id='word_1_251' title='bbox 401 1940 418 1970; x_wconf 82' lang='lat' dir='ltr'><strong><em>b</em></strong></span> <span class='ocrx_word' id='word_1_252' title='bbox 433 1940 530 1980; x_wconf 80' lang='lat' dir='ltr'>cde,</span> <span class='ocrx_word' id='word_1_253' title='bbox 553 1941 637 1972; x_wconf 86' lang='lat' dir='ltr'>rami</span> <span class='ocrx_word' id='word_1_254' title='bbox 655 1941 723 1973; x_wconf 86' lang='lat' dir='ltr'>late</span> <span class='ocrx_word' id='word_1_255' title='bbox 742 1942 945 1974; x_wconf 70' lang='lat' dir='ltr'>Az’moz‘nus.</span> <span class='ocrx_word' id='word_1_256' title='bbox 965 1942 1004 1974; x_wconf 91' lang='lat' dir='ltr'>P.</span> <span class='ocrx_word' id='word_1_257' title='bbox 1026 1942 1083 1974; x_wconf 86' lang='grc'>86.</span> <span class='ocrx_word' id='word_1_258' title='bbox 1230 1941 1424 1973; x_wconf 81' lang='lat' dir='ltr'>diffundunt</span> <span class='ocrx_word' id='word_1_259' title='bbox 1443 1942 1460 1972; x_wconf 79' lang='lat' dir='ltr'><em>b</em></span> <span class='ocrx_word' id='word_1_260' title='bbox 1475 1952 1530 1972; x_wconf 86' lang='lat' dir='ltr'>ce.</span> <span class='ocrx_word' id='word_1_261' title='bbox 1568 1973 1571 1975; x_wconf 19' lang='grc' dir='ltr'><strong>Α</strong></span> 
     </span>
     <span class='ocr_line' id='line_1_27' title="bbox 191 1990 1674 2036; baseline 0.001 -15"><span class='ocrx_word' id='word_1_262' title='bbox 191 1990 212 2021; x_wconf 86' lang='grc'><strong>4</strong></span> <span class='ocrx_word' id='word_1_263' title='bbox 231 1990 318 2022; x_wconf 86' lang='lat' dir='ltr'>altes</span> <span class='ocrx_word' id='word_1_264' title='bbox 337 1991 368 2023; x_wconf 86' lang='lat' dir='ltr'><em>B</em></span> <span class='ocrx_word' id='word_1_265' title='bbox 387 1992 481 2023; x_wconf 56' lang='grc' dir='ltr'>(φης-ς.</span> <span class='ocrx_word' id='word_1_266' title='bbox 505 1993 609 2034; x_wconf 79' lang='lat' dir='ltr'>longe</span> <span class='ocrx_word' id='word_1_267' title='bbox 624 1994 806 2035; x_wconf 70' lang='lat' dir='ltr'>plurimi&#39;.</span> <span class='ocrx_word' id='word_1_268' title='bbox 944 1994 1076 2036; x_wconf 84' lang='lat' dir='ltr'>capreis</span> <span class='ocrx_word' id='word_1_269' title='bbox 1098 1994 1212 2026; x_wconf 69' lang='lat' dir='ltr'>Ooeon.</span> <span class='ocrx_word' id='word_1_270' title='bbox 1233 1997 1268 2024; x_wconf 81' lang='lat' dir='ltr'>et</span> <span class='ocrx_word' id='word_1_271' title='bbox 1286 1992 1487 2024; x_wconf 73' lang='lat' dir='ltr'>Salmasius</span> <span class='ocrx_word' id='word_1_272' title='bbox 1506 1995 1674 2024; x_wconf 66' lang='lat' dir='ltr'>emer-citt.</span> 
     </span>
     <span class='ocr_line' id='line_1_28' title="bbox 191 2040 1671 2086; baseline 0.002 -14"><span class='ocrx_word' id='word_1_273' title='bbox 191 2040 289 2072; x_wconf 61' lang='lat' dir='ltr'>Pleu.</span> <span class='ocrx_word' id='word_1_274' title='bbox 311 2052 350 2084; x_wconf 83' lang='lat' dir='ltr'>p.</span> <span class='ocrx_word' id='word_1_275' title='bbox 379 2042 442 2074; x_wconf 81' lang='grc'><strong>164</strong></span> <span class='ocrx_word' id='word_1_276' title='bbox 470 2043 522 2075; x_wconf 83' lang='lat' dir='ltr'>ed.</span> <span class='ocrx_word' id='word_1_277' title='bbox 549 2043 702 2075; x_wconf 56' lang='lat' dir='ltr'>Traia-ct.</span> <span class='ocrx_word' id='word_1_278' title='bbox 727 2045 823 2077; x_wconf 86' lang='grc'><strong>1689.</strong></span> <span class='ocrx_word' id='word_1_279' title='bbox 857 2044 928 2077; x_wconf 75' lang='lat' dir='ltr'>Sed</span> <span class='ocrx_word' id='word_1_280' title='bbox 944 2046 1018 2077; x_wconf 80' lang='lat' dir='ltr'>uid.</span> <span class='ocrx_word' id='word_1_281' title='bbox 1039 2046 1225 2077; x_wconf 71' lang='lat' dir='ltr'>Sem-eber.</span> <span class='ocrx_word' id='word_1_282' title='bbox 1247 2044 1504 2086; x_wconf 76' lang='lat' dir='ltr'>Saeugetlzz&#39;ere</span> <span class='ocrx_word' id='word_1_283' title='bbox 1527 2043 1569 2084; x_wconf 85' lang='lat' dir='ltr'>V,</span> <span class='ocrx_word' id='word_1_284' title='bbox 1593 2044 1607 2076; x_wconf 91' lang='lat'>1</span> <span class='ocrx_word' id='word_1_285' title='bbox 1632 2054 1671 2085; x_wconf 86' lang='lat' dir='ltr'>p.</span> 
     </span>
     <span class='ocr_line' id='line_1_29' title="bbox 194 2093 1675 2138; baseline 0.001 -12"><span class='ocrx_word' id='word_1_286' title='bbox 194 2093 294 2126; x_wconf 76' lang='lat'>1324.</span> <span class='ocrx_word' id='word_1_287' title='bbox 435 2096 453 2128; x_wconf 88' lang='grc'>5</span> <span class='ocrx_word' id='word_1_288' title='bbox 472 2096 632 2138; x_wconf 85' lang='lat' dir='ltr'>paellium</span> <span class='ocrx_word' id='word_1_289' title='bbox 652 2100 735 2128; x_wconf 81' lang='lat' dir='ltr'>ante</span> <span class='ocrx_word' id='word_1_290' title='bbox 754 2107 845 2129; x_wconf 78' lang='lat' dir='ltr'>corr.</span> <span class='ocrx_word' id='word_1_291' title='bbox 865 2098 907 2130; x_wconf 91' lang='lat' dir='ltr'>B.</span> <span class='ocrx_word' id='word_1_292' title='bbox 1047 2098 1233 2138; x_wconf 89' lang='lat' dir='ltr'>mutileque</span> <span class='ocrx_word' id='word_1_293' title='bbox 1253 2097 1295 2127; x_wconf 90' lang='lat' dir='ltr'>B.</span> <span class='ocrx_word' id='word_1_294' title='bbox 1438 2097 1455 2128; x_wconf 81' lang='grc'><strong>6</strong></span> <span class='ocrx_word' id='word_1_295' title='bbox 1475 2096 1675 2137; x_wconf 82' lang='lat' dir='ltr'>articlisque</span> 
     </span>
     <span class='ocr_line' id='line_1_30' title="bbox 194 2147 1674 2191; baseline 0.001 -13"><span class='ocrx_word' id='word_1_296' title='bbox 194 2147 267 2178; x_wconf 83' lang='lat' dir='ltr'>AB</span> <span class='ocrx_word' id='word_1_297' title='bbox 281 2148 364 2179; x_wconf 83' lang='lat' dir='ltr'>CD.</span> <span class='ocrx_word' id='word_1_298' title='bbox 509 2148 528 2180; x_wconf 89' lang='lat'><strong>7</strong></span> <span class='ocrx_word' id='word_1_299' title='bbox 547 2149 619 2181; x_wconf 88' lang='lat' dir='ltr'>sine</span> <span class='ocrx_word' id='word_1_300' title='bbox 639 2160 703 2191; x_wconf 91' lang='lat' dir='ltr'>quo</span> <span class='ocrx_word' id='word_1_301' title='bbox 721 2153 805 2181; x_wconf 78' lang='lat' dir='ltr'>ante</span> <span class='ocrx_word' id='word_1_302' title='bbox 822 2160 915 2182; x_wconf 73' lang='lat' dir='ltr'>corr.</span> <span class='ocrx_word' id='word_1_303' title='bbox 935 2150 978 2182; x_wconf 91' lang='lat' dir='ltr'>B.</span> <span class='ocrx_word' id='word_1_304' title='bbox 1134 2150 1292 2181; x_wconf 80' lang='lat' dir='ltr'>adflictae</span> <span class='ocrx_word' id='word_1_305' title='bbox 1311 2149 1353 2180; x_wconf 88' lang='lat' dir='ltr'>B.</span> <span class='ocrx_word' id='word_1_306' title='bbox 1520 2149 1674 2180; x_wconf 86' lang='lat' dir='ltr'>concide-</span> 
     </span>
     <span class='ocr_line' id='line_1_31' title="bbox 193 2198 1672 2242; baseline 0.001 -14"><span class='ocrx_word' id='word_1_307' title='bbox 193 2202 273 2229; x_wconf 86' lang='lat' dir='ltr'>runt</span> <span class='ocrx_word' id='word_1_308' title='bbox 289 2199 348 2230; x_wconf 87' lang='lat' dir='ltr'>Be</span> <span class='ocrx_word' id='word_1_309' title='bbox 365 2200 511 2241; x_wconf 75' lang='lat' dir='ltr'>reliqui,</span> <span class='ocrx_word' id='word_1_310' title='bbox 531 2200 734 2232; x_wconf 82' lang='lat' dir='ltr'>acciderunt</span> <span class='ocrx_word' id='word_1_311' title='bbox 754 2201 802 2242; x_wconf 84' lang='lat' dir='ltr'>C,-</span> <span class='ocrx_word' id='word_1_312' title='bbox 823 2201 1036 2233; x_wconf 87' lang='lat' dir='ltr'>conciderint</span> <span class='ocrx_word' id='word_1_313' title='bbox 1052 2201 1084 2232; x_wconf 88' lang='lat' dir='ltr'><em>D</em></span> <span class='ocrx_word' id='word_1_314' title='bbox 1099 2201 1116 2232; x_wconf 91' lang='lat' dir='ltr'><strong><em>b</em></strong></span> <span class='ocrx_word' id='word_1_315' title='bbox 1130 2211 1148 2231; x_wconf 85' lang='lat' dir='ltr'>c</span> <span class='ocrx_word' id='word_1_316' title='bbox 1164 2201 1369 2232; x_wconf 77' lang='lat' dir='ltr'>Az&#39;moz&#39;nus.</span> <span class='ocrx_word' id='word_1_317' title='bbox 1561 2199 1581 2230; x_wconf 88' lang='lat'>8</span> <span class='ocrx_word' id='word_1_318' title='bbox 1601 2198 1672 2240; x_wconf 84' lang='lat' dir='ltr'>aut]</span> 
     </span>
     <span class='ocr_line' id='line_1_32' title="bbox 193 2250 1553 2294; baseline 0.001 -15"><span class='ocrx_word' id='word_1_319' title='bbox 193 2258 232 2280; x_wconf 85' lang='lat' dir='ltr'>ac</span> <span class='ocrx_word' id='word_1_320' title='bbox 251 2250 281 2280; x_wconf 83' lang='lat' dir='ltr'>b.</span> <span class='ocrx_word' id='word_1_321' title='bbox 421 2251 440 2282; x_wconf 87' lang='lat'>9</span> <span class='ocrx_word' id='word_1_322' title='bbox 460 2251 635 2293; x_wconf 83' lang='lat' dir='ltr'>adplicant</span> <span class='ocrx_word' id='word_1_323' title='bbox 652 2252 694 2283; x_wconf 90' lang='lat' dir='ltr'>B.</span> <span class='ocrx_word' id='word_1_324' title='bbox 835 2252 936 2294; x_wconf 84' lang='lat' dir='ltr'>paulo</span> <span class='ocrx_word' id='word_1_325' title='bbox 954 2262 1001 2283; x_wconf 85' lang='lat' dir='ltr'>m.</span> <span class='ocrx_word' id='word_1_326' title='bbox 1018 2261 1076 2292; x_wconf 79' lang='lat' dir='ltr'>pr.</span> <span class='ocrx_word' id='word_1_327' title='bbox 1096 2252 1137 2291; x_wconf 88' lang='lat' dir='ltr'>B,</span> <span class='ocrx_word' id='word_1_328' title='bbox 1159 2251 1333 2293; x_wconf 87' lang='lat' dir='ltr'>paululum</span> <span class='ocrx_word' id='word_1_329' title='bbox 1351 2251 1553 2283; x_wconf 76' lang='lat' dir='ltr'>Az&#39;moz&#39;nus.</span> 
     </span>
     <span class='ocr_line' id='line_1_33' title="bbox 196 2300 1673 2343; baseline 0 -11"><span class='ocrx_word' id='word_1_330' title='bbox 196 2300 234 2333; x_wconf 88' lang='lat'>11</span> <span class='ocrx_word' id='word_1_331' title='bbox 255 2303 499 2334; x_wconf 88' lang='lat' dir='ltr'>consueuerint</span> <span class='ocrx_word' id='word_1_332' title='bbox 516 2304 720 2335; x_wconf 81' lang='lat' dir='ltr'>Aimoz&#39;nus.</span> <span class='ocrx_word' id='word_1_333' title='bbox 893 2303 934 2337; x_wconf 79' lang='lat'>12</span> <span class='ocrx_word' id='word_1_334' title='bbox 952 2303 1134 2334; x_wconf 86' lang='lat' dir='ltr'>abscidunt</span> <span class='ocrx_word' id='word_1_335' title='bbox 1151 2302 1203 2333; x_wconf 83' lang='lat' dir='ltr'>bd</span> <span class='ocrx_word' id='word_1_336' title='bbox 1220 2303 1303 2342; x_wconf 83' lang='lat' dir='ltr'>(non</span> <span class='ocrx_word' id='word_1_337' title='bbox 1322 2301 1367 2343; x_wconf 79' lang='lat' dir='ltr'>e),</span> <span class='ocrx_word' id='word_1_338' title='bbox 1388 2301 1594 2333; x_wconf 85' lang='lat' dir='ltr'>abscindunt</span> <span class='ocrx_word' id='word_1_339' title='bbox 1610 2302 1673 2333; x_wconf 87' lang='lat' dir='ltr'>Ai-</span> 
     </span>
     <span class='ocr_line' id='line_1_34' title="bbox 191 2353 1526 2393; baseline 0 -11"><span class='ocrx_word' id='word_1_340' title='bbox 191 2354 345 2384; x_wconf 77' lang='lat' dir='ltr'>moz&#39;nus.</span> <span class='ocrx_word' id='word_1_341' title='bbox 496 2353 536 2386; x_wconf 84' lang='lat'>13</span> <span class='ocrx_word' id='word_1_342' title='bbox 555 2354 814 2385; x_wconf 84' lang='lat' dir='ltr'>reclinauerunt</span> <span class='ocrx_word' id='word_1_343' title='bbox 831 2354 862 2385; x_wconf 92' lang='lat' dir='ltr'><em>B</em></span> <span class='ocrx_word' id='word_1_344' title='bbox 878 2353 947 2386; x_wconf 88' lang='lat' dir='ltr'>CD</span> <span class='ocrx_word' id='word_1_345' title='bbox 960 2365 996 2393; x_wconf 83' lang='lat' dir='ltr'>e,</span> <span class='ocrx_word' id='word_1_346' title='bbox 1019 2353 1268 2385; x_wconf 87' lang='lat' dir='ltr'>reclinauerint</span> <span class='ocrx_word' id='word_1_347' title='bbox 1285 2364 1307 2385; x_wconf 84' lang='lat' dir='ltr'>u</span> <span class='ocrx_word' id='word_1_348' title='bbox 1324 2353 1526 2385; x_wconf 64' lang='lat' dir='ltr'>Aimoinus.</span> 
     </span>
     <span class='ocr_line' id='line_1_35' title="bbox 194 2401 1672 2447; baseline 0.001 -15"><span class='ocrx_word' id='word_1_349' title='bbox 194 2401 235 2433; x_wconf 91' lang='lat'>14</span> <span class='ocrx_word' id='word_1_350' title='bbox 253 2402 419 2444; x_wconf 83' lang='lat' dir='ltr'>adfligunt</span> <span class='ocrx_word' id='word_1_351' title='bbox 435 2404 477 2437; x_wconf 86' lang='lat' dir='ltr'>B.</span> <span class='ocrx_word' id='word_1_352' title='bbox 630 2405 670 2437; x_wconf 86' lang='lat'>15</span> <span class='ocrx_word' id='word_1_353' title='bbox 689 2415 819 2446; x_wconf 83' lang='lat' dir='ltr'>earum,</span> <span class='ocrx_word' id='word_1_354' title='bbox 840 2414 926 2447; x_wconf 91' lang='lat' dir='ltr'>quae</span> <span class='ocrx_word' id='word_1_355' title='bbox 945 2405 1147 2436; x_wconf 78' lang='lat' dir='ltr'>Aimoz&#39;nus.</span> <span class='ocrx_word' id='word_1_356' title='bbox 1312 2402 1480 2435; x_wconf 78' lang='lat' dir='ltr'>elefantos</span> <span class='ocrx_word' id='word_1_357' title='bbox 1499 2403 1530 2434; x_wconf 91' lang='lat' dir='ltr'><em>B</em></span> <span class='ocrx_word' id='word_1_358' title='bbox 1550 2402 1672 2444; x_wconf 77' lang='lat' dir='ltr'>‘pleri-</span> 
     </span>
     <span class='ocr_line' id='line_1_36' title="bbox 191 2453 1670 2498; baseline 0.001 -14"><span class='ocrx_word' id='word_1_359' title='bbox 191 2453 282 2495; x_wconf 83' lang='lat' dir='ltr'>que&#39;.</span> <span class='ocrx_word' id='word_1_360' title='bbox 424 2455 464 2487; x_wconf 89' lang='grc'><strong>16</strong></span> <span class='ocrx_word' id='word_1_361' title='bbox 483 2461 517 2487; x_wconf 85' lang='lat' dir='ltr'>et</span> <span class='ocrx_word' id='word_1_362' title='bbox 534 2456 641 2497; x_wconf 85' lang='lat' dir='ltr'>figura</span> <span class='ocrx_word' id='word_1_363' title='bbox 660 2468 729 2488; x_wconf 89' lang='lat' dir='ltr'>om.</span> <span class='ocrx_word' id='word_1_364' title='bbox 752 2458 783 2488; x_wconf 84' lang='lat' dir='ltr'>b.</span> <span class='ocrx_word' id='word_1_365' title='bbox 940 2457 992 2488; x_wconf 89' lang='lat' dir='ltr'>uis</span> <span class='ocrx_word' id='word_1_366' title='bbox 1012 2467 1126 2488; x_wconf 87' lang='lat' dir='ltr'>eorum</span> <span class='ocrx_word' id='word_1_367' title='bbox 1145 2461 1199 2488; x_wconf 88' lang='lat' dir='ltr'>est</span> <span class='ocrx_word' id='word_1_368' title='bbox 1215 2456 1245 2488; x_wconf 93' lang='lat' dir='ltr'><em>B</em></span> <span class='ocrx_word' id='word_1_369' title='bbox 1265 2455 1670 2498; x_wconf 70' lang='lat' dir='ltr'>‘plerique’Aimolnus5</span> 
     </span>
     <span class='ocr_line' id='line_1_37' title="bbox 190 2506 1674 2549; baseline 0.001 -12"><span class='ocrx_word' id='word_1_370' title='bbox 190 2506 243 2538; x_wconf 91' lang='lat' dir='ltr'>uis</span> <span class='ocrx_word' id='word_1_371' title='bbox 263 2511 316 2538; x_wconf 92' lang='lat' dir='ltr'>est</span> <span class='ocrx_word' id='word_1_372' title='bbox 335 2518 450 2540; x_wconf 90' lang='lat' dir='ltr'>eorum</span> <span class='ocrx_word' id='word_1_373' title='bbox 469 2520 503 2549; x_wconf 82' lang='lat' dir='ltr'>e,</span> <span class='ocrx_word' id='word_1_374' title='bbox 526 2514 580 2541; x_wconf 89' lang='lat' dir='ltr'>est</span> <span class='ocrx_word' id='word_1_375' title='bbox 598 2510 649 2541; x_wconf 93' lang='lat' dir='ltr'>uis</span> <span class='ocrx_word' id='word_1_376' title='bbox 669 2520 784 2541; x_wconf 90' lang='lat' dir='ltr'>eorum</span> <span class='ocrx_word' id='word_1_377' title='bbox 806 2508 923 2541; x_wconf 75' lang='lat' dir='ltr'>‘alii&#39;:</span> <span class='ocrx_word' id='word_1_378' title='bbox 951 2512 988 2540; x_wconf 81' lang='lat' dir='ltr'>in</span> <span class='ocrx_word' id='word_1_379' title='bbox 1008 2510 1025 2540; x_wconf 81' lang='lat' dir='ltr'><em>b</em></span> <span class='ocrx_word' id='word_1_380' title='bbox 1045 2513 1098 2541; x_wconf 90' lang='lat' dir='ltr'>est</span> <span class='ocrx_word' id='word_1_381' title='bbox 1116 2511 1183 2540; x_wconf 80' lang='lat' dir='ltr'>int.</span> <span class='ocrx_word' id='word_1_382' title='bbox 1204 2519 1297 2540; x_wconf 81' lang='lat' dir='ltr'>uers.</span> <span class='ocrx_word' id='word_1_383' title='bbox 1321 2509 1471 2549; x_wconf 71' lang='lat' dir='ltr'>legitur,</span> <span class='ocrx_word' id='word_1_384' title='bbox 1504 2518 1572 2539; x_wconf 87' lang='lat' dir='ltr'>om.</span> <span class='ocrx_word' id='word_1_385' title='bbox 1594 2518 1674 2539; x_wconf 82' lang='lat' dir='ltr'>cum</span> 
     </span>
     <span class='ocr_line' id='line_1_38' title="bbox 191 2557 1669 2602; baseline 0.002 -14"><span class='ocrx_word' id='word_1_386' title='bbox 191 2557 336 2598; x_wconf 76' lang='lat' dir='ltr'>aliquot</span> <span class='ocrx_word' id='word_1_387' title='bbox 350 2559 437 2591; x_wconf 74' lang='lat' dir='ltr'>dett.</span> <span class='ocrx_word' id='word_1_388' title='bbox 458 2570 493 2591; x_wconf 81' lang='lat' dir='ltr'>u.</span> <span class='ocrx_word' id='word_1_389' title='bbox 637 2560 676 2593; x_wconf 89' lang='grc'>17</span> <span class='ocrx_word' id='word_1_390' title='bbox 694 2559 862 2593; x_wconf 84' lang='lat' dir='ltr'>uelocitas</span> <span class='ocrx_word' id='word_1_391' title='bbox 882 2565 916 2592; x_wconf 88' lang='lat' dir='ltr'>et</span> <span class='ocrx_word' id='word_1_392' title='bbox 934 2570 1042 2602; x_wconf 91' lang='lat' dir='ltr'>neque</span> <span class='ocrx_word' id='word_1_393' title='bbox 1063 2560 1095 2591; x_wconf 80' lang='lat' dir='ltr'>h.</span> <span class='ocrx_word' id='word_1_394' title='bbox 1253 2564 1505 2601; x_wconf 86' lang='lat' dir='ltr'>conspexerunt</span> <span class='ocrx_word' id='word_1_395' title='bbox 1522 2559 1553 2591; x_wconf 88' lang='lat' dir='ltr'><em>B</em></span> <span class='ocrx_word' id='word_1_396' title='bbox 1574 2560 1669 2591; x_wconf 65' lang='lat' dir='ltr'>‘ms-s.</span> 
     </span>
     <span class='ocr_line' id='line_1_39' title="bbox 191 2609 1669 2653; baseline 0.001 -13"><span class='ocrx_word' id='word_1_397' title='bbox 191 2611 229 2640; x_wconf 79' lang='lat' dir='ltr'>et</span> <span class='ocrx_word' id='word_1_398' title='bbox 243 2609 319 2641; x_wconf 84' lang='lat' dir='ltr'>edd.</span> <span class='ocrx_word' id='word_1_399' title='bbox 341 2611 449 2652; x_wconf 57' lang='lat' dir='ltr'>qddf,</span> <span class='ocrx_word' id='word_1_400' title='bbox 472 2612 711 2653; x_wconf 84' lang='lat' dir='ltr'>conspexerint</span> <span class='ocrx_word' id='word_1_401' title='bbox 732 2623 754 2643; x_wconf 86' lang='lat' dir='ltr'>u</span> <span class='ocrx_word' id='word_1_402' title='bbox 772 2613 974 2644; x_wconf 66' lang='lat' dir='ltr'>Armomus.</span> <span class='ocrx_word' id='word_1_403' title='bbox 1141 2610 1179 2642; x_wconf 91' lang='grc'><strong>18</strong></span> <span class='ocrx_word' id='word_1_404' title='bbox 1197 2614 1315 2652; x_wconf 86' lang='lat' dir='ltr'>captos</span> <span class='ocrx_word' id='word_1_405' title='bbox 1337 2609 1447 2641; x_wconf 86' lang='lat' dir='ltr'>foueis</span> <span class='ocrx_word' id='word_1_406' title='bbox 1465 2611 1669 2642; x_wconf 66' lang='lat' dir='ltr'>Atmoinus.</span> 
     </span>
    </p>

    <p class='ocr_par' dir='ltr' id='par_1_10' title="bbox 191 2662 1672 2857">
     <span class='ocr_line' id='line_1_40' title="bbox 335 2662 1672 2703; baseline -0.001 -9"><span class='ocrx_word' id='word_1_407' title='bbox 335 2662 375 2694; x_wconf 89' lang='lat'>19</span> <span class='ocrx_word' id='word_1_408' title='bbox 395 2662 519 2694; x_wconf 89' lang='lat' dir='ltr'>durant</span> <span class='ocrx_word' id='word_1_409' title='bbox 536 2663 776 2695; x_wconf 87' lang='lat' dir='ltr'>adolescentes</span> <span class='ocrx_word' id='word_1_410' title='bbox 794 2663 853 2694; x_wconf 86' lang='lat' dir='ltr'>Be</span> <span class='ocrx_word' id='word_1_411' title='bbox 870 2662 1003 2703; x_wconf 79' lang='lat' dir='ltr'>reliqui</span> <span class='ocrx_word' id='word_1_412' title='bbox 1022 2662 1222 2701; x_wconf 72' lang='lat' dir='ltr'>Az‘mov‘nzts,</span> <span class='ocrx_word' id='word_1_413' title='bbox 1245 2662 1368 2693; x_wconf 84' lang='lat' dir='ltr'>durant</span> <span class='ocrx_word' id='word_1_414' title='bbox 1387 2662 1538 2694; x_wconf 88' lang='lat' dir='ltr'>homines</span> <span class='ocrx_word' id='word_1_415' title='bbox 1557 2662 1672 2694; x_wconf 89' lang='lat' dir='ltr'>adole-</span> 
     </span>
     <span class='ocr_line' id='line_1_41' title="bbox 191 2713 1671 2755; baseline 0.001 -12"><span class='ocrx_word' id='word_1_416' title='bbox 191 2716 328 2744; x_wconf 87' lang='lat' dir='ltr'>scentes</span> <span class='ocrx_word' id='word_1_417' title='bbox 347 2714 393 2744; x_wconf 84' lang='lat' dir='ltr'>bc</span> <span class='ocrx_word' id='word_1_418' title='bbox 411 2714 518 2755; x_wconf 85' lang='lat' dir='ltr'>(adul.</span> <span class='ocrx_word' id='word_1_419' title='bbox 535 2714 630 2754; x_wconf 80' lang='lat' dir='ltr'>BC).</span> <span class='ocrx_word' id='word_1_420' title='bbox 771 2713 966 2745; x_wconf 85' lang='lat' dir='ltr'>uenationis</span> <span class='ocrx_word' id='word_1_421' title='bbox 986 2723 1022 2744; x_wconf 91' lang='lat' dir='ltr'>se</span> <span class='ocrx_word' id='word_1_422' title='bbox 1042 2713 1419 2745; x_wconf 79' lang='lat' dir='ltr'>exercentAz&#39;moinus.</span> <span class='ocrx_word' id='word_1_423' title='bbox 1559 2714 1603 2749; x_wconf 80' lang='lat'>20</span> <span class='ocrx_word' id='word_1_424' title='bbox 1622 2714 1671 2745; x_wconf 92' lang='lat' dir='ltr'>in-</span> 
     </span>
     <span class='ocr_line' id='line_1_42' title="bbox 191 2763 1670 2806; baseline 0.002 -12"><span class='ocrx_word' id='word_1_425' title='bbox 191 2764 393 2796; x_wconf 84' lang='lat' dir='ltr'>terfecerint</span> <span class='ocrx_word' id='word_1_426' title='bbox 411 2775 428 2796; x_wconf 85' lang='lat' dir='ltr'>c</span> <span class='ocrx_word' id='word_1_427' title='bbox 443 2765 651 2797; x_wconf 77' lang='lat' dir='ltr'>Az&#39;moz&#39;nus.</span> <span class='ocrx_word' id='word_1_428' title='bbox 791 2765 831 2798; x_wconf 78' lang='lat'>21</span> <span class='ocrx_word' id='word_1_429' title='bbox 853 2764 1058 2797; x_wconf 87' lang='lat' dir='ltr'>adsuescere</span> <span class='ocrx_word' id='word_1_430' title='bbox 1076 2763 1153 2806; x_wconf 84' lang='lat' dir='ltr'>(B).</span> <span class='ocrx_word' id='word_1_431' title='bbox 1309 2765 1354 2799; x_wconf 79' lang='lat'>22</span> <span class='ocrx_word' id='word_1_432' title='bbox 1370 2764 1590 2797; x_wconf 85' lang='lat' dir='ltr'>mansuefieri</span> <span class='ocrx_word' id='word_1_433' title='bbox 1606 2765 1640 2797; x_wconf 90' lang='lat' dir='ltr'><em>A</em></span> <span class='ocrx_word' id='word_1_434' title='bbox 1652 2766 1670 2797; x_wconf 79' lang='lat' dir='ltr'><strong><em>b</em></strong></span> 
     </span>
     <span class='ocr_line' id='line_1_43' title="bbox 192 2815 1668 2857; baseline 0.002 -12"><span class='ocrx_word' id='word_1_435' title='bbox 192 2826 254 2854; x_wconf 80' lang='lat' dir='ltr'>ee,</span> <span class='ocrx_word' id='word_1_436' title='bbox 276 2816 447 2848; x_wconf 84' lang='lat' dir='ltr'>mansueti</span> <span class='ocrx_word' id='word_1_437' title='bbox 465 2817 538 2849; x_wconf 89' lang='lat' dir='ltr'>ficri</span> <span class='ocrx_word' id='word_1_438' title='bbox 556 2817 586 2848; x_wconf 86' lang='lat' dir='ltr'><em>B</em></span> <span class='ocrx_word' id='word_1_439' title='bbox 606 2815 748 2848; x_wconf 72' lang='lat' dir='ltr'>‘ceteri’</span> <span class='ocrx_word' id='word_1_440' title='bbox 768 2816 971 2848; x_wconf 72' lang='lat' dir='ltr'>Aimoinus.</span> <span class='ocrx_word' id='word_1_441' title='bbox 1186 2815 1228 2850; x_wconf 73' lang='lat'>23</span> <span class='ocrx_word' id='word_1_442' title='bbox 1247 2826 1266 2847; x_wconf 86' lang='lat' dir='ltr'>a</span> <span class='ocrx_word' id='word_1_443' title='bbox 1286 2816 1357 2848; x_wconf 77' lang='lat' dir='ltr'>boe</span> <span class='ocrx_word' id='word_1_444' title='bbox 1375 2817 1577 2857; x_wconf 67' lang='lat' dir='ltr'>Aa‘moz‘nus,</span> <span class='ocrx_word' id='word_1_445' title='bbox 1599 2827 1668 2849; x_wconf 82' lang='lat' dir='ltr'>om.</span> 
     </span>
    </p>
   </div>
   <div class='ocr_carea' id='block_1_4' title="bbox 1715 906 1756 938">
    <p class='ocr_par' dir='ltr' id='par_1_11' title="bbox 1715 906 1756 938">
     <span class='ocr_line' id='line_1_44' title="bbox 1715 906 1756 938; baseline 0 0"><span class='ocrx_word' id='word_1_446' title='bbox 1715 906 1756 938; x_wconf 90' lang='lat'>10</span> 
     </span>
    </p>
   </div>
   <div class='ocr_carea' id='block_1_5' title="bbox 1714 1243 1754 1276">
    <p class='ocr_par' dir='ltr' id='par_1_12' title="bbox 1714 1243 1754 1276">
     <span class='ocr_line' id='line_1_45' title="bbox 1714 1243 1754 1276; baseline -0.025 0"><span class='ocrx_word' id='word_1_447' title='bbox 1714 1243 1754 1276; x_wconf 86' lang='lat'>15</span> 
     </span>
    </p>
   </div>
   <div class='ocr_carea' id='block_1_6' title="bbox 1710 1580 1752 1614">
    <p class='ocr_par' dir='ltr' id='par_1_13' title="bbox 1710 1580 1752 1614">
     <span class='ocr_line' id='line_1_46' title="bbox 1710 1580 1752 1614; baseline -0.024 0"><span class='ocrx_word' id='word_1_448' title='bbox 1710 1580 1752 1614; x_wconf 84' lang='lat'>20</span> 
     </span>
    </p>
   </div>
  </div>
 </body>
</html>
