1835 3240
705 167 1128 210 ——156—

168 290 317 317 merum
339 277 503 331 legimus
525 293 588 333 ap.
613 278 719 321 Plut.
747 280 866 322 Caes.
892 281 962 332 42,
986 280 1124 336 Pomp.
1148 279 1218 330 69,
1244 278 1413 333 Appian.
1439 282 1477 322 b.
1503 284 1579 324 ciu.
1596 283 1650 333 ΙΙ,

169 342 259 397 70),
285 346 412 386 minus
433 344 563 388 XXX
585 349 692 389 milia
714 357 848 402 ponat.
882 348 1020 403 Itaque
1042 349 1272 403 computatis
1295 346 1457 391 LXXV
1481 351 1653 392 cohorti-

169 411 258 463 bus,
282 427 382 466 quae
404 415 450 454 ad
472 414 708 457 Pharsalum
731 417 772 456 in
795 418 880 457 acie
902 423 1031 466 erant,
1057 417 1220 467 duabus,
1245 431 1343 469 quae
1366 417 1405 457 in
1427 420 1568 459 castris
1591 434 1653 461 re-

167 489 412 531 manserant,
438 489 542 533 octo,
566 497 664 536 quae
686 484 942 537 Apolloniae,
957 482 1085 532 Orici,
1102 483 1210 524 Lissi
1233 485 1273 524 in
1296 486 1499 537 praesidiis
1521 495 1650 538 erant,

171 547 391 600 quindecim
410 580 419 599 ,
454 564 552 602 quae
573 551 612 590 in
633 550 825 592 Achaiam
851 553 994 593 missae
1016 559 1153 602 erant,
1184 560 1339 593 centum
1364 554 1545 594 cohortes
1567 555 1653 595 siue

170 615 347 668 legiones
371 617 503 657 decem
529 618 764 658 efficiuntur.
806 618 873 659 Ex
895 620 1034 673 quibus
1058 635 1143 660 cum
1167 627 1350 673 quattuor
1372 621 1547 674 legiones
1569 621 1653 662 An-

170 683 300 724 tonius
323 684 545 734 adduxerit,
564 687 690 739 ipsum
705 684 918 728 Caesarem
944 688 1016 728 hac
1038 702 1190 742 quoque
1211 689 1364 729 ratione
1387 703 1460 729 sex
1478 689 1654 741 legiones

170 752 399 792 traduxisse
422 754 656 806 reperimus.
700 752 838 808 Itaque
860 769 895 795 c.
919 756 961 806 2,
985 756 1013 795 2
1035 753 1249 797 Caesarem
1276 755 1372 797 ‘LX
1393 757 1577 796 cohortes
1599 757 1654 797 le-

169 819 437 873 gionariorum
470 821 644 861 militum'
668 823 876 876 scripsisse
907 824 1156 864 statuendum
1179 831 1266 864 est:
1293 838 1419 876 neque
1441 824 1531 864 inde
1556 822 1654 864 ‘XV

168 887 276 927 milia
306 888 613 941 legionariorum
645 890 825 930 militum'
847 898 934 931 orta
965 905 1054 932 esse
1085 906 1163 932 non
1185 892 1400 932 uerisimile
1423 892 1594 942 uidetur,
1620 891 1654 931 si

168 955 292 1008 primo
316 969 384 1008 pro
410 954 517 996 ‘LX'
541 965 756 1011 peruagato
779 973 916 999 errore
941 958 1049 1000 ‘XL’
1072 966 1111 999 et
1132 973 1201 1013 pro
1225 959 1296 1000 hoc
1311 958 1422 1000 ‘XV’
1445 960 1586 1013 posita,
1602 973 1656 1000 ex

172 1029 265 1062 nota
286 1030 443 1073 autem,
464 1038 540 1077 qua
563 1025 745 1066 cohortes
768 1025 1104 1080 significabantur,
1129 1028 1308 1067 effectum
1331 1040 1419 1067 esse
1444 1026 1534 1077 Ὧδ’,
1560 1041 1655 1080 quo·

170 1091 283 1131 modo
306 1091 344 1130 in
362 1090 457 1131 Par.
477 1107 559 1133 sec·
589 1093 722 1135 ‘mille’
746 1101 920 1142 notatur,
942 1095 1057 1147 idque
1081 1095 1214 1134 ‘milia'
1237 1095 1436 1134 librarium
1460 1095 1655 1147 interpre-

173 1165 293 1198 tatum
326 1173 415 1200 esse
446 1161 735 1202 existimamus.
780 1161 948 1214 Equites
976 1162 1029 1202 ibi
1051 1162 1253 1216 quingenti
1275 1169 1650 1211 commemorantur,

168 1224 403 1267 Plutarchus
427 1234 465 1267 et
478 1227 681 1281 Appianus
703 1237 917 1270 sexcentos
939 1244 1026 1270 cum
1045 1230 1129 1284 ipso
1145 1228 1319 1271 Caesare
1338 1230 1542 1270 traiecisse
1559 1244 1653 1270 con-

168 1295 357 1335 sentiunt.
392 1294 482 1335 Huc
505 1296 538 1336 si
560 1297 749 1338 adicimus
773 1298 1045 1353 octingentos,
1071 1312 1166 1351 quos
1188 1297 1388 1337 Antonius
1410 1297 1575 1337 adduxit
1596 1298 1650 1351 (c.

164 1361 261 1414 29),
287 1364 503 1403 secundum
529 1362 718 1407 Caesaris
740 1367 870 1406 locum
893 1366 998 1406 mille
1021 1373 1061 1406 et
1081 1366 1265 1415 trecenti,
1291 1365 1503 1405 secundnm
1528 1364 1656 1405 Grae-

167 1444 235 1470 cos
267 1430 484 1484 scriptores
508 1433 611 1474 mille
634 1441 673 1474 et
695 1435 968 1488 quadringenti
992 1434 1229 1474 efficiuntur.
1273 1431 1373 1474 Cum
1396 1440 1527 1473 autem
1550 1429 1655 1473 Cae-

165 1512 234 1538 sar
256 1512 400 1551 paucos
423 1501 573 1552 equites
596 1515 682 1542 cum
702 1500 878 1543 Caluisio
901 1510 941 1542 ct
961 1502 1150 1542 ducentos
1173 1516 1258 1542 cum
1278 1499 1420 1542 Cassio
1442 1500 1656 1541 dimisisset

166 1568 221 1617 (c.
248 1565 339 1620 34),
364 1582 528 1621 quorum
553 1570 687 1623 copias
712 1585 798 1610 cum
822 1568 974 1610 Caleno
996 1570 1035 1610 in
1057 1570 1247 1610 Achaiam
1271 1569 1412 1609 missas
1434 1569 1480 1608 ad
1504 1566 1654 1608 Caesa-

167 1647 247 1673 rem
271 1649 350 1674 non
371 1636 590 1676 reuertisse
613 1637 752 1686 docui,
777 1636 952 1677 Domitio
976 1635 1169 1686 Caluino,
1196 1637 1257 1676 cui
1281 1637 1516 1689 quingentos
1539 1634 1651 1675 attri-

164 1701 305 1742 buerat
328 1705 383 1754 (c.
400 1702 489 1755 34),
507 1717 645 1744 rursus
667 1704 741 1744 sibi
764 1704 972 1744 coniuncto
996 1719 1031 1744 c.
1048 1703 1103 1745 84
1125 1704 1228 1744 mille
1245 1704 1395 1756 equites
1410 1716 1452 1743 se
1468 1703 1652 1743 habuisse

167 1771 352 1810 ostendit.
379 1771 512 1824 Atque
536 1773 700 1813 eundem
723 1772 828 1812 mille
843 1772 1013 1824 equitum
1031 1786 1233 1812 numerum
1248 1769 1511 1825 ponuntPlut.
1527 1768 1648 1811 Caes.

165 1836 234 1886 42,
260 1836 429 1892 Appian.
456 1839 494 1878 b.
520 1840 596 1879 cin.
622 1837 686 1890 Il,
710 1837 782 1889 70,
808 1837 928 1880 Oros.
952 1837 1037 1890 VI,
1066 1838 1131 1880 15.
1166 1838 1243 1880 Sed
1267 1846 1474 1892 antequam
1499 1853 1520 1879 a
1542 1837 1650 1893 Dyr-

165 1905 327 1946 rhachio
351 1907 571 1947 discederet
596 1905 763 1958 Caesar,
781 1922 803 1948 a
825 1906 1012 1961 Pompeio
1036 1909 1144 1948 fusus
1167 1908 1318 1961 equites
1342 1906 1487 1959 aliquot
1509 1906 1651 1947 amise-

163 1981 241 2014 rat.
265 1973 371 2014 Nam
395 1990 430 2015 c.
446 1975 498 2015 71
522 1976 562 2015 in
585 1976 740 2029 optimis
763 1976 875 2016 codd.
902 1976 998 2015 haec
1020 1975 1230 2029 leguntur:
1259 1974 1439 2015 ‘Duobus
1459 1975 1517 2014 his
1534 1974 1651 2014 unius

164 2043 238 2083 diei
262 2043 423 2096 proeliis
440 2041 628 2084 Caesaris
651 2043 888 2085 desiderauit
909 2043 1053 2084 milites
1067 2041 1337 2084 DCCCCLX
1359 2049 1398 2084 et
1415 2049 1531 2082 notos
1544 2042 1651 2095 equi-

164 2118 225 2151 tes
247 2110 453 2151 Romanos
474 2110 720 2166 Fleginatem
743 2110 977 2150 Tuticanum
1002 2109 1181 2161 Gallum,
1216 2111 1412 2151 senatoris
1436 2110 1571 2160 lilium,
1597 2107 1648 2150 C.

164 2177 412 2233 Fleginatem
434 2178 654 2229 Placentia,
680 2179 731 2219 A.
758 2176 948 2219 Granium
970 2176 1162 2226 Puteolis,
1187 2177 1247 2218 M.
1270 2176 1555 2218 Sacratiuirum
1571 2175 1651 2217 Ca-

165 2261 237 2300 pua
256 2278 266 2297 ,
300 2248 478 2288 tribunos
511 2249 676 2289 militum
710 2253 750 2287 et
780 2246 1031 2287 centuriones
1053 2244 1252 2286 XXXH'.
1296 2245 1370 2285 Hic
1392 2253 1501 2286 recte
1523 2245 1650 2284 Aldus

167 2315 346 2355 correxit
371 2313 541 2356 ‘Caesar
570 2316 844 2357 desiderauit’:
877 2316 915 2356 in
939 2313 1199 2355 deterioribus
1222 2314 1335 2353 codd.
1360 2313 1426 2353 ille
1448 2312 1649 2366 genitiuus

166 2396 306 2422 causae
332 2384 417 2432 suit,
442 2391 484 2423 ut
506 2384 644 2425 deinde
670 2384 898 2426 ‘desiderati
920 2383 1023 2424 sunt'
1046 2389 1085 2423 et
1106 2396 1175 2436 pro
1198 2381 1388 2436 proximis
1411 2380 1649 2420 accusatiuis

166 2451 399 2491 nominatiui
423 2459 687 2505 ponerentur,
707 2442 946 2505 reliquaque
961 2451 999 2491 in
1023 2450 1081 2490 his
1105 2450 1215 2490 codd.
1232 2456 1271 2489 et
1292 2449 1378 2489 edd.
1401 2455 1491 2488 ante
1509 2447 1648 2487 Aldum

163 2532 216 2558 ex
236 2518 284 2558 iis
308 2521 511 2573 expressis
537 2521 790 2561 uehementer
812 2526 997 2573 corrupta
1018 2525 1123 2559 sunt.
1157 2515 1236 2558 Sed
1255 2517 1293 2556 in
1311 2516 1403 2565 illis,
1421 2530 1517 2568 quae
1533 2529 1651 2569 supra

164 2586 377 2640 posuimus,
396 2589 559 2641 primum
582 2595 743 2643 apparet
757 2587 1021 2641 Flegfflatem,
1040 2598 1152 2639 quem
1169 2584 1291 2625 Aldus
1315 2584 1400 2624 sine
1423 2598 1542 2624 causa
1556 2582 1650 2623 Fet-

163 2655 332 2709 ginatem
365 2655 561 2709 appellare
598 2658 758 2707 maluit,
789 2656 1006 2696 alteroutro
1042 2655 1129 2694 loco
1163 2653 1263 2692 male
1295 2652 1505 2705 repetitum
1538 2663 1643 2691 esse.

165 2723 316 2763 Deinde
338 2722 559 2763 Tuticanus
584 2722 744 2772 Gallus,
774 2723 972 2765 senatoris
1007 2721 1132 2770 filius,
1165 2735 1243 2760 non
1277 2726 1428 2774 poterat
1449 2718 1647 2772 equitibus

165 2790 356 2831 Romanis
378 2791 654 2843 adnumerari,
679 2793 746 2833 sed
770 2805 1001 2846 quamquam
1024 2789 1105 2843 ipse
1127 2802 1205 2829 non
1227 2795 1312 2828 erat
1334 2794 1520 2836 senator,
1545 2785 1649 2826 ordi-

165 2859 225 2899 nis
249 2866 377 2901 tamen
400 2867 485 2900 erat
508 2861 722 2910 senatorii,
748 2859 997 2913 quamobrem
1021 2858 1156 2897 horum
1182 2870 1320 2896 comm.
1341 2853 1374 2905 Ι,
1391 2854 1445 2894 23
1467 2855 1508 2894 in
1530 2853 1647 2895 simili
