1835 3240
116 580 133 610 Εἴ(

92 919 129 951 10

94 1257 129 1288 15

92 2277 132 2309 30

695 182 885 225 CAPVT
918 181 1116 223 37-40.
1638 183 1720 225 645

167 317 209 343 re
224 300 449 341 Pharnaces
472 298 662 337 uictoriae
686 298 771 338 loro
795 297 976 345 ducebat,
995 296 1026 335 si
1051 296 1204 336 trahere
1229 302 1378 347 tempus
1395 306 1540 349 posset,
1560 313 1644 338 cum

165 367 438 410 discedendum
465 365 637 406 Domitio
661 365 844 405 celeriter
866 370 1036 418 putaret.
1080 362 1215 416 ltaque
1237 362 1283 402 ab
1307 363 1446 416 oppido
1461 393 1469 409 ‚
1495 379 1569 416 qua
1591 367 1647 406 fa·
1669 366 1692 406 3

164 436 347 477 eillimum
371 448 574 474 aceessum
599 441 637 474 et
658 433 934 486 aequissimum
960 433 1005 472 ad
1029 431 1286 472 dimicandum
1307 431 1454 470 nostris
1472 432 1644 481 uidebat,

164 505 292 544 fossas
325 504 418 543 duas
451 503 619 542 directas
649 515 726 541 non
759 501 812 540 ita
845 515 984 553 magno
1017 500 1143 540 medio
1175 499 1383 539 interuallo
1415 498 1553 538 relicto
1587 506 1646 538 llll

166 572 302 625 pedum
334 570 548 611 altitudinis
578 570 616 609 in
641 583 726 609 eum
751 568 875 608 locum
900 569 1087 617 deduxit,
1120 582 1193 620 quo
1216 567 1370 621 longius
1392 566 1651 606 constituerat

163 653 271 679 suam
304 653 381 679 non
411 639 628 692 producere
661 637 801 676 aciem.
848 634 959 675 Inter
991 636 1059 675 has
1091 637 1217 676 fossas
1248 635 1370 675 aciem
1405 647 1560 687 semper
1589 633 1647 672 in-
1670 633 1694 673 4

164 707 363 757 struebat,
399 706 611 759 equitatum
645 712 773 745 autem
808 718 959 744 omnem
983 703 1029 743 ab
1052 703 1241 743 lateribus
1265 709 1380 743 extra
1402 704 1547 742 fossam
1571 700 1650 741 col·

163 775 342 825 locabat3
375 774 440 828 qui
473 786 597 826 neque
630 772 746 812 aliter
777 772 884 812 utilis
917 785 1004 812 esse
1036 778 1205 825 poterat,
1238 779 1277 811 et
1298 771 1460 810 multum
1484 783 1649 810 numero

164 843 339 883 anteibat
360 849 539 882 nostrum
563 841 794 894 equitatum.
830 838 1026 879 Domitius
1046 847 1193 889 autem,
1214 854 1299 879 cum
1316 836 1503 879 Caesaris
1526 836 1651 890 magis
1667 835 1723 880 39

162 912 334 965 periculo
368 925 482 964 quam
514 923 585 949 suo
619 915 935 949 eonnnoueretur
963 921 1088 960 neque
1121 921 1164 947 se
1186 914 1271 947 tuto
1294 907 1563 947 discessurum
1586 919 1648 945 ar-

163 979 400 1025 bitraretur,
433 979 466 1017 si
498 977 776 1025 condiciones,
811 990 907 1028 quas
938 976 1159 1024 reiecerat,
1192 989 1329 1015 rursus
1358 976 1563 1028 adpeteret
1584 980 1651 1013 aut

162 1048 191 1099 †
212 1047 297 1086 sine
321 1059 441 1086 causa
463 1045 706 1093 discederet,
732 1058 782 1084 ex
806 1043 1031 1096 propinquis
1055 1043 1196 1083 castris
1219 1043 1256 1082 in
1282 1043 1405 1082 aciem
1428 1042 1648 1082 exereitum

164 1113 326 1163 eduxit3
362 1119 509 1152 XXXVI
532 1112 724 1163 legionem
748 1112 786 1151 in
812 1112 955 1151 dextro
978 1124 1101 1150 cornu
1123 1110 1332 1150 collocauit
1347 1141 1356 1159 ‚
1381 1108 1587 1149 Ponticam
1609 1108 1649 1148 in
1670 1106 1698 1146 2

161 1181 339 1231 sinistro,
359 1180 536 1221 Deiotari
561 1180 736 1235 legiones
759 1179 798 1219 in
821 1179 984 1219 mediam
1009 1179 1133 1218 aciem
1157 1179 1337 1228 eontulit,
1359 1177 1496 1231 quibus
1520 1184 1651 1216 tamen

162 1250 480 1303 angustissimum
514 1249 763 1289 interuallum
796 1247 936 1287 frontis
968 1247 1128 1300 reliquit
1157 1246 1320 1300 reliquis
1353 1244 1578 1286 cohortibus
1610 1244 1650 1283 in

164 1317 347 1358 subsidiis
379 1318 595 1358 collocatis.
642 1314 709 1356 Sic
731 1315 926 1368 utrimque
949 1316 1031 1355 acie
1055 1315 1246 1355 instructa
1270 1328 1498 1369 processum
1522 1321 1583 1355 est
1605 1313 1652 1353 ad

165 1386 437 1426 dimicandum.
475 1384 599 1439 Signo
622 1385 691 1425 sub
717 1384 815 1424 idem
839 1391 990 1437 tempus
1013 1383 1060 1423 ab
1083 1390 1247 1436 utroque
1266 1383 1355 1422 dato
1374 1382 1648 1423 concurritur:
1668 1379 1728 1424 40

164 1455 310 1494 aeriter
332 1455 517 1507 uarieque
540 1461 749 1509 pugnatur.
794 1451 900 1493 Nam
923 1458 1070 1491 XXXVI
1094 1452 1197 1505 legio
1213 1483 1222 1501 ,
1258 1466 1342 1491 cum
1368 1457 1483 1492 extra
1508 1451 1653 1490 fossam

164 1523 204 1562 in
234 1523 383 1575 equites
413 1522 519 1575 regis
542 1523 726 1576 impetum
752 1521 913 1561 fecisset
930 1551 939 1569 ,
958 1520 1071 1577 'adeo
1094 1520 1307 1560 secuudum
1332 1519 1521 1573 proelium
1544 1517 1651 1567 feeit,

165 1597 206 1630 ut
246 1590 452 1631 moenibus
496 1591 623 1644 oppidi
665 1590 898 1630 succederet
938 1589 1160 1641 fossamque
1192 1587 1381 1628 transiret
1412 1598 1655 1639 auersosque

163 1659 297 1698 hostes
329 1659 624 1711 adgrederetur.
668 1658 724 1698 At
745 1657 911 1698 Pontica
944 1671 994 1697 ex
1018 1657 1142 1697 altera
1166 1663 1275 1710 parte
1293 1655 1419 1709 legio,
1452 1670 1538 1696 cum
1561 1668 1654 1708 pau·
1675 1653 1702 1693 2

162 1726 239 1765 lum
263 1739 403 1766 auersa
423 1727 601 1766 hostibus
622 1726 824 1775 cessisset,
846 1727 989 1765 fossam
1009 1733 1137 1765 autem
1157 1725 1365 1765 circumire
1383 1738 1429 1764 ac
1449 1731 1655 1764 transcen-

165 1795 256 1834 dere
287 1801 428 1834 conata
457 1801 583 1844 esset,
622 1802 663 1834 ut.
685 1802 819 1848 aperto
842 1794 966 1833 latere
989 1794 1271 1847 adgrederetur
1292 1792 1447 1833 hostem
1464 1823 1474 1840 ,
1508 1791 1546 1831 in
1569 1789 1655 1843 ipso

164 1863 331 1903 transitu
364 1864 494 1903 fossae
528 1864 683 1903 confixa
716 1869 756 1903 et
785 1875 972 1916 oppressa
1006 1870 1080 1902 est.
1135 1860 1314 1902 Deiotari
1349 1874 1445 1900 uero
1478 1858 1654 1912 legiones

164 1930 235 1970 uix
264 1931 447 1984 impetum
480 1931 768 1971 sustinuerunt.
814 1929 874 1970 lta
907 1930 1090 1970 uictrices
1120 1930 1255 1984 regiae
1278 1929 1413 1983 copiae
1437 1941 1561 1968 cornu
1583 1939 1654 1966 suo
1677 1922 1700 1963 3

167 1999 307 2038 dextro
339 1999 542 2052 mediaque
565 1999 650 2039 acie
673 2005 958 2039 conuerterunt
980 2012 1023 2038 se
1045 1999 1092 2038 ad
1114 2004 1260 2038 XXXVI
1283 1997 1495 2050 legionem.
1541 1992 1655 2046 Quae

167 2073 297 2106 tamen
322 2068 477 2107 fortiter
498 2067 739 2107 uincentium
761 2068 946 2120 impetum
965 2066 1167 2116 sustinuit,
1183 2066 1334 2120 magnis
1348 2065 1469 2119 copiis
1486 2062 1653 2103 hostium

166 2135 405 2175 circumdata
439 2136 758 2190 praesentissimo
792 2135 921 2174 animo
953 2148 1130 2188 pugnans
1152 2135 1192 2174 in
1216 2133 1348 2173 orbem
1372 2147 1414 2173 se
1436 2131 1587 2185 recepit
1608 2130 1655 2171 ad

165 2203 318 2243 radices
351 2204 563 2254 montiumg
599 2218 674 2257 quo
697 2202 924 2244 Pharnaces
956 2203 1107 2255 insequi
1131 2209 1289 2256 propter
1310 2201 1554 2254 iniquitatem
1577 2198 1654 2239 loci

165 2270 303 2311 noluit.
347 2270 406 2312 Ita
428 2270 593 2312 Pontica
616 2272 771 2326 legione
794 2285 916 2325 paene
941 2278 1021 2311 tota
1044 2270 1212 2320 amissa,
1238 2283 1378 2323 magna
1402 2275 1512 2323 parte
1535 2266 1656 2307 Deio·
1679 2264 1703 2304 4

168 2339 240 2378 tari
273 2340 438 2380 militum
470 2340 680 2380 interfecta
711 2346 858 2379 XXXVI
891 2340 994 2393 legio
1027 2339 1066 2378 in
1090 2339 1173 2379 loca
1198 2353 1240 2379 se
1264 2339 1469 2392 superiora
1493 2335 1658 2376 contulit

167 2420 244 2446 non
274 2408 437 2462 amplius
461 2415 543 2448 CCL
565 2408 814 2449 desideratis.
861 2406 1100 2448 Ceciderunt
1133 2422 1178 2448 eo
1213 2407 1362 2462 proelio
1385 2403 1576 2459 splendidi
1599 2409 1657 2443 at·
1679 2401 1702 2441 5

310 2519 329 2549 4
349 2518 505 2550 derectas
524 2529 544 2550 α
566 2519 596 2549 ἱ).
838 2518 948 2549 medio
969 2518 1151 2549 interuallo
1172 2528 1190 2548 a
1211 2517 1290 2549 edd.
1311 2520 1395 2547 aule
1416 2527 1449 2555 n,
1471 2512 1655 2546 interuallo

169 2569 276 2600 medio
296 2571 368 2600 sine
387 2574 620 2602 annotatione
641 2581 675 2602 ll.
876 2570 912 2603 11
936 2570 1150 2602 conditiones
1171 2570 1231 2610 (a).
1424 2568 1603 2610 adpeteret
1621 2576 1652 2596 a.

313 2620 353 2653 12
370 2620 393 2660 ἦ·
410 2621 484 2652 sine
503 2622 622 2663 causa]
641 2622 680 2654 P.
708 2622 780 2654 196.
1006 2622 1041 2654 14
1064 2621 1228 2661 legionem
1250 2621 1280 2651 b.
1496 2618 1534 2650 15
1553 2618 1658 2648 inter-

171 2671 295 2701 uallum
317 2669 438 2702 l'rontis
457 2672 598 2714 reliquit
615 2683 636 2703 α
657 2673 753 2703 ‘mssa
770 2671 959 2713 plerz'qite',
978 2671 1101 2702 frontis
1121 2671 1259 2713 reliquit
1281 2670 1500 2701 interuallum
1520 2678 1542 2698 u
1562 2666 1658 2704 (reli-

170 2723 247 2764 quid
267 2724 316 2762 α).
468 2724 499 2754 in
519 2725 682 2756 subsidiis
703 2735 793 2756 unus
813 2723 898 2764 det..
921 2724 1056 2755 insidiis
1076 2723 1220 2765 reliqui.
1376 2722 1411 2753 lti
1432 2720 1600 2759 utrimque
1622 2727 1655 2751 α.

169 2785 234 2805 71012
255 2773 382 2815 utrinq·
616 2776 654 2808 19
675 2777 806 2818 equites
825 2786 846 2807 a
867 2777 883 2808 b
903 2775 978 2807 cod.
1003 2775 1083 2807 Vrs.
1104 2776 1122 2806 2>
1144 2775 1247 2806 deli..
1272 2774 1457 2815 equitatum
1479 2782 1512 2802 ll.

169 2826 207 2858 21
224 2826 516 2865 adgrederetura.
657 2828 792 2870 paulum
814 2828 844 2867 b,
860 2827 1031 2870 paululum
1052 2827 1105 2868 (a)
1125 2837 1159 2857 η.
1299 2826 1339 2856 22
1354 2835 1392 2855 ac
1412 2822 1658 2854 transcendere

170 2887 246 2919 ego,
267 2877 359 2908 acies
378 2877 529 2908 seeundo
549 2877 647 2908 codd.
669 2878 710 2910 P.
734 2878 808 2911 196.
961 2879 1003 2911 23
1024 2877 1275 2918 adgrederetur
1292 2886 1325 2906 α.
1481 2874 1523 2905 25
1544 2873 1656 2913 regiae

169 2941 188 2961 a
209 2929 338 2961 ‘Leid.’
356 2929 376 2961 2
395 2929 496 2970 dett„
517 2929 605 2968 rogis
625 2939 660 2960 η.
802 2930 845 2961 28
863 2930 977 2961 urbem
999 2940 1092 2960 corr.
1114 2940 1147 2960 a.
1291 2928 1332 2958 30
1352 2937 1435 2968 pene
1456 2936 1489 2957 α.

172 2982 209 3014 31
234 2981 320 3022 legio
341 2991 408 3014 om.
429 2991 463 3012 a.
