1835 3240
542 166 727 211 COMM.
751 165 852 210 vm
873 163 995 208 cAP.
1018 164 1073 207 38
1085 147 1217 206 441.
1612 164 1694 208 483

135 285 303 340 reliquit,
328 284 394 337 qui
414 283 751 324 iustisitineribus
764 281 1100 334 subsequeretur3
1124 278 1208 332 ipse
1228 292 1313 318 cum
1327 278 1431 318 omni
1445 279 1619 332 equitatu

136 368 246 408 quam
267 358 397 406 potest
419 352 625 392 celerrime
647 351 694 391 ad
717 348 929 391 Caninium
950 347 1167 389 contendit.

246 412 349 458 Cum
370 421 509 456 eontra
531 413 848 467 expectationem
870 411 1042 451 omnium
1065 406 1220 449 Caesar
1230 406 1525 449 Vxellodunum
1549 421 1615 448 ue·
1637 408 1696 453 40

136 482 261 524 nisset
282 482 543 536 oppidumque
566 480 749 535 operibus
772 480 945 520 clausum
968 478 1304 519 animaduerteret
1326 487 1452 528 neque
1485 474 1532 515 ab
1555 489 1622 528 op-

89 561 107 593 5
138 550 377 605 pugnatione
399 549 530 590 recedi
553 549 707 590 uideret
727 547 804 587 ulla
827 547 1058 587 condicione
1080 558 1218 599 posse,
1243 556 1384 596 magna
1405 548 1535 583 autem
1559 555 1624 582 co·

135 618 197 673 pia
219 618 405 662 frumenti
427 617 629 658 abundare
651 615 865 669 oppidanos
888 628 940 654 ex
962 613 1134 667 perfugis
1158 616 1384 665 cognosset,
1414 623 1513 663 aqua
1534 623 1624 662 pro-

134 686 270 726 hibere
293 685 445 726 hostem
469 691 659 738 temptare
681 682 825 736 coepit.
858 680 1027 722 Flumen
1048 680 1220 720 infimam
1241 679 1383 719 uallem
1407 677 1621 727 diffidebat,
1645 677 1672 716 2

135 768 234 807 quae
257 760 380 797 totum
403 765 528 807 paene
549 757 722 795 montem
745 748 951 805 cingebat,
981 749 1024 791 in
1054 761 1129 801 quo
1162 747 1331 800 positum
1354 753 1440 787 erat
1462 759 1624 800 praeru-

137 829 243 876 ptum
272 821 440 874 undique
472 820 652 874 oppidum
673 817 986 860 Vxellodunum.
1045 816 1131 856 Hoc
1162 821 1347 857 auertere
1377 814 1455 856 loci
1484 821 1625 855 natura
1646 811 1670 853 3

62 897 103 930 10
135 889 388 943 prohibebat:
413 889 452 930 in
473 888 616 931 infimis
638 887 744 928 enim
767 887 824 928 sie
845 885 1043 926 radicibus
1065 883 1210 924 montis
1233 882 1452 932 ferebatur,
1477 888 1519 922 ut
1539 880 1626 925 nul-

137 957 212 999 lam
234 957 276 999 in
298 964 449 1011 partem
471 955 672 1011 depressis
696 954 814 995 fossis
836 953 1009 994 deriuari
1030 958 1179 1006 posset.
1242 949 1344 993 Erat
1365 957 1496 993 autem
1518 949 1624 1004 oppi-
1645 948 1673 988 4

138 1024 247 1066 danis
270 1024 433 1064 difficilis
456 1031 496 1064 et
516 1030 749 1078 praeruptus
771 1036 818 1063 eo
841 1022 1073 1069 descensus,
1098 1026 1143 1060 ut
1164 1017 1459 1074 prohibentibus
1477 1017 1627 1060 nostris

138 1092 225 1132 sine
246 1092 478 1133 uulneribus
508 1106 553 1132 ac
585 1092 759 1146 periculo
782 1090 886 1131 uitae
907 1102 1036 1142 neque
1059 1088 1168 1129 adire
1190 1087 1334 1129 flumen
1356 1098 1483 1138 neque
1504 1084 1626 1127 arduo

140 1173 183 1200 se
205 1160 384 1213 recipere
407 1166 570 1214 possent
591 1172 775 1201 ascensu.
830 1156 918 1210 Qua
941 1156 1164 1198 difficultate
1187 1168 1322 1195 eorum
1345 1153 1502 1208 cognita
1526 1149 1626 1193 Cae·
1650 1151 1675 1191 5

67 1234 105 1266 15
137 1241 204 1267 sar
225 1227 444 1281 sagittariis
465 1227 803 1279 funditoribusque
825 1225 1023 1279 dispositis
1038 1256 1048 1275 ,
1089 1222 1298 1264 tormentis
1330 1221 1446 1261 etiam
1469 1220 1628 1273 quibus-

141 1295 228 1334 dam
249 1295 346 1335 locis
372 1302 512 1336 contra
534 1295 742 1336 facillimos
765 1295 980 1335 descensus
1003 1291 1219 1333 conlocatis
1242 1303 1343 1344 aqua
1355 1287 1526 1329 fluminis
1539 1301 1629 1341 pro-

144 1362 303 1403 hibebat
331 1363 563 1417 oppidanos.
616 1361 795 1415 Quorum
825 1362 952 1402 omnis
991 1367 1128 1414 postea
1159 1357 1366 1399 multitudo
1397 1362 1630 1410 aquatorum
1651 1354 1700 1400 41

143 1445 262 1470 unum
284 1431 324 1470 in
346 1431 472 1471 locum
495 1430 759 1471 conueniebat
779 1429 850 1470 sub
872 1429 993 1483 ipsius
1016 1427 1144 1482 oppidi
1166 1440 1343 1474 murum,
1375 1424 1440 1464 ubi
1462 1437 1630 1477 magnus

145 1499 231 1538 fons
253 1512 376 1551 aquae
399 1498 681 1552 prorumpebat
702 1498 748 1538 ab
772 1511 817 1538 ea
839 1504 951 1551 parte
967 1528 977 1548 ‚
1017 1509 1116 1550 quae
1137 1496 1220 1535 fere
1243 1494 1381 1548 pedum
1404 1498 1485 1532 CCC
1505 1491 1631 1532 inter-

67 1574 110 1607 20
142 1567 245 1608 uallo
268 1568 437 1608 fluminis
460 1569 629 1608 circuitu
649 1567 830 1608 uacabat.
875 1565 962 1607 Hoc
986 1568 1094 1606 fonte
1116 1564 1314 1619 prohiberi
1335 1575 1452 1617 posse
1474 1562 1632 1616 oppida·
1652 1560 1681 1601 2

143 1650 214 1677 nos
237 1651 324 1677 cum
347 1644 530 1691 optarent
550 1637 715 1690 reliqui,
742 1634 896 1677 Caesar
917 1649 1017 1677 unus
1039 1635 1216 1685 uideret,
1241 1647 1262 1674 e
1283 1632 1445 1686 regione
1468 1631 1552 1672 eius
1574 1631 1632 1672 ui-

144 1717 238 1745 neas
261 1718 382 1757 agere
404 1704 596 1745 aduersus
627 1711 801 1746 montem
831 1710 870 1744 et
902 1715 1087 1758 aggerem
1115 1702 1316 1742 instruere
1339 1699 1469 1754 coepit
1490 1714 1632 1753 magno

145 1785 231 1812 cum
251 1770 388 1812 labore
409 1778 449 1812 et
470 1772 658 1812 continua
679 1770 946 1811 dimicatione.
981 1767 1176 1823 Oppidani
1199 1768 1302 1809 enim
1318 1766 1406 1808 loco
1428 1767 1633 1822 superiore
1655 1767 1680 1808 3

288 1851 305 1884 1
326 1851 468 1894 reliquit
487 1852 584 1884 ‘mss.
605 1852 708 1894 longe
722 1851 906 1894 plurimi',
928 1849 1078 1892 reliquid
1097 1849 1149 1890 B,-
1169 1848 1366 1891 relinquite
1379 1857 1416 1881 u.
1557 1848 1634 1880 sub-

147 1908 349 1945 sequeretur
369 1904 512 1946 ‘reliqui
522 1904 543 1944 ',
563 1915 600 1936 se
619 1905 890 1946 subsequeretur
908 1903 968 1945 (B)
985 1905 1000 1934 Ρ
1013 1903 1029 1933 b
1043 1901 1135 1934 cde.
1307 1900 1326 1932 3
1347 1899 1633 1942 (expectationem

146 1957 191 1997 B)
212 1956 490 1998 exspectationes
508 1957 553 1989 D.
726 1955 979 1988 Vxelludonum
999 1965 1078 1986 cum
1097 1964 1119 1984 u
1136 1962 1243 1995 super
1261 1962 1278 1983 ο
1297 1962 1366 1983 sec.
1385 1961 1433 1983 m.
1450 1954 1572 1993 posita
1590 1953 1632 1993 B,

144 2005 389 2038 Vselludonum
411 2007 446 2048 C,
467 2006 716 2039 Vselloduuum
736 2007 768 2048 Ζ),-
786 2006 1054 2039 Auxiliodunum
1073 2015 1141 2036 sec.
1162 2014 1211 2036 m.
1229 2003 1274 2035 D.
1446 2004 1465 2035 4
1486 2003 1634 2035 animum

148 2059 349 2090 aduerteret
365 2069 411 2090 θα)
428 2070 499 2092 uno
520 2060 634 2092 Omen.
654 2070 689 2092 u.
877 2060 895 2091 5
916 2058 1109 2090 conditione
1128 2056 1203 2097 (B).
1390 2055 1408 2087 6
1427 2054 1582 2097 profugis
1602 2057 1633 2088 b.

289 2112 514 2152 cognossetB
529 2112 610 2152 CD,
633 2111 854 2153 cognouisset
871 2121 911 2151 e,·
932 2110 1152 2142 conuenisset·
1162 2108 1207 2140 A.
1348 2105 1367 2139 7
1385 2111 1553 2149 temptare
1566 2108 1634 2139 int.

148 2170 242 2192 uers-
265 2161 297 2193 b.
461 2162 480 2194 9
499 2160 749 2195 Vxellodonum
769 2172 847 2193 cum
867 2173 887 2193 u
905 2171 1013 2204 super
1028 2161 1061 2192 lo
1080 2170 1148 2191 see.
1169 2169 1216 2190 m.
1232 2159 1355 2200 posita
1373 2157 1423 2196 B,·
1447 2158 1475 2190 C
1491 2161 1525 2189 et
1545 2158 1576 2200 b,
1597 2162 1639 2190 ut

147 2221 270 2253 supra.
409 2213 472 2245 hoc
489 2218 650 2245 auertere
670 2213 730 2254 (B)
750 2216 787 2245 et
802 2213 956 2255 relz'quz'5
978 2213 1097 2243 flumen
1116 2209 1229 2241 auerti
1249 2219 1266 2239 e
1285 2207 1378 2240 And.
1396 2207 1512 2241 Ooeon.
1534 2212 1580 2251 et,
1600 2212 1642 2242 ni

138 2261 270 2303 fallor,
290 2272 323 2303 a,
345 2262 467 2306 dequo
488 2267 609 2296 tacens
620 2265 858 2297 Achaz‘ntrius
876 2264 955 2296 z'nB
969 2262 1215 2303 Oudendorpz‘z'
1231 2261 1477 2292 coniecturam
1494 2260 1558 2294 hoc
1578 2262 1638 2293 ssu-

148 2323 222 2345 men
241 2314 353 2345 auerti
373 2313 448 2356 lega·
464 2317 605 2346 narrat.
794 2314 835 2347 10
855 2314 888 2344 in
907 2313 1030 2345 infimis
1049 2312 1138 2345 enim
1158 2311 1208 2343 sic
1228 2311 1256 2343 Β
1278 2310 1459 2353 ‘rela·quz·',
1481 2311 1531 2344 sic
1550 2313 1638 2351 enim

150 2364 227 2397 imis
246 2366 336 2405 (sine
354 2365 403 2407 in)
421 2375 483 2397 ae.
628 2365 665 2398 11
689 2364 885 2408 depraessis
904 2365 948 2397 B.
1089 2363 1198 2407 possit
1215 2373 1232 2394 e
1252 2361 1370 2395 Ooeon.
1524 2363 1564 2398 12
1583 2363 1640 2395 de-

153 2427 293 2449 scensos
311 2421 395 2449 ante
413 2428 506 2449 corr.
526 2417 570 2450 B.
736 2417 778 2450 14
796 2426 944 2449 ascensu
961 2416 1005 2448 B.
1186 2414 1225 2448 16
1245 2413 1433 2446 conlocatis
1451 2414 1495 2452 B.

155 2467 195 2499 17
214 2473 412 2509 aquatorum
430 2468 461 2500 B
475 2469 545 2500 CD
561 2468 605 2500 bc
618 2467 681 2509 de,
702 2472 863 2510 aquatum
881 2477 917 2499 n.
1092 2466 1133 2499 18
1151 2465 1214 2498 sub
1233 2465 1341 2507 ipsius
1361 2465 1475 2508 oppidi
1493 2474 1638 2503 murum,

155 2518 211 2550 ubi
229 2529 369 2559 magnus
380 2520 440 2562 (B)
455 2520 549 2561 CD,·
570 2521 631 2553 sub
650 2520 757 2562 ipsius
777 2521 866 2552 enim
887 2519 1141 2562 oppidimurum
1158 2528 1298 2564 magnus
1316 2517 1368 2549 cd
1385 2521 1432 2558 et,
1452 2520 1516 2559 qui
1530 2528 1640 2558 muro,

156 2570 173 2599 b
191 2572 236 2608 et,
257 2572 320 2610 qui
336 2570 456 2612 ipsum,
475 2581 505 2603 e.
647 2570 687 2604 19
708 2581 814 2613 aquae
833 2571 864 2603 B
879 2570 960 2610 CI),
982 2580 1050 2602 om.
1072 2580 1101 2603 e.
1258 2568 1345 2611 pede
1364 2568 1394 2600 B
1410 2568 1496 2602 CD.

156 2625 388 2652 trecentorum
398 2621 471 2661 (B).
610 2622 653 2657 20
672 2626 757 2654 ante
770 2621 915 2654 fluminis
926 2620 1007 2653 add.
1023 2630 1043 2652 a
1057 2631 1074 2652 c
1085 2631 1115 2652 e.
1258 2620 1441 2652 circumitu
1451 2620 1496 2652 A.

155 2672 195 2705 21
217 2672 350 2703 uideret
372 2672 619 2713 BCabede,·
647 2674 805 2715 uideret,
831 2678 956 2717 quanto
985 2683 1060 2705 cum
1086 2672 1238 2715 periculo
1257 2672 1291 2704 id
1310 2672 1411 2704 fieret
1427 2673 1481 2712 D,·
1507 2672 1643 2704 uideret

158 2734 223 2755 non
242 2724 315 2755 sine
333 2733 452 2763 magno
470 2725 623 2767 periculo
641 2736 676 2758 u.
819 2737 836 2759 e
853 2736 925 2758 om.
944 2726 975 2758 B
995 2726 1091 2757 ‘mss.
1112 2724 1157 2758 6’.
1295 2725 1340 2759 22
1359 2723 1542 2766 aduersus]
1563 2734 1641 2756 con-

156 2779 210 2805 tra
229 2785 245 2805 e
262 2773 358 2806 And.
379 2773 492 2806 Ooeon.
661 2787 820 2819 aggerem
838 2777 1012 2809 instruere
1030 2776 1061 2809 B
1081 2775 1259 2817 ‘reliqui'‚
1280 2785 1423 2816 aggeres
1441 2779 1577 2806 struere
1595 2775 1612 2806 b
1625 2784 1642 2805 c

159 2826 219 2858 de.
383 2836 502 2867 magno
522 2838 596 2860 cum
614 2829 746 2873 labore]
766 2840 841 2863 cum
858 2839 978 2871 magna
1000 2830 1018 2861 b
1031 2828 1122 2860 cde.
1288 2828 1332 2862 23
1351 2825 1453 2868 enim]
1472 2836 1554 2858 uero
1576 2826 1594 2858 b
1608 2837 1637 2858 c.

304 2872 471 2913 superiori
491 2873 521 2904 b.

1358 2925 1408 2966 31
1426 2928 1441 2946 “
