1835 3240
107 586 124 617 0⁷!

80 924 120 956 10

85 1262 123 1294 15

84 2282 125 2314 30

689 186 876 231 CAPVT
898 185 949 228 34
963 212 1013 217 —
1029 185 1099 227 36.
1627 187 1708 228 (343

156 306 366 348 Caesarem
391 303 509 344 mittit
531 303 674 344 litteris
698 304 782 344 eius
805 308 990 343 euocatas
1006 317 1016 351 3
1035 313 1197 354 quarum
1215 298 1339 339 altera
1370 299 1408 338 in
1424 300 1523 341 bello
1541 302 1634 342 Alc-

154 374 349 416 xandrino
367 386 445 412 non
460 372 647 421 occurrit,
663 371 763 427 quod
780 371 923 410 itinere
937 368 1119 409 terrestri
1137 381 1206 422 per
1221 364 1379 422 Syriam
1398 375 1483 407 erat
1498 370 1631 410 missa.

153 441 344 494 Adiungit
367 439 485 494 [Cn.]
509 438 704 480 Domitius
737 438 885 492 legioni
916 443 1063 477 XXXVI
1094 437 1189 476 duas
1221 435 1267 475 ab
1290 433 1481 475 Deiotaro
1498 466 1507 484 ,
1541 450 1635 488 quas
1657 437 1683 476 4

152 510 217 550 ille
248 509 453 562 disciplina
486 515 602 560 atque
635 513 833 547 armatura
856 512 991 544 nostra
1015 504 1234 558 complures
1258 516 1381 542 anuos
1404 502 1637 543 constitutas

157 577 347 627 habebat,
382 577 612 632 equitesque
635 581 658 614 C
691 574 927 626 totidemque
959 572 1005 612 ab
1027 571 1304 613 Ariobarzane
1337 571 1469 610 sumit.
1512 569 1639 610 Mittit
1661 571 1684 610 5

152 643 199 685 Ρ.
225 642 397 685 Sestium
420 644 467 683 ad
491 642 539 684 C.
564 641 805 682 Plaetorium
829 647 1102 694 quaestorem,
1128 646 1170 679 ut
1191 639 1384 693 legionem
1407 639 1636 688 adduceret,

154 726 252 765 quae
275 726 326 752 ex
347 710 610 751 tumultuariis
632 709 815 751 militibus
837 710 876 748 in
897 707 1026 748 Ponto
1048 708 1228 747 confecta
1250 714 1350 757 erat,
1374 704 1640 759 Quintumque

154 779 345 820 Patisium
368 779 407 818 in
431 775 611 818 Ciliciam
635 778 681 818 ad
705 777 851 817 auxilia
873 776 1124 817 arcessenda.
1164 773 1276 826 Quae
1299 775 1433 828 copiae
1456 773 1641 815 celeriter

155 862 289 889 omnes
310 848 419 887 iussu
440 845 603 886 Domitii
626 843 802 887 Comana
825 849 1114 885 conuenerunt.
1148 841 1308 882 Interim
1332 843 1452 896 legati
1474 856 1495 882 a
1516 840 1643 882 Phar·
1659 840 1715 885 35

154 931 250 957 nace
274 929 459 970 responsa
485 916 687 955 referunt:
714 911 961 968 Cappadocia
986 925 1029 952 se
1052 911 1290 958 decessisse,
1319 911 1547 951 Armeniam
1570 910 1640 950 mi-

156 998 291 1024 norem
334 984 558 1037 recepisse,
603 996 717 1035 quam
749 988 912 1035 paterno
943 980 1101 1020 nomine
1133 979 1218 1019 iure
1250 978 1427 1018 obtinere
1460 978 1638 1018 deberet.

155 1050 335 1104 Denique
374 1051 458 1091 eius
496 1050 610 1103 regni
643 1062 761 1089 causa
791 1049 946 1103 integra
981 1045 1147 1087 Caesari
1177 1053 1427 1086 seruaretur:
1466 1053 1642 1099 paratum

154 1119 256 1159 enim
279 1132 321 1159 se
345 1120 490 1168 facere,
517 1118 617 1171 quod
639 1117 672 1157 is
697 1116 915 1157 statuisset.
960 1114 1174 1162 Domitius,
1200 1129 1285 1154 cum
1309 1114 1644 1154 animaduerteret
1664 1112 1692 1152 2

155 1200 242 1227 eum
266 1185 514 1241 Cappadocia
542 1185 762 1226 decessisse
786 1199 863 1225 non
887 1184 1089 1224 uoluntate
1111 1183 1342 1232 adductum,
1377 1182 1445 1222 sed
1469 1181 1644 1221 necessi-

157 1262 258 1304 tate,
294 1256 394 1308 quod
427 1254 578 1295 facilius
601 1253 832 1293 Armeniam
864 1253 1075 1293 defendere
1108 1258 1243 1305 posset
1273 1250 1488 1290 subiectam
1520 1263 1643 1302 regno

157 1336 227 1363 suo
260 1337 372 1375 quam
397 1321 684 1377 Cappadociam
719 1322 875 1374 longius
910 1328 1100 1361 remotam
1124 1320 1304 1373 quodque
1327 1331 1464 1358 omnes
1486 1325 1567 1357 tres
1589 1316 1644 1356 le-

158 1390 295 1443 giones
327 1391 583 1431 adducturum
606 1389 823 1430 Domitium
856 1396 1058 1444 putasset3
1093 1402 1146 1428 ex
1177 1387 1318 1441 quibus
1348 1400 1434 1426 cum
1466 1386 1563 1426 duas
1596 1385 1644 1424 ad

158 1456 373 1499 Caesarem
396 1460 536 1499 missas
559 1458 746 1506 audisset,
770 1458 955 1498 audacius
978 1458 1017 1498 in
1037 1456 1229 1497 Armenia
1251 1454 1489 1503 substitisse,
1511 1467 1645 1507 perse-

158 1541 299 1567 uerare
332 1528 482 1581 coepit,
518 1534 561 1567 ut
591 1541 638 1567 eo
670 1540 823 1580 quoque
854 1540 976 1580 regno
999 1525 1230 1566 decederet:
1266 1536 1391 1576 neque
1415 1522 1516 1562 enim
1540 1521 1644 1561 aliud
1667 1519 1692 1560 3

154 1595 214 1635 ius
246 1609 335 1636 esse
360 1593 633 1649 Cappadociae
665 1602 782 1648 atque
803 1594 1045 1645 Armeniae,
1080 1607 1152 1634 nec
1184 1592 1287 1632 iuste
1317 1605 1404 1631 eum
1428 1591 1642 1644 postulare,

157 1670 199 1702 ut
228 1663 267 1703 in
292 1661 478 1704 Caesaris
509 1663 720 1703 aduentum
751 1678 816 1703 res
838 1663 994 1716 integra
1017 1662 1260 1702 differretur:
1295 1659 1333 1700 id
1352 1658 1453 1699 enim
1477 1672 1565 1699 esse
1589 1659 1647 1698 in-

159 1737 335 1784 tegrum,
370 1732 473 1786 quod
505 1731 561 1771 ita
588 1739 716 1778 esset,
754 1739 793 1771 ut
828 1732 980 1771 fuisset.
1028 1729 1099 1769 His
1132 1728 1332 1782 responsis
1366 1726 1466 1767 datis
1491 1741 1574 1766 cum
1598 1726 1646 1766 iis
1668 1726 1695 1765 4

158 1800 302 1852 copiis,
328 1813 424 1852 quas
447 1813 564 1853 supra
586 1799 742 1853 scripsi,
768 1800 967 1852 profectus
991 1805 1051 1838 est
1073 1798 1110 1837 iu
1135 1796 1364 1836 Armeniam
1388 1795 1560 1847 locisque
1583 1808 1648 1833 su-

138 1867 375 1919 'periorihus
408 1867 484 1907 iter
515 1868 642 1907 facere
676 1867 872 1907 instituit:
911 1881 997 1906 uam
1034 1880 1085 1906 ex
1107 1863 1237 1905 Ponto
1260 1879 1281 1904 a
1304 1862 1492 1905 Comanis
1514 1863 1646 1916 iugum
1670 1861 1695 1901 5

158 1935 303 1975 editum
326 1935 579 1983 siluestrest,
615 1935 816 1988 pertinens
840 1935 877 1974 in
901 1935 1130 1974 Armeniam
1154 1934 1371 1981 minorem,
1397 1946 1472 1984 quo
1495 1928 1648 1984 Cappa-

159 2003 269 2042 docia
292 2002 424 2042 linitur
447 2003 492 2042 ab
515 2003 730 2053 Armenia3
755 2004 866 2043 cuius
889 2003 1040 2042 itineris
1064 2003 1133 2041 lias
1156 2015 1244 2042 esse
1267 2008 1397 2041 certas
1420 2000 1647 2053 opportuni·
1669 1997 1696 2039 6

161 2077 286 2118 tates,
322 2072 419 2124 quod
453 2071 493 2111 in
527 2070 623 2111 locis
656 2071 926 2124 superioribus
950 2070 1080 2110 nullus
1104 2070 1270 2123 impetus
1294 2068 1521 2122 repentinus
1544 2067 1647 2107 acci-

159 2140 252 2179 dere
285 2139 453 2179 hostium
486 2146 663 2192 poterat,
699 2145 735 2178 et
766 2139 865 2191 quod
890 2135 1138 2192 Cappadocia
1162 2137 1221 2177 his
1243 2136 1343 2190 iugis
1366 2135 1544 2175 subiecta
1567 2150 1646 2175 ma-

159 2221 274 2260 gnam
299 2214 540 2247 commeatus
564 2207 712 2261 copiam
736 2214 821 2246 erat
839 2206 1201 2246 subministratura.
1237 2202 1471 2258 Complures
1490 2204 1646 2244 iuterim
1664 2203 1723 2248 36

157 2275 375 2329 legationes
398 2273 627 2315 Pharnaces
660 2275 705 2315 ad
732 2273 944 2314 Domitium
978 2274 1119 2323 mittit,
1157 2287 1255 2326 quae
1288 2273 1334 2312 de
1368 2285 1462 2326 pace
1485 2280 1647 2325 agerent

158 2342 342 2396 regiaque
375 2358 538 2384 munera
562 2342 735 2383 Domitio
769 2344 933 2382 ferrent.
976 2341 1036 2382 Ea
1059 2349 1287 2382 constanter
1308 2340 1440 2381 omnia
1462 2354 1647 2394 asperna-
1669 2340 1695 2381 2

160 2410 276 2451 batur
315 2426 388 2453 nec
418 2412 490 2452 sibi
524 2411 730 2465 quicquam
764 2412 847 2451 sore
879 2411 1076 2464 antiquius
1110 2425 1222 2464 quam
1256 2408 1483 2462 dignitatem
1518 2408 1647 2462 populi

303 2521 321 2553 3
342 2521 403 2553 Cn.
424 2531 485 2563 ego
505 2524 606 2553 uncis
626 2522 769 2553 inclusi.
911 2521 929 2553 6
945 2521 1093 2553 Sestium
1113 2531 1133 2552 a
1153 2521 1183 2560 b,
1205 2520 1355 2552 Sextium
1375 2529 1409 2550 υ.
1551 2516 1649 2549 Plae-

161 2572 284 2603 torium
305 2573 378 2604 ‘uel
394 2573 590 2606 Pletorium'
610 2574 677 2615 (sic
694 2575 731 2615 α)
752 2573 862 2605 ἤνιδε]
1056 2572 1074 2605 7
1096 2572 1323 2615 Quintumque
1342 2581 1375 2611 α,
1396 2570 1648 2612 Quinctumque

161 2624 200 2655 P.
222 2624 407 2655 Manutius
425 2635 460 2656 u.
610 2626 649 2658 10
669 2635 831 2668 responsa
851 2636 919 2657 om.
942 2625 973 2656 b.
1125 2624 1163 2657 13
1184 2624 1352 2656 Domitius
1371 2623 1402 2663 b,
1423 2621 1458 2653 P.
1481 2621 1646 2653 Domitius

158 2685 179 2705 «z
199 2674 276 2705 edd.
295 2676 456 2715 priores,-
476 2675 536 2707 Cn.
558 2675 726 2708 Domitius
745 2677 784 2708 P.
807 2676 989 2707 Manutius
1008 2686 1042 2707 u.
1252 2675 1452 2706 aduerteret
1472 2673 1502 2703 I).

166 2726 203 2757 14
224 2725 437 2768 Cappadocie
455 2736 489 2758 a.
651 2729 866 2760 abscessisse
887 2729 917 2759 b.
1084 2727 1267 2759 abductum
1287 2737 1320 2757 α.
1484 2725 1522 2756 15
1543 2734 1647 2764 regno

162 2787 222 2808 suo
242 2787 276 2817 a,
296 2787 355 2808 suo
376 2787 475 2817 regno
494 2777 571 2809 edd.
713 2781 753 2812 17
774 2781 965 2823 putauisset
985 2779 1016 2811 b.
1173 2780 1213 2812 18
1231 2779 1428 2811 substitisse
1453 2776 1514 2808 ΤΙι.
1540 2776 1647 2808 Bent-

160 2829 271 2868 lez'1155
291 2828 503 2860 substitisset
521 2833 555 2860 et
572 2840 592 2861 α
607 2831 624 2861 b
641 2831 659 2863 3
679 2831 1006 2873 dett.‚substitisset
1024 2842 1058 2863 τι,
1200 2832 1240 2865 21
1255 2831 1451 2862 deferretur
1470 2830 1500 2860 b.

161 2879 203 2913 24
224 2880 259 2915 a]
276 2887 315 2908 θΧ
335 2881 417 2909 ante
436 2888 527 2910 ⁰⁰77*-
549 2889 583 2910 a·
723 2883 766 2916 25
785 2882 947 2914 siluestre
966 2892 999 2919 a,
1017 2882 1179 2913 siluestre
1200 2881 1298 2912 ‘mss.
1318 2877 1464 2918 omnes',·
1484 2878 1645 2910 siluestre

161 2935 212 2962 est
231 2929 343 2962 Aldus
361 2939 396 2960 u.
522 2930 563 2964 26
583 2931 832 2972 oportunitates
851 2943 885 2964 a.
1014 2932 1058 2967 28
1078 2931 1325 2974 Cappadociam
1344 2948 1387 2952 —
1406 2929 1593 2962 subiectam
1614 2932 1643 2961 b.

304 2981 346 3013 32
366 2981 542 3023 quicquam
561 2991 594 3019 a,
616 2992 684 3014 non
704 2983 817 3025 quidq.

1363 3037 1445 3078 41*
