<?xml version="1.0" encoding="UTF-8"?>
<!DOCTYPE html PUBLIC "-//W3C//DTD XHTML 1.0 Transitional//EN"
    "http://www.w3.org/TR/xhtml1/DTD/xhtml1-transitional.dtd">
<html xmlns="http://www.w3.org/1999/xhtml" xml:lang="en" lang="en">
 <head>
  <title>
</title>
<meta http-equiv="Content-Type" content="text/html;charset=utf-8" />
  <meta name='ocr-system' content='tesseract 3.04.00' />
  <meta name='ocr-capabilities' content='ocr_page ocr_carea ocr_par ocr_line ocrx_word'/>
</head>
<body>
  <div class='ocr_page' id='page_1' title='image "./commentarii00caesuoft_0703.png"; bbox 0 0 1835 3240; ppageno 0'>
   <div class='ocr_carea' id='block_1_1' title="bbox 85 898 124 930">
    <p class='ocr_par' dir='ltr' id='par_1_1' title="bbox 85 898 124 930">
     <span class='ocr_line' id='line_1_1' title="bbox 85 898 124 930; baseline 0 0"><span class='ocrx_word' id='word_1_1' title='bbox 85 898 124 930; x_wconf 88' lang='lat'>10</span> 
     </span>
    </p>
   </div>
   <div class='ocr_carea' id='block_1_2' title="bbox 84 1235 123 1267">
    <p class='ocr_par' dir='ltr' id='par_1_2' title="bbox 84 1235 123 1267">
     <span class='ocr_line' id='line_1_2' title="bbox 84 1235 123 1267; baseline 0 0"><span class='ocrx_word' id='word_1_2' title='bbox 84 1235 123 1267; x_wconf 81' lang='lat'>15</span> 
     </span>
    </p>
   </div>
   <div class='ocr_carea' id='block_1_3' title="bbox 83 1574 126 1608">
    <p class='ocr_par' dir='ltr' id='par_1_3' title="bbox 83 1574 126 1608">
     <span class='ocr_line' id='line_1_3' title="bbox 83 1574 126 1608; baseline -0.047 0"><span class='ocrx_word' id='word_1_3' title='bbox 83 1574 126 1608; x_wconf 77' lang='lat'>20</span> 
     </span>
    </p>
   </div>
   <div class='ocr_carea' id='block_1_4' title="bbox 690 166 1715 213">
    <p class='ocr_par' dir='ltr' id='par_1_4' title="bbox 690 166 1715 213">
     <span class='ocr_line' id='line_1_4' title="bbox 690 166 1715 213; baseline 0.001 -1"><span class='ocrx_word' id='word_1_4' title='bbox 690 167 880 213; x_wconf 84' lang='lat' dir='ltr'>CAPV&#39;P</span> <span class='ocrx_word' id='word_1_5' title='bbox 901 166 1103 211; x_wconf 79' lang='lat'><strong>52-54.</strong></span> <span class='ocrx_word' id='word_1_6' title='bbox 1631 170 1715 213; x_wconf 78' lang='lat'>693</span> 
     </span>
    </p>
   </div>
   <div class='ocr_carea' id='block_1_5' title="bbox 156 279 1719 2233">
    <p class='ocr_par' dir='ltr' id='par_1_5' title="bbox 156 279 1719 2233">
     <span class='ocr_line' id='line_1_5' title="bbox 160 279 1639 338; baseline -0.001 -11"><span class='ocrx_word' id='word_1_7' title='bbox 160 287 300 334; x_wconf 85' lang='lat' dir='ltr'>fectae,</span> <span class='ocrx_word' id='word_1_8' title='bbox 325 297 411 324; x_wconf 88' lang='lat' dir='ltr'>cum</span> <span class='ocrx_word' id='word_1_9' title='bbox 433 283 510 324; x_wconf 88' lang='lat' dir='ltr'>iam</span> <span class='ocrx_word' id='word_1_10' title='bbox 532 298 610 324; x_wconf 93' lang='lat' dir='ltr'>non</span> <span class='ocrx_word' id='word_1_11' title='bbox 628 284 745 338; x_wconf 87' lang='lat' dir='ltr'>longe</span> <span class='ocrx_word' id='word_1_12' title='bbox 766 299 788 325; x_wconf 87' lang='lat' dir='ltr'>a</span> <span class='ocrx_word' id='word_1_13' title='bbox 809 290 926 338; x_wconf 88' lang='lat' dir='ltr'>portu</span> <span class='ocrx_word' id='word_1_14' title='bbox 936 281 1141 336; x_wconf 85' lang='lat' dir='ltr'>Ruspinae</span> <span class='ocrx_word' id='word_1_15' title='bbox 1163 279 1363 330; x_wconf 79' lang='lat' dir='ltr'>abessent⁷</span> <span class='ocrx_word' id='word_1_16' title='bbox 1389 283 1639 337; x_wconf 74' lang='lat' dir='ltr'>conspicatae</span> 
     </span>
     <span class='ocr_line' id='line_1_6' title="bbox 157 347 1638 405; baseline 0 -12"><span class='ocrx_word' id='word_1_17' title='bbox 157 351 422 393; x_wconf 85' lang='lat' dir='ltr'>Caesarianas</span> <span class='ocrx_word' id='word_1_18' title='bbox 444 365 583 400; x_wconf 88' lang='lat' dir='ltr'>naues,</span> <span class='ocrx_word' id='word_1_19' title='bbox 599 366 698 405; x_wconf 88' lang='lat' dir='ltr'>quae</span> <span class='ocrx_word' id='word_1_20' title='bbox 719 353 759 392; x_wconf 92' lang='lat' dir='ltr'>in</span> <span class='ocrx_word' id='word_1_21' title='bbox 781 352 952 392; x_wconf 87' lang='lat' dir='ltr'>statione</span> <span class='ocrx_word' id='word_1_22' title='bbox 974 351 1073 404; x_wconf 88' lang='lat' dir='ltr'>apud</span> <span class='ocrx_word' id='word_1_23' title='bbox 1086 348 1290 403; x_wconf 87' lang='lat' dir='ltr'><strong>Thapsum</strong></span> <span class='ocrx_word' id='word_1_24' title='bbox 1312 347 1484 399; x_wconf 90' lang='lat' dir='ltr'>stabant,</span> <span class='ocrx_word' id='word_1_25' title='bbox 1510 353 1638 401; x_wconf 87' lang='lat' dir='ltr'>ueriti,</span> 
     </span>
     <span class='ocr_line' id='line_1_7' title="bbox 158 415 1643 471; baseline -0.001 -11"><span class='ocrx_word' id='word_1_26' title='bbox 158 433 207 460; x_wconf 91' lang='lat' dir='ltr'>ne</span> <span class='ocrx_word' id='word_1_27' title='bbox 235 419 276 458; x_wconf 90' lang='lat' dir='ltr'>in</span> <span class='ocrx_word' id='word_1_28' title='bbox 308 419 626 459; x_wconf 85' lang='lat' dir='ltr'>aduersariorum</span> <span class='ocrx_word' id='word_1_29' title='bbox 658 426 701 459; x_wconf 92' lang='lat' dir='ltr'>ut</span> <span class='ocrx_word' id='word_1_30' title='bbox 731 418 942 459; x_wconf 89' lang='lat' dir='ltr'>insidiandi</span> <span class='ocrx_word' id='word_1_31' title='bbox 969 417 1097 471; x_wconf 87' lang='lat' dir='ltr'>gratia</span> <span class='ocrx_word' id='word_1_32' title='bbox 1117 416 1172 458; x_wconf 92' lang='lat' dir='ltr'>ibi</span> <span class='ocrx_word' id='word_1_33' title='bbox 1194 415 1520 456; x_wconf 74' lang='lat' dir='ltr'>commorantium</span> <span class='ocrx_word' id='word_1_34' title='bbox 1543 419 1643 459; x_wconf 88' lang='lat' dir='ltr'>clas-</span> 
     </span>
     <span class='ocr_line' id='line_1_8' title="bbox 157 483 1643 540; baseline 0 -15"><span class='ocrx_word' id='word_1_35' title='bbox 157 500 238 526; x_wconf 85' lang='lat' dir='ltr'>sem</span> <span class='ocrx_word' id='word_1_36' title='bbox 261 486 495 536; x_wconf 76' lang='lat' dir='ltr'><strong>inciderent,</strong></span> <span class='ocrx_word' id='word_1_37' title='bbox 520 486 774 540; x_wconf 86' lang='lat' dir='ltr'><strong>inprudentes</strong></span> <span class='ocrx_word' id='word_1_38' title='bbox 797 487 886 526; x_wconf 82' lang='lat' dir='ltr'>uela</span> <span class='ocrx_word' id='word_1_39' title='bbox 906 485 946 525; x_wconf 94' lang='lat' dir='ltr'>in</span> <span class='ocrx_word' id='word_1_40' title='bbox 969 485 1087 525; x_wconf 88' lang='lat' dir='ltr'>altum</span> <span class='ocrx_word' id='word_1_41' title='bbox 1101 484 1293 524; x_wconf 87' lang='lat' dir='ltr'>dederunt</span> <span class='ocrx_word' id='word_1_42' title='bbox 1313 497 1357 523; x_wconf 86' lang='lat' dir='ltr'>ac</span> <span class='ocrx_word' id='word_1_43' title='bbox 1379 483 1444 523; x_wconf 86' lang='lat' dir='ltr'>diu</span> <span class='ocrx_word' id='word_1_44' title='bbox 1465 485 1643 525; x_wconf 88' lang='lat' dir='ltr'>multum·</span> 
     </span>
     <span class='ocr_line' id='line_1_9' title="bbox 161 551 1644 606; baseline 0 -14"><span class='ocrx_word' id='word_1_45' title='bbox 161 567 233 606; x_wconf 89' lang='lat' dir='ltr'>que</span> <span class='ocrx_word' id='word_1_46' title='bbox 264 553 400 594; x_wconf 87' lang='lat' dir='ltr'>iactati</span> <span class='ocrx_word' id='word_1_47' title='bbox 431 554 583 593; x_wconf 89' lang='lat' dir='ltr'>tandem</span> <span class='ocrx_word' id='word_1_48' title='bbox 615 553 747 594; x_wconf 90' lang='lat' dir='ltr'>multis</span> <span class='ocrx_word' id='word_1_49' title='bbox 778 560 866 606; x_wconf 87' lang='lat' dir='ltr'>post</span> <span class='ocrx_word' id='word_1_50' title='bbox 895 552 1030 592; x_wconf 91' lang='lat' dir='ltr'>diebus</span> <span class='ocrx_word' id='word_1_51' title='bbox 1062 552 1127 592; x_wconf 88' lang='lat' dir='ltr'>siti</span> <span class='ocrx_word' id='word_1_52' title='bbox 1156 551 1364 605; x_wconf 82' lang='lat' dir='ltr'>inopiaque</span> <span class='ocrx_word' id='word_1_53' title='bbox 1395 552 1564 592; x_wconf 87' lang='lat' dir='ltr'>confecti</span> <span class='ocrx_word' id='word_1_54' title='bbox 1596 554 1644 592; x_wconf 91' lang='lat' dir='ltr'>ad</span> 
     </span>
     <span class='ocr_line' id='line_1_10' title="bbox 157 616 1719 674; baseline 0 -14"><span class='ocrx_word' id='word_1_55' title='bbox 157 618 370 661; x_wconf 85' lang='lat' dir='ltr'>Caesarem</span> <span class='ocrx_word' id='word_1_56' title='bbox 393 621 640 674; x_wconf 88' lang='lat' dir='ltr'>perueniunt.</span> <span class='ocrx_word' id='word_1_57' title='bbox 694 618 846 672; x_wconf 82' lang='lat' dir='ltr'>Quibus</span> <span class='ocrx_word' id='word_1_58' title='bbox 869 619 1087 673; x_wconf 82' lang='lat' dir='ltr'>legionibus</span> <span class='ocrx_word' id='word_1_59' title='bbox 1111 619 1306 672; x_wconf 79' lang='lat' dir='ltr'>expositis</span> <span class='ocrx_word' id='word_1_60' title='bbox 1327 632 1478 659; x_wconf 89' lang='lat' dir='ltr'>memor</span> <span class='ocrx_word' id='word_1_61' title='bbox 1497 619 1538 658; x_wconf 91' lang='lat' dir='ltr'>in</span> <span class='ocrx_word' id='word_1_62' title='bbox 1559 616 1639 660; x_wconf 87' lang='lat' dir='ltr'>Ita·</span> <span class='ocrx_word' id='word_1_63' title='bbox 1661 621 1719 665; x_wconf 75' lang='grc'>54</span> 
     </span>
     <span class='ocr_line' id='line_1_11' title="bbox 157 686 1644 741; baseline -0.001 -13"><span class='ocrx_word' id='word_1_64' title='bbox 157 688 207 728; x_wconf 85' lang='lat' dir='ltr'>lia</span> <span class='ocrx_word' id='word_1_65' title='bbox 234 688 421 741; x_wconf 72' lang='lat' dir='ltr'>pristinae</span> <span class='ocrx_word' id='word_1_66' title='bbox 454 687 637 728; x_wconf 78' lang='lat' dir='ltr'>licentiae</span> <span class='ocrx_word' id='word_1_67' title='bbox 668 687 848 728; x_wconf 86' lang='lat' dir='ltr'>militaris</span> <span class='ocrx_word' id='word_1_68' title='bbox 882 700 928 726; x_wconf 88' lang='lat' dir='ltr'>ac</span> <span class='ocrx_word' id='word_1_69' title='bbox 958 687 1185 740; x_wconf 81' lang='lat' dir='ltr'>rapinarum</span> <span class='ocrx_word' id='word_1_70' title='bbox 1218 693 1413 727; x_wconf 89' lang='lat' dir='ltr'>certorum</span> <span class='ocrx_word' id='word_1_71' title='bbox 1446 686 1644 727; x_wconf 89' lang='lat' dir='ltr'>hominum</span> 
     </span>
     <span class='ocr_line' id='line_1_12' title="bbox 158 751 1645 808; baseline 0.001 -14"><span class='ocrx_word' id='word_1_72' title='bbox 158 756 358 808; x_wconf 85' lang='lat' dir='ltr'>paruulam</span> <span class='ocrx_word' id='word_1_73' title='bbox 382 755 494 795; x_wconf 93' lang='lat' dir='ltr'>modo</span> <span class='ocrx_word' id='word_1_74' title='bbox 517 756 714 795; x_wconf 84' lang='lat' dir='ltr'>causulam</span> <span class='ocrx_word' id='word_1_75' title='bbox 738 762 876 796; x_wconf 86' lang='lat' dir='ltr'>nactus</span> <span class='ocrx_word' id='word_1_76' title='bbox 900 751 1069 803; x_wconf 87' lang='lat' dir='ltr'>Caesar,</span> <span class='ocrx_word' id='word_1_77' title='bbox 1103 755 1204 807; x_wconf 90' lang='lat' dir='ltr'>quod</span> <span class='ocrx_word' id='word_1_78' title='bbox 1226 751 1276 794; x_wconf 88' lang='lat' dir='ltr'>C.</span> <span class='ocrx_word' id='word_1_79' title='bbox 1300 753 1498 803; x_wconf 88' lang='lat' dir='ltr'>Auienus,</span> <span class='ocrx_word' id='word_1_80' title='bbox 1523 754 1645 795; x_wconf 89' lang='lat' dir='ltr'>tribu-</span> 
     </span>
     <span class='ocr_line' id='line_1_13' title="bbox 159 822 1644 877; baseline 0 -15"><span class='ocrx_word' id='word_1_81' title='bbox 159 837 232 863; x_wconf 93' lang='lat' dir='ltr'>nus</span> <span class='ocrx_word' id='word_1_82' title='bbox 254 822 418 862; x_wconf 86' lang='lat' dir='ltr'>militum</span> <span class='ocrx_word' id='word_1_83' title='bbox 435 830 469 862; x_wconf 87' lang='lat' dir='ltr'>X</span> <span class='ocrx_word' id='word_1_84' title='bbox 486 822 669 877; x_wconf 84' lang='lat' dir='ltr'>legionis,</span> <span class='ocrx_word' id='word_1_85' title='bbox 689 837 826 864; x_wconf 87' lang='lat' dir='ltr'>nauem</span> <span class='ocrx_word' id='word_1_86' title='bbox 847 828 1084 871; x_wconf 78' lang='lat' dir='ltr'>commeatu,</span> <span class='ocrx_word' id='word_1_87' title='bbox 1105 822 1250 861; x_wconf 87' lang='lat' dir='ltr'>familia</span> <span class='ocrx_word' id='word_1_88' title='bbox 1268 835 1339 862; x_wconf 87' lang='lat' dir='ltr'>sua</span> <span class='ocrx_word' id='word_1_89' title='bbox 1362 828 1478 875; x_wconf 89' lang='lat' dir='ltr'>atque</span> <span class='ocrx_word' id='word_1_90' title='bbox 1494 822 1644 863; x_wconf 89' lang='lat' dir='ltr'>iumen-</span> 
     </span>
     <span class='ocr_line' id='line_1_14' title="bbox 157 886 1693 944; baseline 0.001 -14"><span class='ocrx_word' id='word_1_91' title='bbox 157 890 205 930; x_wconf 87' lang='lat' dir='ltr'>tis</span> <span class='ocrx_word' id='word_1_92' title='bbox 221 921 231 939; x_wconf 92' lang='lat'>,</span> <span class='ocrx_word' id='word_1_93' title='bbox 267 890 546 943; x_wconf 87' lang='lat' dir='ltr'>occupauisset</span> <span class='ocrx_word' id='word_1_94' title='bbox 577 904 703 944; x_wconf 86' lang='lat' dir='ltr'>neque</span> <span class='ocrx_word' id='word_1_95' title='bbox 737 891 898 930; x_wconf 86' lang='lat' dir='ltr'>militem</span> <span class='ocrx_word' id='word_1_96' title='bbox 920 903 1039 929; x_wconf 90' lang='lat' dir='ltr'>unum</span> <span class='ocrx_word' id='word_1_97' title='bbox 1062 888 1108 928; x_wconf 86' lang='lat' dir='ltr'>ab</span> <span class='ocrx_word' id='word_1_98' title='bbox 1130 886 1268 929; x_wconf 84' lang='lat' dir='ltr'>Sicilia</span> <span class='ocrx_word' id='word_1_99' title='bbox 1290 890 1544 938; x_wconf 83' lang='lat' dir='ltr'>sustulisset,</span> <span class='ocrx_word' id='word_1_100' title='bbox 1578 905 1645 944; x_wconf 91' lang='lat' dir='ltr'>po·</span> <span class='ocrx_word' id='word_1_101' title='bbox 1665 890 1693 932; x_wconf 83' lang='lat'><strong>2</strong></span> 
     </span>
     <span class='ocr_line' id='line_1_15' title="bbox 158 956 1645 1010; baseline 0.001 -13"><span class='ocrx_word' id='word_1_102' title='bbox 158 965 264 997; x_wconf 87' lang='lat' dir='ltr'>stero</span> <span class='ocrx_word' id='word_1_103' title='bbox 287 958 348 997; x_wconf 87' lang='lat' dir='ltr'>die</span> <span class='ocrx_word' id='word_1_104' title='bbox 372 957 417 997; x_wconf 92' lang='lat' dir='ltr'>de</span> <span class='ocrx_word' id='word_1_105' title='bbox 439 965 629 1010; x_wconf 85' lang='lat' dir='ltr'>suggestu</span> <span class='ocrx_word' id='word_1_106' title='bbox 652 958 883 998; x_wconf 89' lang='lat' dir='ltr'>conuocatis</span> <span class='ocrx_word' id='word_1_107' title='bbox 906 957 1079 997; x_wconf 89' lang='lat' dir='ltr'>omnium</span> <span class='ocrx_word' id='word_1_108' title='bbox 1099 956 1294 1009; x_wconf 89' lang='lat' dir='ltr'>legionum</span> <span class='ocrx_word' id='word_1_109' title='bbox 1319 957 1486 997; x_wconf 89' lang='lat' dir='ltr'>tribunis</span> <span class='ocrx_word' id='word_1_110' title='bbox 1509 965 1645 999; x_wconf 90' lang='lat' dir='ltr'>centu-</span> 
     </span>
     <span class='ocr_line' id='line_1_16' title="bbox 158 1023 1645 1078; baseline 0.001 -13"><span class='ocrx_word' id='word_1_111' title='bbox 158 1026 429 1078; x_wconf 87' lang='lat' dir='ltr'>rionibusque,</span> <span class='ocrx_word' id='word_1_112' title='bbox 468 1023 660 1064; x_wconf 78' lang='lat' dir='ltr'>‘Maxime</span> <span class='ocrx_word' id='word_1_113' title='bbox 692 1025 864 1075; x_wconf 81' lang='lat' dir='ltr'>uellem&#39;,</span> <span class='ocrx_word' id='word_1_114' title='bbox 897 1024 1037 1077; x_wconf 88' lang='lat' dir='ltr'>inquit,</span> <span class='ocrx_word' id='word_1_115' title='bbox 1074 1024 1268 1064; x_wconf 87' lang='lat' dir='ltr'>‘homines</span> <span class='ocrx_word' id='word_1_116' title='bbox 1291 1038 1386 1064; x_wconf 90' lang='lat' dir='ltr'>suae</span> <span class='ocrx_word' id='word_1_117' title='bbox 1407 1025 1645 1078; x_wconf 76' lang='lat' dir='ltr'>petulantiae</span> 
     </span>
     <span class='ocr_line' id='line_1_17' title="bbox 156 1091 1643 1146; baseline 0.001 -14"><span class='ocrx_word' id='word_1_118' title='bbox 156 1093 379 1146; x_wconf 87' lang='lat' dir='ltr'>nimiaeque</span> <span class='ocrx_word' id='word_1_119' title='bbox 412 1092 603 1132; x_wconf 87' lang='lat' dir='ltr'>libertatis</span> <span class='ocrx_word' id='word_1_120' title='bbox 635 1093 843 1146; x_wconf 88' lang='lat' dir='ltr'>aliquando</span> <span class='ocrx_word' id='word_1_121' title='bbox 875 1092 990 1132; x_wconf 88' lang='lat' dir='ltr'>finem</span> <span class='ocrx_word' id='word_1_122' title='bbox 1023 1091 1211 1132; x_wconf 80' lang='lat' dir='ltr'>fecissent</span> <span class='ocrx_word' id='word_1_123' title='bbox 1239 1105 1428 1145; x_wconf 88' lang='lat' dir='ltr'>meaeque</span> <span class='ocrx_word' id='word_1_124' title='bbox 1450 1093 1643 1143; x_wconf 84' lang='lat' dir='ltr'>lenitatis,</span> 
     </span>
     <span class='ocr_line' id='line_1_18' title="bbox 159 1157 1693 1214; baseline 0.002 -15"><span class='ocrx_word' id='word_1_125' title='bbox 159 1160 377 1201; x_wconf 83' lang='lat' dir='ltr'>modestiae</span> <span class='ocrx_word' id='word_1_126' title='bbox 410 1160 699 1214; x_wconf 86' lang='lat' dir='ltr'>patientiaeque</span> <span class='ocrx_word' id='word_1_127' title='bbox 729 1161 924 1201; x_wconf 90' lang='lat' dir='ltr'>rationem</span> <span class='ocrx_word' id='word_1_128' title='bbox 957 1160 1202 1200; x_wconf 86' lang='lat' dir='ltr'>habuissent.</span> <span class='ocrx_word' id='word_1_129' title='bbox 1266 1157 1345 1200; x_wconf 86' lang='lat' dir='ltr'>Sed</span> <span class='ocrx_word' id='word_1_130' title='bbox 1368 1160 1549 1213; x_wconf 87' lang='lat' dir='ltr'>quoniam</span> <span class='ocrx_word' id='word_1_131' title='bbox 1571 1162 1647 1214; x_wconf 90' lang='lat' dir='ltr'>ipsi</span> <span class='ocrx_word' id='word_1_132' title='bbox 1668 1160 1693 1201; x_wconf 85' lang='lat'><strong>3</strong></span> 
     </span>
     <span class='ocr_line' id='line_1_19' title="bbox 156 1227 1647 1281; baseline 0.001 -13"><span class='ocrx_word' id='word_1_133' title='bbox 156 1227 230 1268; x_wconf 90' lang='lat' dir='ltr'>sibi</span> <span class='ocrx_word' id='word_1_134' title='bbox 261 1241 387 1280; x_wconf 90' lang='lat' dir='ltr'>neque</span> <span class='ocrx_word' id='word_1_135' title='bbox 420 1229 573 1268; x_wconf 88' lang='lat' dir='ltr'>modum</span> <span class='ocrx_word' id='word_1_136' title='bbox 602 1242 726 1281; x_wconf 89' lang='lat' dir='ltr'>neque</span> <span class='ocrx_word' id='word_1_137' title='bbox 748 1229 956 1268; x_wconf 87' lang='lat' dir='ltr'>terminum</span> <span class='ocrx_word' id='word_1_138' title='bbox 979 1228 1252 1278; x_wconf 83' lang='lat' dir='ltr'>constituunt,</span> <span class='ocrx_word' id='word_1_139' title='bbox 1288 1242 1362 1281; x_wconf 91' lang='lat' dir='ltr'>quo</span> <span class='ocrx_word' id='word_1_140' title='bbox 1386 1228 1508 1268; x_wconf 86' lang='lat' dir='ltr'>ceteri</span> <span class='ocrx_word' id='word_1_141' title='bbox 1531 1229 1647 1269; x_wconf 91' lang='lat' dir='ltr'>dissi-</span> 
     </span>
     <span class='ocr_line' id='line_1_20' title="bbox 158 1295 1646 1350; baseline 0.002 -16"><span class='ocrx_word' id='word_1_142' title='bbox 158 1295 303 1335; x_wconf 90' lang='lat' dir='ltr'>militer</span> <span class='ocrx_word' id='word_1_143' title='bbox 333 1309 376 1335; x_wconf 89' lang='lat' dir='ltr'>se</span> <span class='ocrx_word' id='word_1_144' title='bbox 406 1304 570 1348; x_wconf 83' lang='lat' dir='ltr'>gerant,</span> <span class='ocrx_word' id='word_1_145' title='bbox 606 1303 762 1350; x_wconf 87' lang='lat' dir='ltr'>egomet</span> <span class='ocrx_word' id='word_1_146' title='bbox 782 1296 866 1350; x_wconf 90' lang='lat' dir='ltr'>ipse</span> <span class='ocrx_word' id='word_1_147' title='bbox 889 1297 1163 1337; x_wconf 78' lang='lat' dir='ltr'>documentum</span> <span class='ocrx_word' id='word_1_148' title='bbox 1186 1309 1296 1335; x_wconf 91' lang='lat' dir='ltr'>more</span> <span class='ocrx_word' id='word_1_149' title='bbox 1317 1295 1478 1336; x_wconf 90' lang='lat' dir='ltr'>militari</span> <span class='ocrx_word' id='word_1_150' title='bbox 1500 1297 1646 1337; x_wconf 89' lang='lat' dir='ltr'>consti-</span> 
     </span>
     <span class='ocr_line' id='line_1_21' title="bbox 158 1361 1694 1418; baseline 0.001 -15"><span class='ocrx_word' id='word_1_151' title='bbox 158 1370 278 1403; x_wconf 86' lang='lat' dir='ltr'>tuam.</span> <span class='ocrx_word' id='word_1_152' title='bbox 344 1361 392 1403; x_wconf 88' lang='lat' dir='ltr'>C.</span> <span class='ocrx_word' id='word_1_153' title='bbox 419 1362 600 1414; x_wconf 80' lang='lat' dir='ltr'>Aniene,</span> <span class='ocrx_word' id='word_1_154' title='bbox 636 1364 736 1417; x_wconf 88' lang='lat' dir='ltr'>quod</span> <span class='ocrx_word' id='word_1_155' title='bbox 767 1365 807 1405; x_wconf 92' lang='lat' dir='ltr'>in</span> <span class='ocrx_word' id='word_1_156' title='bbox 833 1363 949 1404; x_wconf 85' lang='lat' dir='ltr'>Italia</span> <span class='ocrx_word' id='word_1_157' title='bbox 980 1364 1123 1405; x_wconf 88' lang='lat' dir='ltr'>milites</span> <span class='ocrx_word' id='word_1_158' title='bbox 1154 1363 1285 1418; x_wconf 87' lang='lat' dir='ltr'>populi</span> <span class='ocrx_word' id='word_1_159' title='bbox 1307 1362 1478 1404; x_wconf 83' lang='lat' dir='ltr'>Romani</span> <span class='ocrx_word' id='word_1_160' title='bbox 1509 1371 1645 1405; x_wconf 89' lang='lat' dir='ltr'>contra</span> <span class='ocrx_word' id='word_1_161' title='bbox 1667 1365 1694 1405; x_wconf 89' lang='lat'><strong>4</strong></span> 
     </span>
     <span class='ocr_line' id='line_1_22' title="bbox 159 1431 1647 1486; baseline 0.002 -16"><span class='ocrx_word' id='word_1_162' title='bbox 159 1431 434 1484; x_wconf 82' lang='lat' dir='ltr'>rempublicam</span> <span class='ocrx_word' id='word_1_163' title='bbox 466 1431 667 1486; x_wconf 84' lang='lat' dir='ltr'>instigasti</span> <span class='ocrx_word' id='word_1_164' title='bbox 698 1432 936 1485; x_wconf 86' lang='lat' dir='ltr'>rapinasque</span> <span class='ocrx_word' id='word_1_165' title='bbox 967 1447 1035 1486; x_wconf 86' lang='lat' dir='ltr'>per</span> <span class='ocrx_word' id='word_1_166' title='bbox 1064 1431 1277 1485; x_wconf 90' lang='lat' dir='ltr'>municipia</span> <span class='ocrx_word' id='word_1_167' title='bbox 1309 1431 1436 1472; x_wconf 87' lang='lat' dir='ltr'>fecisti</span> <span class='ocrx_word' id='word_1_168' title='bbox 1468 1433 1647 1485; x_wconf 89' lang='lat' dir='ltr'>quodque</span> 
     </span>
     <span class='ocr_line' id='line_1_23' title="bbox 159 1498 1645 1554; baseline 0.003 -17"><span class='ocrx_word' id='word_1_169' title='bbox 159 1498 253 1538; x_wconf 91' lang='lat' dir='ltr'>mihi</span> <span class='ocrx_word' id='word_1_170' title='bbox 284 1500 421 1553; x_wconf 83' lang='lat' dir='ltr'>reique</span> <span class='ocrx_word' id='word_1_171' title='bbox 454 1500 631 1553; x_wconf 89' lang='lat' dir='ltr'>publicae</span> <span class='ocrx_word' id='word_1_172' title='bbox 660 1500 812 1541; x_wconf 90' lang='lat' dir='ltr'>inutilis</span> <span class='ocrx_word' id='word_1_173' title='bbox 841 1501 949 1541; x_wconf 88' lang='lat' dir='ltr'>fuisti</span> <span class='ocrx_word' id='word_1_174' title='bbox 971 1507 1009 1541; x_wconf 91' lang='lat' dir='ltr'>et</span> <span class='ocrx_word' id='word_1_175' title='bbox 1030 1515 1099 1554; x_wconf 91' lang='lat' dir='ltr'>pro</span> <span class='ocrx_word' id='word_1_176' title='bbox 1121 1500 1309 1540; x_wconf 90' lang='lat' dir='ltr'>militibus</span> <span class='ocrx_word' id='word_1_177' title='bbox 1332 1507 1437 1540; x_wconf 85' lang='lat' dir='ltr'>tuam</span> <span class='ocrx_word' id='word_1_178' title='bbox 1458 1500 1645 1541; x_wconf 86' lang='lat' dir='ltr'>familiam</span> 
     </span>
     <span class='ocr_line' id='line_1_24' title="bbox 157 1566 1647 1623; baseline 0.002 -17"><span class='ocrx_word' id='word_1_179' title='bbox 157 1566 408 1621; x_wconf 89' lang='lat' dir='ltr'>iumentaque</span> <span class='ocrx_word' id='word_1_180' title='bbox 439 1568 480 1607; x_wconf 92' lang='lat' dir='ltr'>in</span> <span class='ocrx_word' id='word_1_181' title='bbox 506 1582 627 1609; x_wconf 82' lang='lat' dir='ltr'>naues</span> <span class='ocrx_word' id='word_1_182' title='bbox 650 1569 887 1622; x_wconf 83' lang='lat' dir='ltr'>inposuisti,</span> <span class='ocrx_word' id='word_1_183' title='bbox 923 1576 1068 1621; x_wconf 89' lang='lat' dir='ltr'>tuaque</span> <span class='ocrx_word' id='word_1_184' title='bbox 1100 1582 1220 1622; x_wconf 85' lang='lat' dir='ltr'>opera</span> <span class='ocrx_word' id='word_1_185' title='bbox 1251 1567 1439 1608; x_wconf 91' lang='lat' dir='ltr'>militibus</span> <span class='ocrx_word' id='word_1_186' title='bbox 1472 1575 1647 1623; x_wconf 87' lang='lat' dir='ltr'>tempore</span> 
     </span>
     <span class='ocr_line' id='line_1_25' title="bbox 158 1635 1648 1690; baseline 0.001 -15"><span class='ocrx_word' id='word_1_187' title='bbox 158 1636 384 1675; x_wconf 89' lang='lat' dir='ltr'>necessario</span> <span class='ocrx_word' id='word_1_188' title='bbox 407 1636 627 1690; x_wconf 87' lang='lat' dir='ltr'>respublica</span> <span class='ocrx_word' id='word_1_189' title='bbox 650 1643 776 1686; x_wconf 85' lang='lat' dir='ltr'>caret,</span> <span class='ocrx_word' id='word_1_190' title='bbox 812 1637 859 1677; x_wconf 94' lang='lat' dir='ltr'>ob</span> <span class='ocrx_word' id='word_1_191' title='bbox 883 1651 949 1677; x_wconf 87' lang='lat' dir='ltr'>eas</span> <span class='ocrx_word' id='word_1_192' title='bbox 972 1650 1036 1676; x_wconf 89' lang='lat' dir='ltr'>res</span> <span class='ocrx_word' id='word_1_193' title='bbox 1058 1635 1297 1690; x_wconf 88' lang='lat' dir='ltr'>ignominiae</span> <span class='ocrx_word' id='word_1_194' title='bbox 1319 1650 1437 1676; x_wconf 87' lang='lat' dir='ltr'>causa</span> <span class='ocrx_word' id='word_1_195' title='bbox 1458 1636 1506 1675; x_wconf 88' lang='lat' dir='ltr'>ab</span> <span class='ocrx_word' id='word_1_196' title='bbox 1530 1649 1648 1677; x_wconf 84' lang='lat' dir='ltr'>exer-</span> 
     </span>
     <span class='ocr_line' id='line_1_26' title="bbox 158 1702 1647 1758; baseline 0.003 -17"><span class='ocrx_word' id='word_1_197' title='bbox 158 1702 237 1742; x_wconf 89' lang='lat' dir='ltr'>citu</span> <span class='ocrx_word' id='word_1_198' title='bbox 258 1717 345 1743; x_wconf 91' lang='lat' dir='ltr'>meo</span> <span class='ocrx_word' id='word_1_199' title='bbox 368 1711 405 1743; x_wconf 91' lang='lat' dir='ltr'>te</span> <span class='ocrx_word' id='word_1_200' title='bbox 427 1717 612 1744; x_wconf 88' lang='lat' dir='ltr'>remoneo</span> <span class='ocrx_word' id='word_1_201' title='bbox 636 1704 827 1757; x_wconf 90' lang='lat' dir='ltr'>hodieque</span> <span class='ocrx_word' id='word_1_202' title='bbox 858 1718 907 1745; x_wconf 88' lang='lat' dir='ltr'>ex</span> <span class='ocrx_word' id='word_1_203' title='bbox 931 1704 1070 1744; x_wconf 80' lang='lat' dir='ltr'>Africa</span> <span class='ocrx_word' id='word_1_204' title='bbox 1099 1703 1239 1745; x_wconf 86' lang='lat' dir='ltr'>abesse</span> <span class='ocrx_word' id='word_1_205' title='bbox 1271 1711 1309 1744; x_wconf 90' lang='lat' dir='ltr'>et</span> <span class='ocrx_word' id='word_1_206' title='bbox 1340 1710 1527 1757; x_wconf 89' lang='lat' dir='ltr'>quantum</span> <span class='ocrx_word' id='word_1_207' title='bbox 1558 1711 1647 1758; x_wconf 91' lang='lat' dir='ltr'>pote</span> 
     </span>
     <span class='ocr_line' id='line_1_27' title="bbox 156 1769 1648 1825; baseline 0.002 -15"><span class='ocrx_word' id='word_1_208' title='bbox 156 1771 352 1824; x_wconf 87' lang='lat' dir='ltr'>proficisci</span> <span class='ocrx_word' id='word_1_209' title='bbox 374 1771 506 1811; x_wconf 89' lang='lat' dir='ltr'>iubeo.</span> <span class='ocrx_word' id='word_1_210' title='bbox 549 1770 726 1825; x_wconf 89' lang='lat' dir='ltr'>Itemque</span> <span class='ocrx_word' id='word_1_211' title='bbox 749 1778 802 1822; x_wconf 90' lang='lat' dir='ltr'>te,</span> <span class='ocrx_word' id='word_1_212' title='bbox 833 1770 938 1812; x_wconf 90' lang='lat' dir='ltr'>Aule</span> <span class='ocrx_word' id='word_1_213' title='bbox 958 1769 1120 1821; x_wconf 89' lang='lat' dir='ltr'>Fontei,</span> <span class='ocrx_word' id='word_1_214' title='bbox 1154 1771 1255 1824; x_wconf 93' lang='lat' dir='ltr'>quod</span> <span class='ocrx_word' id='word_1_215' title='bbox 1278 1771 1458 1811; x_wconf 91' lang='lat' dir='ltr'>tribunus</span> <span class='ocrx_word' id='word_1_216' title='bbox 1481 1771 1648 1813; x_wconf 89' lang='lat' dir='ltr'>militum</span> 
     </span>
     <span class='ocr_line' id='line_1_28' title="bbox 158 1838 1695 1893; baseline 0.003 -16"><span class='ocrx_word' id='word_1_217' title='bbox 158 1838 372 1879; x_wconf 89' lang='lat' dir='ltr'>seditiosus</span> <span class='ocrx_word' id='word_1_218' title='bbox 394 1840 596 1893; x_wconf 87' lang='lat' dir='ltr'>malusque</span> <span class='ocrx_word' id='word_1_219' title='bbox 619 1840 717 1880; x_wconf 90' lang='lat' dir='ltr'>ciuis</span> <span class='ocrx_word' id='word_1_220' title='bbox 740 1839 872 1890; x_wconf 90' lang='lat' dir='ltr'>fuisti,</span> <span class='ocrx_word' id='word_1_221' title='bbox 907 1847 946 1880; x_wconf 87' lang='lat' dir='ltr'>te</span> <span class='ocrx_word' id='word_1_222' title='bbox 967 1839 1013 1879; x_wconf 87' lang='lat' dir='ltr'>ab</span> <span class='ocrx_word' id='word_1_223' title='bbox 1043 1839 1223 1880; x_wconf 86' lang='lat' dir='ltr'>exercitu</span> <span class='ocrx_word' id='word_1_224' title='bbox 1246 1839 1413 1880; x_wconf 74' lang='lat' dir='ltr'>dimitto.</span> <span class='ocrx_word' id='word_1_225' title='bbox 1457 1838 1550 1881; x_wconf 89' lang='lat' dir='ltr'>Tite</span> <span class='ocrx_word' id='word_1_226' title='bbox 1575 1838 1648 1881; x_wconf 84' lang='lat' dir='ltr'>Sa·</span> <span class='ocrx_word' id='word_1_227' title='bbox 1670 1840 1695 1881; x_wconf 83' lang='lat'>5</span> 
     </span>
     <span class='ocr_line' id='line_1_29' title="bbox 158 1904 1648 1959; baseline 0.003 -15"><span class='ocrx_word' id='word_1_228' title='bbox 158 1904 275 1955; x_wconf 88' lang='lat' dir='ltr'>liene,</span> <span class='ocrx_word' id='word_1_229' title='bbox 308 1904 368 1945; x_wconf 87' lang='grc' dir='ltr'>Μ.</span> <span class='ocrx_word' id='word_1_230' title='bbox 392 1906 507 1956; x_wconf 88' lang='lat' dir='ltr'>Tiro,</span> <span class='ocrx_word' id='word_1_231' title='bbox 542 1905 592 1947; x_wconf 86' lang='lat' dir='ltr'>C.</span> <span class='ocrx_word' id='word_1_232' title='bbox 619 1905 822 1959; x_wconf 90' lang='lat' dir='ltr'>Clusinas,</span> <span class='ocrx_word' id='word_1_233' title='bbox 858 1922 943 1948; x_wconf 93' lang='lat' dir='ltr'>cum</span> <span class='ocrx_word' id='word_1_234' title='bbox 967 1907 1127 1948; x_wconf 91' lang='lat' dir='ltr'>ordines</span> <span class='ocrx_word' id='word_1_235' title='bbox 1149 1907 1191 1947; x_wconf 92' lang='lat' dir='ltr'>in</span> <span class='ocrx_word' id='word_1_236' title='bbox 1212 1921 1300 1947; x_wconf 89' lang='lat' dir='ltr'>meo</span> <span class='ocrx_word' id='word_1_237' title='bbox 1323 1907 1506 1948; x_wconf 85' lang='lat' dir='ltr'>exercitu</span> <span class='ocrx_word' id='word_1_238' title='bbox 1526 1907 1648 1949; x_wconf 89' lang='lat' dir='ltr'>bene-</span> 
     </span>
     <span class='ocr_line' id='line_1_30' title="bbox 159 1973 1648 2028; baseline 0.003 -16"><span class='ocrx_word' id='word_1_239' title='bbox 159 1973 247 2012; x_wconf 90' lang='lat' dir='ltr'>ficio</span> <span class='ocrx_word' id='word_1_240' title='bbox 270 1987 347 2013; x_wconf 94' lang='lat' dir='ltr'>non</span> <span class='ocrx_word' id='word_1_241' title='bbox 372 1974 517 2014; x_wconf 87' lang='lat' dir='ltr'>uirtute</span> <span class='ocrx_word' id='word_1_242' title='bbox 540 1976 742 2015; x_wconf 86' lang='lat' dir='ltr'>consecuti</span> <span class='ocrx_word' id='word_1_243' title='bbox 763 1976 817 2015; x_wconf 88' lang='lat' dir='ltr'>ita</span> <span class='ocrx_word' id='word_1_244' title='bbox 840 1989 911 2015; x_wconf 89' lang='lat' dir='ltr'>uos</span> <span class='ocrx_word' id='word_1_245' title='bbox 934 1975 1156 2028; x_wconf 87' lang='lat' dir='ltr'>gesseritis,</span> <span class='ocrx_word' id='word_1_246' title='bbox 1186 1982 1230 2014; x_wconf 89' lang='lat' dir='ltr'>ut</span> <span class='ocrx_word' id='word_1_247' title='bbox 1251 1988 1377 2028; x_wconf 90' lang='lat' dir='ltr'>neque</span> <span class='ocrx_word' id='word_1_248' title='bbox 1399 1975 1501 2016; x_wconf 91' lang='lat' dir='ltr'>bello</span> <span class='ocrx_word' id='word_1_249' title='bbox 1525 1976 1648 2017; x_wconf 86' lang='lat' dir='ltr'>fortes</span> 
     </span>
     <span class='ocr_line' id='line_1_31' title="bbox 161 2041 1649 2095; baseline 0.003 -16"><span class='ocrx_word' id='word_1_250' title='bbox 161 2054 288 2093; x_wconf 90' lang='lat' dir='ltr'>neque</span> <span class='ocrx_word' id='word_1_251' title='bbox 318 2055 414 2094; x_wconf 88' lang='lat' dir='ltr'>pace</span> <span class='ocrx_word' id='word_1_252' title='bbox 444 2041 536 2081; x_wconf 93' lang='lat' dir='ltr'>boni</span> <span class='ocrx_word' id='word_1_253' title='bbox 558 2049 624 2081; x_wconf 88' lang='lat' dir='ltr'>aut</span> <span class='ocrx_word' id='word_1_254' title='bbox 646 2042 762 2083; x_wconf 89' lang='lat' dir='ltr'>utiles</span> <span class='ocrx_word' id='word_1_255' title='bbox 786 2042 939 2083; x_wconf 87' lang='lat' dir='ltr'>fueritis</span> <span class='ocrx_word' id='word_1_256' title='bbox 963 2049 1002 2082; x_wconf 94' lang='lat' dir='ltr'>et</span> <span class='ocrx_word' id='word_1_257' title='bbox 1023 2043 1147 2095; x_wconf 86' lang='lat' dir='ltr'>magis</span> <span class='ocrx_word' id='word_1_258' title='bbox 1169 2043 1208 2081; x_wconf 92' lang='lat' dir='ltr'>in</span> <span class='ocrx_word' id='word_1_259' title='bbox 1230 2042 1425 2083; x_wconf 90' lang='lat' dir='ltr'>seditione</span> <span class='ocrx_word' id='word_1_260' title='bbox 1448 2044 1649 2084; x_wconf 89' lang='lat' dir='ltr'>concitan-</span> 
     </span>
     <span class='ocr_line' id='line_1_32' title="bbox 160 2107 1647 2164; baseline 0.004 -18"><span class='ocrx_word' id='word_1_261' title='bbox 160 2107 294 2160; x_wconf 87' lang='lat' dir='ltr'>disque</span> <span class='ocrx_word' id='word_1_262' title='bbox 316 2109 502 2149; x_wconf 90' lang='lat' dir='ltr'>militibus</span> <span class='ocrx_word' id='word_1_263' title='bbox 525 2110 734 2151; x_wconf 88' lang='lat' dir='ltr'>aduersum</span> <span class='ocrx_word' id='word_1_264' title='bbox 756 2118 932 2151; x_wconf 86' lang='lat' dir='ltr'>uestrum</span> <span class='ocrx_word' id='word_1_265' title='bbox 955 2110 1232 2164; x_wconf 88' lang='lat' dir='ltr'>imperatorem</span> <span class='ocrx_word' id='word_1_266' title='bbox 1252 2124 1365 2163; x_wconf 90' lang='lat' dir='ltr'>quam</span> <span class='ocrx_word' id='word_1_267' title='bbox 1385 2111 1543 2164; x_wconf 89' lang='lat' dir='ltr'>pudoris</span> <span class='ocrx_word' id='word_1_268' title='bbox 1566 2126 1647 2152; x_wconf 90' lang='lat' dir='ltr'>mo-</span> 
     </span>
     <span class='ocr_line' id='line_1_33' title="bbox 160 2174 1647 2233; baseline 0.005 -19"><span class='ocrx_word' id='word_1_269' title='bbox 160 2174 387 2229; x_wconf 84' lang='lat' dir='ltr'>destiaeque</span> <span class='ocrx_word' id='word_1_270' title='bbox 409 2177 564 2218; x_wconf 89' lang='lat' dir='ltr'>fueritis</span> <span class='ocrx_word' id='word_1_271' title='bbox 587 2178 858 2227; x_wconf 84' lang='lat' dir='ltr'>studiosiores,</span> <span class='ocrx_word' id='word_1_272' title='bbox 891 2178 1077 2232; x_wconf 88' lang='lat' dir='ltr'>indignos</span> <span class='ocrx_word' id='word_1_273' title='bbox 1100 2192 1171 2218; x_wconf 92' lang='lat' dir='ltr'>uos</span> <span class='ocrx_word' id='word_1_274' title='bbox 1194 2192 1284 2219; x_wconf 86' lang='lat' dir='ltr'>esse</span> <span class='ocrx_word' id='word_1_275' title='bbox 1307 2178 1492 2229; x_wconf 87' lang='lat' dir='ltr'>arbitror,</span> <span class='ocrx_word' id='word_1_276' title='bbox 1520 2181 1585 2233; x_wconf 90' lang='lat' dir='ltr'>qui</span> <span class='ocrx_word' id='word_1_277' title='bbox 1606 2181 1647 2221; x_wconf 93' lang='lat' dir='ltr'>in</span> 
     </span>
    </p>
   </div>
   <div class='ocr_carea' id='block_1_6' title="bbox 159 2301 1648 2811">
    <p class='ocr_par' dir='ltr' id='par_1_6' title="bbox 302 2301 1646 2345">
     <span class='ocr_line' id='line_1_34' title="bbox 302 2301 1646 2345; baseline 0.003 -10"><span class='ocrx_word' id='word_1_278' title='bbox 302 2303 323 2335; x_wconf 79' lang='lat'>2</span> <span class='ocrx_word' id='word_1_279' title='bbox 341 2301 569 2336; x_wconf 78' lang='lat' dir='ltr'>Caesarianas</span> <span class='ocrx_word' id='word_1_280' title='bbox 589 2315 694 2336; x_wconf 82' lang='lat' dir='ltr'>naues</span> <span class='ocrx_word' id='word_1_281' title='bbox 713 2316 748 2345; x_wconf 81' lang='lat' dir='ltr'>a,</span> <span class='ocrx_word' id='word_1_282' title='bbox 770 2315 875 2337; x_wconf 87' lang='lat' dir='ltr'>naues</span> <span class='ocrx_word' id='word_1_283' title='bbox 895 2304 1124 2338; x_wconf 84' lang='lat' dir='ltr'>Caesarianas</span> <span class='ocrx_word' id='word_1_284' title='bbox 1143 2304 1220 2336; x_wconf 76' lang='lat' dir='ltr'>edd.</span> <span class='ocrx_word' id='word_1_285' title='bbox 1387 2305 1406 2338; x_wconf 87' lang='lat'><strong>3</strong></span> <span class='ocrx_word' id='word_1_286' title='bbox 1421 2306 1598 2339; x_wconf 84' lang='lat' dir='ltr'>insidianti</span> <span class='ocrx_word' id='word_1_287' title='bbox 1614 2318 1646 2339; x_wconf 84' lang='lat' dir='ltr'>a.</span> 
     </span>
    </p>

    <p class='ocr_par' dir='ltr' id='par_1_7' title="bbox 159 2353 1648 2811">
     <span class='ocr_line' id='line_1_35' title="bbox 302 2353 1502 2398; baseline 0.003 -13"><span class='ocrx_word' id='word_1_288' title='bbox 302 2354 321 2385; x_wconf 85' lang='lat'>4</span> <span class='ocrx_word' id='word_1_289' title='bbox 334 2353 554 2395; x_wconf 82' lang='lat' dir='ltr'>inprudentes</span> <span class='ocrx_word' id='word_1_290' title='bbox 569 2365 604 2386; x_wconf 84' lang='lat' dir='ltr'>a.</span> <span class='ocrx_word' id='word_1_291' title='bbox 746 2356 764 2388; x_wconf 72' lang='lat' dir='ltr'>t}</span> <span class='ocrx_word' id='word_1_292' title='bbox 778 2355 917 2398; x_wconf 86' lang='lat' dir='ltr'>memor]</span> <span class='ocrx_word' id='word_1_293' title='bbox 934 2356 1030 2387; x_wconf 87' lang='lat' dir='ltr'>audit</span> <span class='ocrx_word' id='word_1_294' title='bbox 1042 2354 1172 2387; x_wconf 88' lang='lat' dir='ltr'>Caesar</span> <span class='ocrx_word' id='word_1_295' title='bbox 1183 2366 1259 2387; x_wconf 87' lang='lat' dir='ltr'>esse</span> <span class='ocrx_word' id='word_1_296' title='bbox 1271 2366 1460 2388; x_wconf 84' lang='lat' dir='ltr'>moerorem</span> <span class='ocrx_word' id='word_1_297' title='bbox 1473 2367 1502 2388; x_wconf 87' lang='lat' dir='ltr'>c.</span> 
     </span>
     <span class='ocr_line' id='line_1_36' title="bbox 159 2403 1648 2451; baseline 0.003 -17"><span class='ocrx_word' id='word_1_298' title='bbox 159 2403 178 2434; x_wconf 86' lang='grc'><strong>8</strong></span> <span class='ocrx_word' id='word_1_299' title='bbox 193 2403 333 2443; x_wconf 81' lang='lat' dir='ltr'>paruula</span> <span class='ocrx_word' id='word_1_300' title='bbox 346 2414 380 2435; x_wconf 83' lang='grc' dir='ltr'>α.</span> <span class='ocrx_word' id='word_1_301' title='bbox 524 2406 675 2437; x_wconf 87' lang='lat' dir='ltr'>casulam</span> <span class='ocrx_word' id='word_1_302' title='bbox 688 2417 717 2437; x_wconf 81' lang='lat' dir='ltr'>c.</span> <span class='ocrx_word' id='word_1_303' title='bbox 858 2411 979 2438; x_wconf 87' lang='lat' dir='ltr'>nactus</span> <span class='ocrx_word' id='word_1_304' title='bbox 998 2407 1086 2447; x_wconf 90' lang='lat' dir='ltr'>quod</span> <span class='ocrx_word' id='word_1_305' title='bbox 1106 2405 1236 2438; x_wconf 84' lang='lat' dir='ltr'>Caesar</span> <span class='ocrx_word' id='word_1_306' title='bbox 1248 2406 1400 2438; x_wconf 91' lang='lat' dir='ltr'>Auienus</span> <span class='ocrx_word' id='word_1_307' title='bbox 1419 2417 1440 2438; x_wconf 90' lang='lat' dir='ltr'>a</span> <span class='ocrx_word' id='word_1_308' title='bbox 1462 2408 1558 2440; x_wconf 53' lang='lat' dir='ltr'>‘mssa</span> <span class='ocrx_word' id='word_1_309' title='bbox 1570 2408 1648 2451; x_wconf 80' lang='lat' dir='ltr'>ple-</span> 
     </span>
     <span class='ocr_line' id='line_1_37' title="bbox 160 2455 1501 2500; baseline 0.004 -16"><span class='ocrx_word' id='word_1_310' title='bbox 160 2455 272 2494; x_wconf 81' lang='lat' dir='ltr'>rz&#39;que’</span> <span class='ocrx_word' id='word_1_311' title='bbox 291 2455 344 2496; x_wconf 89' lang='lat' dir='ltr'>(C.</span> <span class='ocrx_word' id='word_1_312' title='bbox 365 2456 498 2488; x_wconf 74' lang='lat' dir='ltr'>adiecit</span> <span class='ocrx_word' id='word_1_313' title='bbox 508 2457 736 2499; x_wconf 73' lang='lat' dir='ltr'>Stephanus).</span> <span class='ocrx_word' id='word_1_314' title='bbox 878 2458 1045 2500; x_wconf 59' lang='lat' dir='ltr'>lssinquid</span> <span class='ocrx_word' id='word_1_315' title='bbox 1063 2468 1097 2490; x_wconf 86' lang='grc' dir='ltr'>α.</span> <span class='ocrx_word' id='word_1_316' title='bbox 1240 2458 1448 2500; x_wconf 83' lang='lat' dir='ltr'>petulentiae</span> <span class='ocrx_word' id='word_1_317' title='bbox 1467 2469 1501 2491; x_wconf 84' lang='grc' dir='ltr'>α.</span> 
     </span>
     <span class='ocr_line' id='line_1_38' title="bbox 161 2505 1648 2553; baseline 0.005 -17"><span class='ocrx_word' id='word_1_318' title='bbox 161 2505 469 2549; x_wconf 81' lang='lat' dir='ltr'>14pacientiaeque</span> <span class='ocrx_word' id='word_1_319' title='bbox 488 2519 522 2540; x_wconf 83' lang='lat' dir='ltr'>a.</span> <span class='ocrx_word' id='word_1_320' title='bbox 664 2508 742 2551; x_wconf 89' lang='lat' dir='ltr'>ipsi]</span> <span class='ocrx_word' id='word_1_321' title='bbox 763 2509 816 2541; x_wconf 90' lang='lat' dir='ltr'>usi</span> <span class='ocrx_word' id='word_1_322' title='bbox 835 2510 924 2543; x_wconf 82' lang='lat' dir='ltr'>abc.</span> <span class='ocrx_word' id='word_1_323' title='bbox 1068 2509 1190 2553; x_wconf 73' lang='lat' dir='ltr'>1fiipse</span> <span class='ocrx_word' id='word_1_324' title='bbox 1209 2520 1278 2542; x_wconf 86' lang='lat' dir='ltr'>om.</span> <span class='ocrx_word' id='word_1_325' title='bbox 1293 2511 1324 2541; x_wconf 86' lang='lat' dir='ltr'>b.</span> <span class='ocrx_word' id='word_1_326' title='bbox 1468 2511 1648 2544; x_wconf 66' lang='grc'><strong>1811131161-</strong></span> 
     </span>
     <span class='ocr_line' id='line_1_39' title="bbox 159 2556 1645 2605; baseline 0.004 -14"><span class='ocrx_word' id='word_1_327' title='bbox 159 2556 213 2597; x_wconf 82' lang='lat' dir='ltr'>pia</span> <span class='ocrx_word' id='word_1_328' title='bbox 233 2558 264 2587; x_wconf 85' lang='lat' dir='ltr'>b·</span> <span class='ocrx_word' id='word_1_329' title='bbox 406 2561 491 2602; x_wconf 90' lang='lat' dir='ltr'>quod</span> <span class='ocrx_word' id='word_1_330' title='bbox 511 2561 591 2593; x_wconf 88' lang='lat' dir='ltr'>mihi</span> <span class='ocrx_word' id='word_1_331' title='bbox 613 2562 643 2592; x_wconf 86' lang='lat' dir='ltr'>b.</span> <span class='ocrx_word' id='word_1_332' title='bbox 789 2561 833 2596; x_wconf 79' lang='lat'>20</span> <span class='ocrx_word' id='word_1_333' title='bbox 852 2562 1034 2604; x_wconf 85' lang='lat' dir='ltr'>inposuisti</span> <span class='ocrx_word' id='word_1_334' title='bbox 1052 2572 1086 2594; x_wconf 86' lang='grc' dir='ltr'>α.</span> <span class='ocrx_word' id='word_1_335' title='bbox 1228 2562 1464 2605; x_wconf 87' lang='lat' dir='ltr'>militibusque</span> <span class='ocrx_word' id='word_1_336' title='bbox 1485 2564 1580 2595; x_wconf 76' lang='lat' dir='ltr'>‘mss-</span> <span class='ocrx_word' id='word_1_337' title='bbox 1600 2564 1645 2601; x_wconf 59' lang='lat'>22</span> 
     </span>
     <span class='ocr_line' id='line_1_40' title="bbox 161 2609 1646 2657; baseline 0.005 -18"><span class='ocrx_word' id='word_1_338' title='bbox 161 2609 326 2641; x_wconf 88' lang='lat' dir='ltr'>militibus</span> <span class='ocrx_word' id='word_1_339' title='bbox 345 2621 428 2652; x_wconf 88' lang='lat' dir='ltr'>quae</span> <span class='ocrx_word' id='word_1_340' title='bbox 447 2623 481 2644; x_wconf 84' lang='lat' dir='ltr'>a.</span> <span class='ocrx_word' id='word_1_341' title='bbox 622 2615 665 2647; x_wconf 78' lang='lat'>22</span> <span class='ocrx_word' id='word_1_342' title='bbox 684 2614 852 2656; x_wconf 86' lang='lat' dir='ltr'>hodieque</span> <span class='ocrx_word' id='word_1_343' title='bbox 873 2619 905 2645; x_wconf 86' lang='lat' dir='ltr'>te</span> <span class='ocrx_word' id='word_1_344' title='bbox 925 2625 966 2645; x_wconf 88' lang='lat' dir='ltr'>ex</span> <span class='ocrx_word' id='word_1_345' title='bbox 986 2615 1017 2645; x_wconf 84' lang='lat' dir='ltr'>b.</span> <span class='ocrx_word' id='word_1_346' title='bbox 1161 2619 1238 2656; x_wconf 86' lang='lat' dir='ltr'>pote</span> <span class='ocrx_word' id='word_1_347' title='bbox 1256 2614 1549 2657; x_wconf 59' lang='lat' dir='ltr'>&amp;Mentior-pius,-</span> <span class='ocrx_word' id='word_1_348' title='bbox 1569 2621 1646 2657; x_wconf 82' lang='lat' dir='ltr'>peto</span> 
     </span>
     <span class='ocr_line' id='line_1_41' title="bbox 160 2660 1645 2705; baseline 0.004 -15"><span class='ocrx_word' id='word_1_349' title='bbox 160 2669 180 2689; x_wconf 84' lang='lat' dir='ltr'>a</span> <span class='ocrx_word' id='word_1_350' title='bbox 201 2660 230 2699; x_wconf 85' lang='lat' dir='ltr'>b,</span> <span class='ocrx_word' id='word_1_351' title='bbox 253 2670 311 2701; x_wconf 88' lang='lat' dir='ltr'>pro</span> <span class='ocrx_word' id='word_1_352' title='bbox 331 2670 369 2692; x_wconf 89' lang='lat' dir='ltr'>eo</span> <span class='ocrx_word' id='word_1_353' title='bbox 388 2672 426 2700; x_wconf 89' lang='lat' dir='ltr'>c‚·</span> <span class='ocrx_word' id='word_1_354' title='bbox 446 2668 558 2704; x_wconf 86' lang='lat' dir='ltr'>potest</span> <span class='ocrx_word' id='word_1_355' title='bbox 576 2664 651 2696; x_wconf 86' lang='lat' dir='ltr'>cod.</span> <span class='ocrx_word' id='word_1_356' title='bbox 674 2664 756 2697; x_wconf 83' lang='lat' dir='ltr'>Vrs.</span> <span class='ocrx_word' id='word_1_357' title='bbox 770 2675 806 2696; x_wconf 83' lang='lat' dir='ltr'>u.</span> <span class='ocrx_word' id='word_1_358' title='bbox 947 2665 990 2697; x_wconf 82' lang='lat'>23</span> <span class='ocrx_word' id='word_1_359' title='bbox 1003 2664 1089 2697; x_wconf 81' lang='lat' dir='ltr'>Aule</span> <span class='ocrx_word' id='word_1_360' title='bbox 1107 2675 1141 2705; x_wconf 83' lang='lat' dir='ltr'>a,</span> <span class='ocrx_word' id='word_1_361' title='bbox 1161 2666 1202 2697; x_wconf 83' lang='lat' dir='ltr'>A.</span> <span class='ocrx_word' id='word_1_362' title='bbox 1216 2676 1252 2697; x_wconf 84' lang='lat' dir='ltr'>u.</span> <span class='ocrx_word' id='word_1_363' title='bbox 1394 2666 1437 2700; x_wconf 81' lang='lat'>24</span> <span class='ocrx_word' id='word_1_364' title='bbox 1447 2670 1480 2697; x_wconf 92' lang='lat' dir='ltr'>te</span> <span class='ocrx_word' id='word_1_365' title='bbox 1499 2666 1573 2697; x_wconf 85' lang='lat' dir='ltr'>aba</span> <span class='ocrx_word' id='word_1_366' title='bbox 1586 2667 1645 2705; x_wconf 78' lang='lat' dir='ltr'>be,</span> 
     </span>
     <span class='ocr_line' id='line_1_42' title="bbox 161 2712 1643 2760; baseline 0.005 -18"><span class='ocrx_word' id='word_1_367' title='bbox 161 2712 201 2742; x_wconf 90' lang='lat' dir='ltr'>ab</span> <span class='ocrx_word' id='word_1_368' title='bbox 220 2722 255 2743; x_wconf 84' lang='lat' dir='ltr'>u.</span> <span class='ocrx_word' id='word_1_369' title='bbox 396 2713 473 2746; x_wconf 86' lang='lat' dir='ltr'>Tite</span> <span class='ocrx_word' id='word_1_370' title='bbox 491 2725 526 2755; x_wconf 80' lang='lat' dir='ltr'>a,</span> <span class='ocrx_word' id='word_1_371' title='bbox 545 2715 585 2747; x_wconf 89' lang='lat' dir='ltr'>T.</span> <span class='ocrx_word' id='word_1_372' title='bbox 605 2726 640 2748; x_wconf 79' lang='lat' dir='ltr'>u.</span> <span class='ocrx_word' id='word_1_373' title='bbox 781 2719 823 2752; x_wconf 81' lang='lat'>25</span> <span class='ocrx_word' id='word_1_374' title='bbox 843 2727 894 2749; x_wconf 89' lang='lat' dir='ltr'>me</span> <span class='ocrx_word' id='word_1_375' title='bbox 913 2727 947 2749; x_wconf 86' lang='grc' dir='ltr'>α.</span> <span class='ocrx_word' id='word_1_376' title='bbox 1090 2718 1132 2752; x_wconf 80' lang='lat'>26</span> <span class='ocrx_word' id='word_1_377' title='bbox 1146 2717 1288 2760; x_wconf 88' lang='lat' dir='ltr'>uirtute]</span> <span class='ocrx_word' id='word_1_378' title='bbox 1308 2718 1383 2750; x_wconf 88' lang='lat' dir='ltr'>sitis</span> <span class='ocrx_word' id='word_1_379' title='bbox 1402 2718 1485 2749; x_wconf 82' lang='lat' dir='ltr'>add.</span> <span class='ocrx_word' id='word_1_380' title='bbox 1506 2728 1526 2749; x_wconf 86' lang='lat' dir='ltr'>a</span> <span class='ocrx_word' id='word_1_381' title='bbox 1549 2719 1643 2749; x_wconf 66' lang='lat' dir='ltr'>‘ms-S.</span> 
     </span>
     <span class='ocr_line' id='line_1_43' title="bbox 160 2762 1643 2811; baseline 0.001 -12"><span class='ocrx_word' id='word_1_382' title='bbox 160 2762 205 2795; x_wconf 74' lang='lat'>4&#39;·</span> <span class='ocrx_word' id='word_1_383' title='bbox 362 2766 403 2799; x_wconf 81' lang='lat'>27</span> <span class='ocrx_word' id='word_1_384' title='bbox 423 2766 563 2798; x_wconf 86' lang='lat' dir='ltr'>sedione</span> <span class='ocrx_word' id='word_1_385' title='bbox 581 2777 615 2799; x_wconf 90' lang='grc' dir='ltr'>α.</span> <span class='ocrx_word' id='word_1_386' title='bbox 771 2769 815 2803; x_wconf 76' lang='grc'>28</span> <span class='ocrx_word' id='word_1_387' title='bbox 834 2770 1015 2801; x_wconf 85' lang='lat' dir='ltr'>aduersum</span> <span class='ocrx_word' id='word_1_388' title='bbox 1032 2773 1183 2801; x_wconf 84' lang='lat' dir='ltr'>uestrum</span> <span class='ocrx_word' id='word_1_389' title='bbox 1202 2769 1440 2811; x_wconf 85' lang='lat' dir='ltr'>imperatorem</span> <span class='ocrx_word' id='word_1_390' title='bbox 1461 2779 1553 2800; x_wconf 77' lang='lat' dir='ltr'>unus</span> <span class='ocrx_word' id='word_1_391' title='bbox 1572 2769 1643 2801; x_wconf 79' lang='lat' dir='ltr'>det.</span> 
     </span>
    </p>
   </div>
   <div class='ocr_carea' id='block_1_7' title="bbox 160 2814 1646 2907">
    <p class='ocr_par' dir='ltr' id='par_1_8' title="bbox 160 2814 1646 2907">
     <span class='ocr_line' id='line_1_44' title="bbox 161 2814 1646 2864; baseline 0.005 -19"><span class='ocrx_word' id='word_1_392' title='bbox 161 2814 239 2854; x_wconf 81' lang='lat' dir='ltr'>(sed</span> <span class='ocrx_word' id='word_1_393' title='bbox 255 2815 463 2857; x_wconf 83' lang='lat' dir='ltr'>aduersus),·</span> <span class='ocrx_word' id='word_1_394' title='bbox 484 2817 760 2852; x_wconf 85' lang='lat' dir='ltr'>aduersariorum</span> <span class='ocrx_word' id='word_1_395' title='bbox 779 2825 970 2853; x_wconf 85' lang='lat' dir='ltr'>uestrorum</span> <span class='ocrx_word' id='word_1_396' title='bbox 990 2821 1209 2864; x_wconf 79' lang='lat' dir='ltr'>imperatoris</span> <span class='ocrx_word' id='word_1_397' title='bbox 1226 2831 1248 2853; x_wconf 83' lang='lat' dir='ltr'>a</span> <span class='ocrx_word' id='word_1_398' title='bbox 1261 2832 1278 2853; x_wconf 88' lang='lat' dir='ltr'>c</span> <span class='ocrx_word' id='word_1_399' title='bbox 1295 2824 1343 2861; x_wconf 80' lang='lat' dir='ltr'>el,</span> <span class='ocrx_word' id='word_1_400' title='bbox 1358 2823 1423 2863; x_wconf 82' lang='lat' dir='ltr'>qui</span> <span class='ocrx_word' id='word_1_401' title='bbox 1440 2826 1646 2863; x_wconf 74' lang='lat' dir='ltr'>nostrorum,</span> 
     </span>
     <span class='ocr_line' id='line_1_45' title="bbox 160 2866 305 2907; baseline 0.021 -11"><span class='ocrx_word' id='word_1_402' title='bbox 160 2866 305 2907; x_wconf 74' lang='lat' dir='ltr'>reliqui.</span> 
     </span>
    </p>
   </div>
  </div>
 </body>
</html>
