1835 3240
95 202 179 247 748
772 198 1052 243 CAESARIS

172 325 351 360 oratores
383 328 618 357 enumerans
648 320 769 367 negat
798 327 841 354 se
872 313 1033 363 uidere,
1062 312 1124 353 cui
1156 313 1297 354 debeat
1317 311 1469 354 Caesar
1490 314 1646 364 cedere,

170 386 300 440 aitque
323 400 409 427 eum
431 385 649 435 elegantem
664 413 674 432 ,
699 381 937 435 splendidam
959 394 1112 434 quoque
1136 387 1250 434 atque
1273 381 1388 421 etiam
1405 383 1646 435 magnificam

171 461 210 495 et
231 467 463 507 generosam
485 448 765 505 quodammodo
787 447 981 488 rationem
1005 448 1155 488 dicendi
1178 455 1337 498 tenere3
1370 455 1409 488 et
1429 450 1476 489 ad
1498 447 1648 490 Corne-

170 521 261 561 lium
283 521 481 575 Nepotem
514 519 560 558 de
590 517 726 557 eodem
754 516 810 556 ita
827 516 1009 569 scripsit:
1045 513 1178 568 Quid?
1208 523 1402 556 oratorem
1426 531 1538 569 quem
1560 517 1649 557 huic

169 597 386 643 antepones
409 601 542 628 eorum
558 616 568 635 ,
594 584 659 638 qui
680 583 777 624 nihil
797 583 900 624 aliud
922 584 1116 637 egerunt?
1133 583 1217 637 quis
1240 584 1446 624 sententiis
1469 591 1536 624 aut
1556 598 1646 624 acu·
1679 593 1696 623 5

170 656 247 697 tior
268 665 332 697 aut
357 654 560 696 crebrior?
592 653 678 706 quis
699 651 832 692 uerbis
854 657 921 691 aut
941 650 1118 691 ornatior
1139 658 1206 692 aut
1227 652 1472 704 elegantior?
1513 650 1648 691 Genus

171 724 418 777 eloquentiae
441 723 634 762 duntaxat
655 719 886 760 adolescens
909 719 1034 759 adhuc
1055 716 1265 760 Strabonis
1283 716 1472 760 Caesaris
1495 726 1649 760 secutus

169 791 337 831 uidetur.

285 858 456 911 Quintil.
479 858 539 908 X,
567 856 605 907 1,
625 855 729 896 1142
766 852 815 896 C.
841 852 994 896 Caesar
1015 854 1048 894 si
1071 854 1156 894 foro
1180 860 1327 894 tantum
1349 862 1548 903 uacasset,
1572 869 1652 895 non

169 925 267 966 alius
300 939 351 965 ex
382 925 528 965 nostris
560 931 697 965 contra
720 920 957 964 Ciceronem
989 921 1275 962 nominaretur.
1308 920 1441 962 Tanta
1460 921 1501 961 in
1523 936 1569 962 eo
1592 921 1653 961 uis

171 999 246 1043 est,
270 992 307 1032 id
330 1006 509 1043 acumen,
536 1006 581 1033 ea
604 991 838 1041 concitatio,
863 998 906 1031 ut
927 991 1035 1031 illum
1059 990 1195 1031 eodem
1218 989 1348 1030 animo
1372 990 1520 1031 dixisse
1535 1020 1545 1040 ,
1576 1003 1651 1042 quo

169 1060 344 1111 bellauit,
360 1067 559 1114 appareat.
585 1058 772 1100 Exornat
788 1066 920 1100 tamen
936 1059 1033 1100 haec
1051 1058 1180 1099 omnia
1197 1057 1296 1098 mira
1313 1057 1524 1108 sermonis,
1540 1056 1650 1097 cuius

168 1127 323 1182 proprie
346 1127 544 1168 studiosus
566 1129 652 1176 fuit,
678 1127 888 1180 elegantia.

288 1195 386 1237 Tac.
413 1196 462 1236 cle
484 1203 589 1236 orat.
614 1195 666 1236 21
685 1212 694 1235 ι
730 1192 1005 1235 Concedamus
1028 1207 1125 1234 sane
1147 1189 1195 1233 C.
1219 1188 1410 1241 Caesari,
1430 1198 1473 1231 ut
1494 1197 1653 1245 propter

168 1263 474 1316 magnitudinem
507 1264 786 1318 cogitationum
819 1269 859 1302 et
889 1260 1164 1314 occupationes
1196 1273 1330 1300 rernm
1361 1259 1490 1300 minus
1511 1259 1552 1299 in
1574 1258 1653 1298 elo-

170 1331 327 1384 quentia
350 1332 541 1381 effecerit,
567 1345 681 1385 quam
704 1330 876 1370 diuinum
900 1329 984 1369 eius
1006 1329 1208 1382 ingenium
1231 1328 1467 1381 postulabat.

282 1399 391 1440 Ibz'd.
416 1399 492 1439 25:
522 1398 638 1453 Apud
662 1412 734 1438 nos
752 1395 897 1438 Cicero
920 1397 1072 1450 quidem
1095 1404 1249 1437 ceteros
1273 1397 1485 1438 eorundem
1506 1401 1656 1447 tempo-

168 1482 256 1508 rum
279 1467 447 1508 disertos
471 1466 700 1517 antecessit,
722 1464 871 1506 Caluus
893 1472 1023 1505 autem
1045 1464 1258 1505 etAsinius
1277 1472 1316 1505 et
1327 1462 1479 1505 Caesar
1499 1469 1538 1502 et
1551 1458 1654 1501 Coe-

167 1535 243 1576 lius
275 1542 314 1575 et
337 1533 487 1576 Brutus
517 1549 588 1576 suo
623 1534 709 1575 iure
730 1541 769 1574 et
790 1533 984 1588 prioribus
1007 1539 1046 1573 et
1066 1533 1321 1586 sequentibus
1344 1535 1650 1586 anteponuntur.

166 1601 255 1644 Nec
275 1604 416 1653 refert,
435 1603 537 1657 quod
558 1603 663 1644 inter
682 1616 726 1643 se
748 1602 877 1656 specie
900 1601 1096 1652 differant,
1114 1616 1200 1642 cum
1223 1614 1369 1654 genere
1387 1598 1650 1640 consentiant.

166 1670 387 1712 Astrictior
409 1669 558 1712 Caluus
573 1702 582 1720 ‚
607 1670 858 1711 numerosior
878 1668 1046 1710 Asinius
1060 1701 1070 1718 ,
1094 1670 1334 1724 splendidior
1355 1666 1523 1716 Caesar,
1548 1678 1653 1706 ama-

166 1739 250 1780 rior
271 1736 433 1780 Coelius
450 1769 460 1788 ,
486 1736 649 1791 grauior
670 1735 818 1777 Brutus
834 1767 844 1787 ,
870 1736 1143 1777 uehementior
1165 1744 1203 1776 et
1225 1736 1376 1790 plenior
1397 1743 1436 1776 et
1459 1733 1653 1774 ualentior

168 1804 337 1847 Cicero:
371 1820 507 1847 omnes
529 1813 660 1846 tamen
681 1804 843 1845 eandem
865 1804 1114 1844 sanctitatem
1137 1803 1385 1857 eloquentiae
1407 1804 1565 1851 ferunt,
1590 1808 1649 1851 ut,

166 1875 202 1915 si
232 1874 407 1915 omnium
439 1874 587 1928 pariter
617 1872 739 1913 libros
770 1873 811 1912 in
833 1886 988 1912 manum
1011 1872 1251 1926 sumpseris,
1286 1871 1389 1911 scias
1413 1870 1589 1923 quamuis
1611 1869 1651 1909 in

169 1943 338 1984 diuersis
367 1942 538 1996 ingeniis
570 1954 659 1982 esse
682 1941 877 1995 quandam
897 1940 1032 1981 iudicii
1054 1954 1099 1980 ac
1124 1938 1338 1980 uoluntatis
1361 1937 1653 1978 similitudinem

166 2018 206 2052 et
228 2010 520 2065 cognationem.

285 2080 382 2121 Tae.
408 2093 505 2120 ame.
529 2077 668 2128 XIII,
694 2077 744 2119 3:
779 2076 960 2118 Dictator
982 2073 1135 2118 Caesar
1157 2075 1317 2116 summis
1339 2073 1562 2115 oratoribus
1584 2085 1649 2112 ae-

165 2147 291 2189 mulus
315 2147 401 2187 fuit.

279 2215 394 2256 Plac.
425 2214 546 2256 Caes.
572 2213 622 2255 3:
664 2213 856 2270 Λέγεται
887 2213 933 2255 δὲ
956 2213 1028 2256 καὶ
1051 2212 1187 2264 onwan
1208 2208 1319 2265 πρός
1341 2205 1500 2264 λόγους
1520 2206 1648 2248 πολι·

166 2281 314 2330 τικοῦς
334 2281 360 2325 o‘
374 2281 552 2337 Καῖσαρ
574 2278 733 2338 ἄριστα
755 2282 827 2324 καὶ
845 2280 1116 2334 διαπονῆσαι
1134 2274 1452 2336 φιλοτιμότατα
1468 2273 1550 2329 τήν
1564 2269 1650 2327 φύ-

168 2365 256 2399 σιν,
281 2347 335 2398 ὥς
353 2350 408 2395 τοὶ
433 2349 655 2406 δευτερεῖα
675 2351 764 2406 μὲν
786 2345 1002 2405 ἀδηρίτως
1023 2351 1157 2406 ἔχειν,
1168 2345 1218 2390 τὸ
1233 2344 1276 2388 δὲ
1294 2350 1524 2398 πρωτεῖον,
1535 2338 1650 2386 ὅπως

313 2488 327 2520 1
344 2488 468 2520 debeat
487 2487 618 2520 Caesar
636 2487 736 2520 codd.
758 2490 903 2520 tantum.
922 2496 990 2518 non
1010 2495 1139 2525 omnes,
1161 2483 1287 2515 Caesar
1305 2479 1427 2511 debeat
1445 2476 1498 2509 ed.
1514 2476 1650 2508 Ouden-

170 2538 300 2582 d07'pl'2'·
447 2541 468 2572 4
487 2544 657 2571 oratorem
675 2539 915 2571 Menmnz'anus
934 2537 1109 2569 Mediceus
1122 2537 1275 2578 primus,
1296 2536 1464 2563 oratorum
1483 2529 1536 2561 ed.
1560 2528 1646 2560 Oud.

315 2592 355 2625 10
375 2592 466 2623 aliud
484 2602 531 2622 m.
548 2601 606 2633 pr.
630 2591 832 2623 Turz‘censis
849 2590 1094 2623 Florctztinus.
1236 2584 1302 2616 uim
1322 2582 1484 2614 Caesaris
1504 2590 1650 2612 commc-

168 2647 289 2677 morat
303 2644 396 2676 idem
415 2644 440 2683 I,
463 2643 494 2683 7,
515 2643 570 2675 34.
583 2643 626 2683 Χ,
639 2644 671 2683 2,
687 2644 742 2676 25.
755 2642 984 2683 Xll,10,11;
1005 2640 1150 2672 calorem
1163 2636 1294 2678 Appul.
1316 2635 1412 2677 apol.
1429 2645 1466 2675 p.
1481 2633 1544 2666 589
1560 2632 1646 2665 Oud.

315 2697 352 2729 11
374 2696 407 2728 id
426 2700 538 2727 actum
556 2706 597 2727 en
617 2705 657 2727 ea
681 2705 728 2727 m.
752 2705 811 2737 pr.
835 2693 1040 2726 Turio-ensis
1058 2691 1291 2723 Florentium
1311 2688 1389 2728 (liic
1407 2686 1503 2726 aen).

172 2748 212 2781 14
231 2749 393 2789 loquitur
409 2748 517 2789 Aper.
657 2745 696 2777 17
715 2744 907 2787 respondet
923 2744 1022 2784 Apro
1040 2740 1210 2774 Messala.
1359 2737 1396 2769 19
1417 2747 1477 2769 suo
1497 2737 1570 2767 iure
1589 2734 1650 2767 Li-

166 2801 269 2841 psius
281 2810 292 2838 ‚·
305 2798 333 2830 si
345 2808 426 2830 uere
442 2797 501 2829 uel
511 2797 560 2829 sic
572 2806 653 2828 uere
667 2795 784 2833 codd„
798 2794 894 2826 illud
903 2802 1063 2835 suprasc.
1078 2792 1151 2822 iure
1165 2789 1365 2822 Leidensis.
1498 2787 1537 2819 21
1552 2786 1651 2818 astri-

173 2849 259 2881 ctior
275 2848 477 2889 Acidalms,
499 2853 534 2880 at
552 2846 706 2881 strictior
723 2844 824 2878 codd.
962 2843 1005 2878 23
1025 2843 1246 2874 sanctitatem
1263 2839 1449 2872 Leidensis
1462 2837 1652 2870 Far-nesiu-

172 2911 248 2941 71115,
270 2900 451 2933 sanitatem
470 2899 549 2932 cdd.
746 2897 789 2932 26
809 2896 1042 2938 cognationem
1060 2893 1268 2934 Beroaldus,
1290 2891 1529 2933 cogitationem
1547 2888 1647 2922 codd.

1687 927 1726 960 10

1689 1263 1726 1296 15

1684 1601 1727 1636 20

1683 1943 1725 1977 25

1680 2279 1721 2311 30
