1835 3240
117 176 201 218 256
637 176 711 218 DE
742 176 928 218 BELLO
960 173 1210 218 GALLICO

190 290 451 338 contendunt,
477 304 562 330 cum
584 298 651 330 aut
673 291 754 330 suis
777 290 917 330 finibus
940 304 1007 330 eos
1030 290 1252 343 prohibent,
1277 297 1345 330 aut
1365 290 1439 344 ipsi
1460 291 1500 330 in
1523 304 1658 330 eorum

145 362 168 397 5
191 357 332 398 finibus
363 358 507 398 bellum
540 366 696 411 gerunt.
747 356 898 397 Eorum
925 371 998 397 una
1029 371 1146 410 pars,
1179 372 1292 410 quam
1314 356 1451 398 Gallos
1484 358 1662 411 optinere

191 424 337 464 dictum
360 433 434 475 est,
460 426 611 465 initium
634 425 736 479 capit
756 439 778 465 a
801 425 958 465 flumine
973 423 1190 476 Rhodano,
1217 425 1443 465 continetur
1459 423 1663 465 Garumna

191 492 365 541 flumine,
391 491 568 543 Oceano,
594 493 735 532 finibus
757 490 994 545 Belgarum3
1020 493 1178 546 attingit
1199 493 1317 533 etiam
1340 492 1386 532 ab
1409 490 1603 545 Sequanis
1627 500 1666 532 ct.

144 563 167 601 6
190 558 385 601 Heluetiis
418 560 560 599 flumen
589 558 799 609 Rhenum3
837 560 970 613 uergit
999 561 1045 600 ad
1077 560 1382 614 septentriones.
1435 558 1583 614 Belgae
1614 560 1661 600 ab
1694 569 1711 599 5

193 628 383 668 extremis
407 625 559 667 Galliae
581 627 721 667 finibus
745 628 952 677 oriuntur3
978 628 1177 680 pertinent
1198 629 1243 668 ad
1266 627 1494 667 inferiorem
1516 633 1667 679 partem

192 695 361 735 fluminis
392 694 547 744 Rheni,
588 701 770 747 spectant
808 695 849 734 in
889 695 1196 748 septentrionem
1237 702 1275 734 et
1305 694 1497 733 orientem
1530 693 1666 733 solem.

145 768 169 804 7
191 762 405 816 Aquitania
435 775 455 801 a
479 760 684 801 Garumna
716 762 873 803 flumine
905 763 951 802 ad
973 760 1203 817 Pyrenaeos
1235 767 1388 801 montes
1411 767 1451 800 et
1472 775 1558 801 eam
1579 775 1668 815 par-

191 838 268 870 tem
292 828 458 880 Oceani,
485 843 584 882 quae
606 836 669 870 est
689 830 736 869 ad
758 828 1007 883 Hispaniam,
1031 831 1228 884 pertinet,
1254 836 1408 883 spectat
1428 828 1534 869 inter
1555 842 1670 869 occa-

190 911 275 937 sum
296 897 392 937 solis
416 904 455 937 et
476 896 782 951 septentriones.
1701 903 1741 935 10

139 987 166 1030 2
298 985 413 1040 Apud
435 985 641 1026 Heluetios
670 985 787 1040 longe
809 986 1074 1027 nobilissimus
1096 988 1169 1027 fuit
1191 994 1230 1028 et
1261 987 1473 1027 ditissimus
1497 983 1667 1039 Orgeto-

196 1055 279 1094 rix.
322 1053 361 1094 Is
384 1052 441 1093 M.
464 1052 643 1094 Messala
676 1061 715 1094 et
734 1053 795 1094 Μ.
820 1052 968 1094 Pisone
1002 1055 1226 1095 consulibus
1247 1054 1359 1107 regni
1383 1053 1593 1106 cupiditate
1614 1052 1674 1091 in-

195 1122 336 1162 ductus
360 1122 670 1162 coniurationem
693 1122 906 1162 nobilitatis
939 1122 1032 1162 fecit
1063 1130 1102 1162 et
1124 1123 1274 1162 ciuitati
1304 1121 1525 1175 persuasit,
1550 1127 1593 1160 ut
1625 1119 1671 1159 de

143 1194 169 1231 2
193 1190 333 1230 finibus
357 1191 438 1231 suis
463 1205 549 1230 eum
572 1189 750 1230 omnibus
774 1189 895 1243 copiis
919 1190 1101 1230 exirent:
1134 1190 1318 1243 perfacile
1341 1202 1453 1238 esse,
1479 1202 1565 1227 cum
1590 1187 1669 1226 uir-

145 1262 169 1298 3
193 1265 275 1298 tute
299 1258 479 1298 omnibus
510 1264 784 1312 praestarent,
823 1257 943 1297 totius
967 1256 1121 1297 Galliae
1154 1257 1319 1310 imperio
1352 1255 1484 1308 potiri.
1538 1253 1582 1294 Id
1604 1254 1676 1294 hoc
1708 1261 1747 1292 15

193 1325 343 1365 facilius
368 1326 424 1366 eis
448 1326 661 1379 persuasit,
689 1326 790 1378 quod
812 1325 983 1376 undique
1005 1324 1082 1363 loci
1104 1330 1246 1364 natura
1268 1322 1444 1363 Heluetii
1471 1321 1674 1361 eontinen-

191 1398 279 1432 tur:
318 1406 395 1432 una
425 1407 478 1433 ex
506 1400 617 1446 parte
649 1393 808 1432 flumine
830 1390 971 1432 Rheno
1004 1392 1195 1432 latissimo
1217 1398 1334 1444 atque
1355 1389 1574 1438 altissimo,
1609 1388 1674 1441 qui

190 1473 326 1512 agrum
349 1459 576 1500 Heluetium
598 1474 621 1500 a
643 1458 854 1500 Germanis
877 1460 1039 1511 diuidit,
1073 1460 1197 1500 altera
1219 1473 1270 1499 ex
1292 1465 1403 1512 parte
1425 1464 1557 1497 monte
1579 1454 1671 1496 Iura

189 1526 396 1577 altissimo,
423 1528 489 1580 qui
511 1535 572 1568 est
591 1528 697 1568 inter
714 1526 920 1581 Sequanos
943 1535 983 1568 et
997 1527 1228 1577 Heluetios,
1254 1526 1372 1567 tertia
1393 1526 1481 1566 lacu
1496 1522 1670 1564 Leman-

190 1609 240 1634 no
263 1602 303 1635 et
324 1595 482 1634 flumine
504 1594 697 1635 Rhodano
714 1626 724 1645 ,
760 1596 823 1648 qui
861 1595 1107 1648 prouinciam
1137 1601 1311 1635 nostram
1335 1594 1381 1633 ab
1403 1591 1599 1633 Heluetiis
1622 1590 1678 1630 di-
1707 1596 1750 1630 20

144 1668 170 1703 4
192 1662 304 1702 uidit.
349 1661 423 1703 His
446 1663 564 1703 rebus
596 1663 734 1713 fiebat,
769 1669 811 1702 ut
833 1669 872 1702 et
893 1663 1018 1702 minus
1041 1662 1120 1701 late
1142 1668 1387 1714 uagarentur
1408 1667 1447 1700 et
1467 1659 1594 1698 minus
1618 1659 1673 1697 fa-

191 1729 264 1770 cile
287 1729 459 1770 finitimis
482 1730 624 1770 bellum
646 1730 792 1770 inferre
814 1737 1002 1783 possent,
1028 1743 1102 1783 qua
1121 1743 1169 1770 ex
1189 1736 1299 1783 parte
1321 1728 1500 1768 homines
1523 1726 1671 1766 bellan-

338 1879 351 1911 1
373 1889 446 1911 cum
467 1878 568 1910 codd.
590 1881 809 1918 constanter,
830 1887 929 1919 quum
948 1887 982 1908 u.
1125 1881 1184 1908 aut
1201 1886 1219 1908 a
1239 1877 1309 1908 suis
1328 1875 1533 1907 Aimomus.

191 1929 394 1972 prohibeant
420 1939 466 1960 m.
483 1929 591 1970 prus.
732 1929 753 1961 2
780 1928 935 1970 optinere
962 1927 1088 1959 ΑΒΕ.
1230 1928 1248 1959 3
1276 1926 1414 1958 Rodano
1432 1926 1470 1967 s.
1612 1923 1679 1956 Ga-

193 1990 303 2012 runna
327 1979 477 2021 ABEf,
507 1979 678 2011 Garomna
696 1979 898 2011 Aimoinus.
1040 1980 1061 2011 4
1079 1977 1250 2010 Oceanum
1272 1977 1371 2008 codd.
1393 1986 1526 2007 omnes.

191 2032 269 2063 finis
286 2032 331 2072 B,
349 2033 383 2063 in
403 2032 526 2063 finibus
544 2032 746 2065 Aimoz'nus.
942 2039 961 2060 a
979 2030 1019 2061 E.
1210 2032 1227 2062 5
1250 2028 1377 2060 Renum
1402 2028 1473 2070 Bs.

192 2096 211 2116 a
229 2085 464 2128 septentrione
482 2085 686 2116 Aimoinus.
829 2083 847 2115 6
873 2087 1004 2125 partein
1024 2093 1091 2114 om.
1113 2083 1155 2113 E.
1300 2082 1318 2114 7
1340 2080 1422 2112 Reni
1445 2080 1511 2122 Rs.

193 2137 456 2181 septentrionem
477 2137 547 2168 AB
558 2137 621 2178 Es
630 2137 822 2168 Aimoz'nus
836 2160 844 2175 ,
873 2136 1134 2177 septemtriones
1168 2145 1204 2166 u.
1345 2134 1365 2165 8
1383 2132 1581 2174 Aquitanici
1598 2132 1677 2164 DE.

338 2186 501 2218 Garunna
519 2186 759 2228 ABCDEf,
790 2184 958 2217 Garomna
984 2185 1189 2216 Aimoz'nus.
1330 2182 1387 2224 ad]
1416 2193 1524 2225 usque
1552 2183 1593 2214 ad
1617 2183 1680 2214 Ai-

192 2241 346 2271 moinus.
487 2239 673 2271 Pirenaeos
691 2238 764 2279 As.
906 2241 941 2268 et
957 2237 997 2268 ad
1018 2246 1091 2268 eam
1118 2235 1241 2277 (Arc)?
1265 2234 1316 2267 C?
1341 2245 1370 2266 e.
1513 2235 1531 2267 9
1551 2234 1679 2266 Oceani

195 2300 263 2321 om.
283 2289 489 2321 Az'moz‘nus.
631 2298 697 2331 qua
714 2288 801 2320 DE.
943 2292 998 2319 est
1013 2287 1084 2319 AB
1098 2286 1177 2326 ΟΕ,
1199 2285 1511 2327 om.fAz'moz'nus
1537 2288 1572 2316 et
1595 2287 1633 2316 in
1651 2284 1681 2316 B

189 2342 317 2382 postea
336 2340 492 2371 deletum
511 2343 576 2372 est.
718 2339 896 2381 pertinens
915 2338 1000 2370 DE.
1155 2337 1195 2370 10
1214 2336 1459 2378 septentrionis
1477 2336 1517 2377 f,
1547 2339 1682 2377 septen-

194 2391 342 2422 trionem
358 2390 391 2422 E
407 2390 609 2422 Aimoz'nus.
752 2390 790 2421 11
812 2388 1044 2421 nobilissimos
1062 2391 1147 2419 ante
1168 2397 1260 2419 corr.
1279 2389 1322 2422 B.
1452 2384 1514 2418 fuit
1532 2391 1567 2417 et
1585 2385 1681 2417 ditis-

200 2444 305 2476 simus
334 2443 436 2474 ‘ms-s.
459 2442 656 2485 plerz'que'‚
684 2442 758 2474 AB
773 2441 862 2483 CD,
890 2451 1009 2473 omnes
1028 2439 1260 2479 Schnez‘deri5
1287 2443 1322 2470 et
1347 2438 1535 2470 ditissimus
1563 2437 1629 2469 fuit
1646 2447 1680 2469 u.

343 2492 550 2534 Orgentorix
569 2494 601 2526 A
617 2503 766 2534 semper.
910 2492 951 2527 12
967 2490 1083 2523 Marco
1102 2489 1294 2523 MessalaE
1307 2492 1342 2520 et
1357 2499 1426 2520 sec.
1445 2499 1492 2521 m.
1511 2489 1554 2520 B.

201 2543 283 2577 etP.
297 2543 342 2576 M.
356 2544 478 2576 Pisone
497 2546 569 2578 AB
583 2544 620 2587 C,
641 2550 675 2577 et
691 2544 810 2576 Publio
829 2543 945 2576 Marco
964 2542 1169 2576 PisoneDE
1184 2545 1222 2574 et
1237 2551 1306 2573 sec.
1319 2551 1365 2573 m.
1380 2541 1421 2573 B.
1551 2541 1593 2573 14
1610 2550 1687 2583 per-

200 2598 302 2630 facile
322 2602 376 2630 est
392 2608 438 2629 m.
456 2608 515 2639 pr.
530 2598 573 2630 A.
683 2606 686 2607 ⁷
717 2597 757 2630 15
777 2607 893 2630 omnes
911 2607 958 2629 m.
974 2605 1036 2638 pr.
1052 2594 1090 2627 C.
1230 2593 1464 2636 praestarent]
1485 2597 1685 2636 spectarent

206 2648 247 2680 C.
389 2647 522 2681 Galliae
542 2658 617 2680 sese
635 2648 776 2690 imperio
797 2648 827 2679 b.
954 2646 995 2679 16
1015 2650 1138 2677 natura
1155 2646 1404 2686 suprascripto
1422 2655 1469 2676 m.
1489 2655 1559 2676 sec.
1577 2648 1637 2675 tua
1658 2643 1686 2675 Β

203 2702 238 2730 et
261 2701 298 2731 in
321 2708 438 2740 marg.
467 2701 553 2731 item
582 2709 651 2730 sec.
669 2708 717 2730 m.
738 2707 804 2740 qua
829 2698 897 2729 loci
926 2701 1049 2728 natura
1077 2695 1227 2727 Heluetii
1256 2695 1535 2727 continebantur.

202 2751 243 2785 17
261 2750 354 2783 Reno
371 2750 403 2783 B
417 2750 486 2793 Cf.
642 2749 682 2782 19
701 2750 805 2781 tertio
822 2749 902 2781 DE.
1057 2747 1100 2782 20
1119 2746 1258 2779 Rodano
1276 2747 1363 2778 Bm.
1380 2756 1438 2789 pr.
1459 2746 1541 2788 ets.

204 2804 274 2847 qni]
292 2803 396 2845 nbis.
551 2803 595 2837 22
620 2802 773 2834 finitimis
799 2806 837 2833 ut
853 2801 979 2832 bellum
997 2799 1027 2831 B
1043 2799 1071 2831 C
1089 2798 1229 2831 ‘Letdd.
1249 2798 1294 2832 2'.
1444 2796 1682 2840 potuissents.

350 2863 414 2896 qua
433 2863 474 2886 ex
494 2858 590 2896 parte
604 2854 751 2885 ‘ueteres
769 2851 919 2885 mss.14⁷
939 2850 973 2882 A
985 2850 1013 2881 Β
1027 2849 1171 2882 CDEcl
1182 2850 1245 2892 es5
1264 2859 1329 2891 qua
1348 2850 1388 2881 de
1408 2858 1512 2881 causa
1524 2858 1559 2880 u.
1574 2848 1614 2879 P.
1627 2846 1680 2879 50.
