1835 3240
110 892 150 924 10

113 1229 151 1261 15

595 160 777 204 COMM.
800 161 839 203 V
862 159 987 204 CAP.
1013 159 1211 202 13-16,
1658 161 1739 203 357

181 286 273 321 sunt
311 277 352 317 in
388 288 517 330 pugna
559 282 743 329 aspectu3
789 275 1006 329 capilloque
1045 281 1137 314 sunt
1176 273 1368 327 promisso
1410 280 1525 326 atque
1557 276 1663 315 omni
1685 275 1710 315 3

180 352 290 400 parte
312 343 487 397 corporis
508 357 598 383 rasa
621 350 777 397 praeter
797 350 913 396 caput
934 349 974 382 et
995 342 1145 382 labrum
1169 341 1368 394 superius.
1412 339 1573 381 onres
1596 342 1663 381 ha-
1684 342 1711 382 4

181 413 276 452 bent
297 411 386 452 deni
408 410 652 463 duodenique
684 411 788 451 inter
819 424 861 450 se
894 423 1120 449 communes
1150 415 1189 449 et
1221 407 1389 448 maxime
1415 408 1556 446 fratres
1579 422 1665 447 cum

180 479 369 520 fratribus
394 486 653 532 parentesque
675 493 761 518 cum
782 477 944 527 liberis;
970 477 1036 516 sed
1061 477 1124 529 qui
1149 483 1240 516 sunt
1262 489 1311 515 ex
1330 475 1389 514 his
1404 475 1500 524 nati,
1527 488 1663 514 eorum
1685 473 1710 514 ἴ)

185 546 380 587 habentur
401 546 529 596 liberi,
555 560 629 599 quo
652 546 815 599 primum
839 545 950 597 ulrgo
974 558 1149 599 quaeque
1172 544 1334 584 deducta
1358 549 1429 582 est.

295 612 460 666 Equites
494 614 662 653 hostium
695 612 960 664 essedariique
993 611 1139 651 acriter
1170 612 1317 664 proelio
1362 624 1447 650 cum
1490 609 1666 662 equitatu
1687 609 1740 653 15

182 688 319 721 nostro
342 682 380 721 in
402 682 545 721 itinere
576 680 865 729 conflixerunt,
899 686 1029 718 tamen
1064 684 1104 718 ut
1134 679 1259 718 nostri
1289 678 1468 718 omnihus
1492 677 1667 731 partibus

183 749 409 803 superiores
441 749 585 788 suerint
615 755 730 800 atque
763 761 830 787 eos
862 747 900 786 in
924 746 1045 786 siluas
1069 746 1266 798 collesque
1290 745 1563 800 conpulerint3
1599 744 1668 784 sed
1688 743 1715 785 2

185 816 438 870 conpluribus
471 815 690 856 interfectis
725 814 900 868 cupidius
922 813 1091 854 insecuti
1115 814 1324 853 nonnullos
1347 827 1399 853 ex
1421 813 1502 853 suis
1525 812 1668 853 amise-

183 891 288 925 runt.
343 883 399 923 At
429 883 485 923 illi
517 883 742 923 intermisso
773 882 900 936 spatio
924 881 1221 936 inprudentibus
1245 881 1390 921 nostris
1415 888 1530 934 atque
1552 894 1669 920 occu·
1690 878 1714 919 3

183 952 286 1006 patis
309 952 349 991 in
372 951 588 991 munitione
611 957 831 991 castrorum
855 949 983 989 subito
1018 962 1059 989 se
1082 963 1135 989 ex
1156 949 1267 988 siluis
1291 949 1494 989 eiecerunt
1516 949 1669 1002 inpetu-

183 1034 258 1072 que
280 1019 320 1059 in
342 1033 410 1059 eos
432 1019 551 1068 facto,
577 1019 642 1071 qui
664 1026 776 1058 erant
798 1018 837 1057 in
859 1018 1030 1058 statione
1053 1032 1121 1071 pro
1145 1017 1286 1056 castris
1302 1016 1500 1066 collocati,
1526 1016 1671 1057 aeriter

182 1093 459 1140 pugnauerunt
481 1085 706 1139 duabusque
728 1086 858 1126 missis
881 1085 1054 1126 subsidio
1077 1084 1301 1125 cohortibus
1324 1081 1533 1124 aCaesare
1554 1090 1671 1136 atque
1692 1083 1718 1123 4

184 1153 243 1193 his
268 1155 401 1207 primis
424 1154 623 1209 legionum
647 1154 836 1203 duarum,
863 1168 947 1194 cum
973 1153 1043 1192 bae
1068 1152 1283 1206 perexiguo
1306 1152 1530 1193 intermisso
1555 1152 1669 1205 [loci]

184 1222 312 1275 spatio
343 1221 448 1262 inter
482 1235 525 1262 se
556 1222 854 1272 constitissent,
889 1236 994 1261 nouo
1016 1235 1163 1275 genere
1183 1234 1334 1275 pugnae
1359 1220 1579 1273 perterritis
1601 1234 1671 1259 no-

186 1289 279 1329 stris
302 1302 372 1342 per
385 1290 532 1330 medios
554 1290 815 1330 audacissime
839 1296 1096 1343 perruperunt
1119 1302 1238 1341 seque
1260 1289 1350 1329 inde
1371 1288 1588 1328 incolumes
1610 1301 1673 1328 re-

186 1363 389 1409 ceperunt.
442 1356 503 1396 Eo
526 1357 587 1397 (lie
611 1355 783 1409 Quintus
807 1356 1002 1397 Laberius
1027 1356 1178 1407 Durus,
1204 1357 1385 1396 tribunus
1407 1356 1589 1405 militum,
1614 1355 1674 1395 in-
1696 1353 1720 1395 5

189 1423 396 1463 terlieitur.
456 1423 517 1464 Illi
551 1425 723 1478 pluribus
755 1425 961 1465 submissis
994 1425 1221 1464 cohortibus
1252 1424 1511 1477 repelluntur.
1565 1422 1670 1463 Toto
1694 1423 1748 1467 16

189 1491 261 1530 hoc
284 1492 323 1530 in
346 1505 492 1544 genere
516 1506 684 1546 pugnae,
710 1507 797 1532 cum
821 1493 891 1532 sub
915 1493 1036 1532 oculis
1060 1493 1230 1532 omnium
1264 1506 1309 1532 ae
1342 1506 1410 1545 pro
1443 1491 1585 1531 castris
1619 1491 1675 1531 di-

186 1558 423 1608 micaretur,
458 1560 701 1600 intellectum
734 1568 795 1601 est
827 1568 986 1601 nostros
1019 1567 1178 1614 propter
1199 1560 1432 1613 grauitatem
1458 1573 1671 1608 armorum,

186 1626 287 1677 quod
310 1640 435 1679 neque
457 1627 612 1680 insequi
635 1629 820 1668 cedentes
844 1635 1003 1681 possent
1028 1642 1153 1681 neque
1177 1628 1221 1667 ab
1235 1628 1358 1682 siguis
1382 1627 1585 1667 discedere
1609 1641 1676 1666 au-

187 1693 341 1743 derent,
367 1695 495 1734 minus
518 1702 632 1749 aptos
656 1709 743 1735 esse
766 1696 811 1736 ad
838 1696 950 1735 buius
973 1696 1131 1749 generis
1156 1696 1333 1746 hostem,
1371 1695 1522 1747 equites
1545 1702 1676 1735 autem

188 1775 330 1814 magno
354 1776 440 1801 cum
473 1763 649 1816 periculo
682 1764 833 1817 proelio
856 1764 1066 1813 dimicare,
1099 1771 1310 1817 propterea
1341 1763 1441 1815 quod
1471 1763 1527 1802 illi
1558 1763 1676 1802 etiam

188 1829 368 1869 consulto
390 1829 616 1884 plerumque
639 1833 824 1872 cederent
846 1839 899 1882 et,
925 1846 1009 1872 eum
1025 1832 1179 1886 paulum
1202 1832 1248 1871 ab
1272 1831 1493 1884 legionibus
1517 1837 1677 1870 nostros

189 1896 476 1948 remouissem,
511 1913 564 1939 ex
596 1900 748 1940 essedis
772 1900 976 1940 desilirent
998 1907 1037 1940 et
1059 1900 1220 1954 pedibus
1243 1900 1387 1953 dispari
1410 1898 1560 1952 proelio
1583 1913 1677 1938 cou-

190 1964 412 2005 tenderent.
452 1964 661 2019 Equestris
675 1975 803 2008 autem
819 1968 957 2022 proelii
982 1968 1081 2008 ratio
1096 1974 1135 2008 et
1157 1967 1385 2008 cedentibus
1409 1974 1448 2007 et
1469 1967 1678 2020 insequen-
1699 1966 1724 2006 3

1697 1694 1725 1734 Μ

337 2125 532 2168 ladspectu
552 2129 749 2171 capillorum
771 2134 850 2161 sunt
868 2129 1059 2172 promiscuo
1081 2130 1098 2160 b
1117 2128 1367 2172 (aspectuffl),
1397 2138 1465 2160 non
1485 2127 1678 2169 adspectu).

335 2177 450 2219 atque]
470 2183 504 2209 et
526 2179 543 2210 b
558 2190 585 2212 e.
727 2181 746 2214 3
767 2182 844 2213 deni
864 2183 948 2213 duas
969 2182 1114 2224 denique
1133 2183 1180 2213 D.
1324 2183 1342 2214 4
1362 2186 1521 2224 parentes
1540 2190 1615 2212 cum
1633 2180 1678 2210 D.

335 2229 394 2259 sed
415 2230 470 2270 qui
489 2230 623 2271 Abce,
646 2232 704 2262 sed
725 2232 752 2262 si
773 2233 826 2274 qui
847 2233 906 2274 (B)
921 2244 956 2264 u.
1100 2244 1141 2264 ex
1158 2233 1201 2264 iis
1221 2233 1261 2263 B.
1416 2234 1432 2263 5
1453 2242 1516 2273 quo
1534 2231 1637 2272 Affl)
1653 2231 1682 2262 C

191 2278 245 2317 D,
268 2278 388 2319 quibus
410 2280 426 2311 b
440 2291 469 2311 e.
609 2282 715 2323 primo
735 2293 763 2313 e.
905 2283 1059 2323 uirgines
1079 2293 1233 2325 quaeque
1253 2283 1375 2314 (luctae
1395 2287 1475 2314 sunt
1494 2293 1537 2313 ee
1551 2286 1597 2321 ef,
1619 2283 1683 2322 qai

194 2329 374 2370 deductae,
397 2332 427 2362 b.
569 2333 586 2364 (i
605 2334 771 2365 essedarii
793 2335 922 2365 acriter
941 2335 970 2365 b.
1113 2334 1279 2376 proelium
1302 2335 1342 2366 C.
1508 2334 1526 2365 7
1547 2331 1679 2374 nostro]

195 2391 258 2412 non
278 2393 325 2414 m.
343 2394 401 2425 pr.
420 2385 452 2414 Β
605 2390 717 2417 tamen
736 2388 767 2418 A
781 2386 843 2428 (B)
858 2387 944 2427 OD,
967 2387 1015 2417 ita
1036 2391 1146 2417 tamen
1167 2387 1251 2417 boe.
1372 2391 1405 2417 ut
1425 2384 1548 2426 nostri]
1570 2389 1681 2416 utrum

196 2432 226 2462 B
240 2433 266 2464 C
278 2434 321 2464 D.
464 2434 484 2465 8
502 2434 576 2477 eos]
597 2447 713 2468 omnes
732 2438 762 2469 B
776 2439 802 2469 ζ’
814 2438 858 2468 Ι).
1002 2438 1219 2479 conpulerint
1235 2440 1280 2469 B.
1418 2437 1436 2469 9
1461 2436 1682 2478 conpluribus

195 2483 235 2513 B·
376 2486 416 2517 10
436 2486 697 2528 inprudentibus
717 2489 759 2521 B.
944 2489 976 2520 ll
999 2489 1205 2520 munitiones
1224 2490 1271 2520 Ι).
1434 2489 1618 2530 inpetuque
1637 2490 1680 2518 B.

341 2536 381 2568 12
399 2537 432 2567 in
452 2543 587 2569 nostros
609 2539 698 2571 facto
716 2540 762 2571 D.
907 2540 947 2572 13
967 2544 1068 2581 atque
1089 2540 1130 2571 iis
1150 2542 1192 2571 Β.
1355 2539 1392 2571 14
1414 2540 1500 2571 ‘eum
1521 2540 1606 2570 haee
1625 2540 1685 2570 uel

199 2585 261 2616 hee
278 2586 310 2616 A
324 2585 365 2618 b‘.
509 2589 603 2632 [loci]
625 2591 662 2622 Ρ.
682 2592 736 2624 80.
898 2592 937 2623 15
956 2593 1156 2633 perteniptis
1178 2591 1304 2623 nostris
1323 2591 1394 2623 AB
1412 2591 1456 2625 C,
1479 2596 1684 2633 pertempta-

201 2635 244 2667 tis
263 2637 387 2669 nostris
405 2649 474 2672 sec.
494 2650 541 2673 m.
561 2642 605 2673 A.
773 2642 812 2675 1ss
832 2647 1062 2685 perruperunt
1082 2644 1142 2684 (B)
1156 2654 1173 2674 e
1194 2642 1347 2681 ‘ceteri’,
1370 2647 1597 2684 proruperunt
1617 2642 1679 2673 bn.

344 2688 383 2721 17
402 2690 546 2732 Quintus
563 2694 614 2733 B,
637 2692 677 2735 Q.
696 2704 732 2725 n.
896 2693 1083 2736 Laberius]
1103 2694 1277 2726 Labienus
1299 2694 1380 2725 lude
1401 2694 1559 2726 Orosius.
1580 2693 1620 2724 P.
1642 2693 1683 2723 44

201 2743 294 2771 extr.
439 2743 478 2774 18
497 2744 658 2777 immissis
680 2746 799 2777 bede.
943 2746 981 2779 19
1002 2746 1247 2778 dimicarentur
1264 2746 1308 2778 A.
1436 2747 1478 2779 20
1498 2742 1681 2784 armorum]

201 2795 396 2823 armaturae
417 2792 531 2826 bede.
678 2797 720 2829 23
739 2798 869 2840 proelio
889 2798 1061 2839 ABCD,
1083 2809 1151 2831 om.
1172 2809 1192 2829 a
1208 2798 1328 2830 bede.
1491 2798 1535 2828 ‘24
1554 2797 1594 2827 ab
1614 2806 1681 2828 ‘11²‘-

203 2843 259 2873 be.
403 2843 444 2875 25
465 2844 651 2877 desilerent
669 2847 710 2878 B.
