1835 3240
101 885 141 917 10

100 1226 141 1258 15

96 1565 138 1597 ‘20

96 1904 137 1937 25

97 2244 137 2276 30

555 126 580 209 sp
602 152 787 197 COMM.
812 153 832 195 1
853 152 976 196 CAP.
1003 153 1203 195 *ie-21.
1653 158 1734 202 503

180 271 227 311 ad
248 282 335 310 eum
357 268 468 308 uenit
489 267 753 321 cohortesque
783 283 835 309 ex
864 268 978 308 nouis
1001 266 1153 308 Galliae
1187 267 1400 309 delectibus
1422 278 1519 311 xxti
1552 274 1658 326 equi-

182 346 316 389 tesque
347 335 393 375 ab
424 349 519 389 rege
548 335 703 377 Norico
735 336 896 377 circiter
916 343 1012 376 CCC.
1057 334 1234 388 Quorum
1258 337 1430 376 aduentu
1453 338 1573 379 altera
1597 356 1661 382 ca-

179 412 261 445 stra
283 404 330 443 ad
353 404 514 444 alteram
538 405 664 458 oppidi
685 412 833 458 partem
856 405 990 458 ponit:
1024 405 1082 444 bis
1106 405 1247 444 castris
1271 401 1484 444 Curionem
1508 409 1661 459 praefe—

181 472 248 512 cit.
293 470 472 525 Reliquis
505 473 641 513 diebus
673 473 851 526 oppidum
882 473 987 512 uallo
1021 473 1271 525 castellisque
1293 472 1579 513 circumuenire
1601 475 1659 514 in-
1681 475 1707 515 6

181 540 323 581 stituit.
376 538 498 581 Cuius
532 542 661 594 operis
693 541 864 580 maxima
897 548 1005 593 parte
1035 540 1174 580 effecta
1206 541 1341 580 eodem
1375 542 1455 581 fere
1489 548 1663 594 tempore

176 608 286 648 missi
309 622 331 648 a
353 606 539 660 Pompeio
561 615 833 649 reuertuntur.
868 606 1039 648 Litteris
1063 608 1246 662 perlectis
1263 607 1457 649 Domitius
1481 609 1662 649 dissimu-
1684 610 1736 654 19

174 676 261 716 lans
284 676 324 715 in
346 676 513 716 concilio
536 676 765 729 pronuntiat
786 674 1018 729 Pompeium
1051 676 1236 716 celeriter
1257 676 1430 717 subsidio
1454 684 1662 717 uenturum

176 743 435 799 hortaturque
458 757 540 792 eos,
566 757 616 784 ne
638 744 767 783 animo
791 744 974 784 deficiant
995 758 1171 797 quaeque
1193 746 1281 784 usui
1305 746 1352 786 ad
1375 745 1660 786 defendendum

176 812 355 865 oppidum
378 812 456 852 sint
479 818 633 865 parent.
666 810 754 866 Ipse
777 826 920 852 arcano
936 827 1022 852 cum
1045 813 1178 865 paucis
1202 813 1456 853 familiaribus
1478 813 1560 853 suis
1583 813 1661 853 col-

174 879 347 932 loquitur
368 881 650 933 consiliumque
674 881 788 934 fugae
811 894 953 934 capere
975 880 1191 920 constituit.
1250 878 1347 920 Cum
1371 881 1504 921 uultus
1528 881 1662 921 Domi-

176 948 218 988 tii
242 963 327 988 cum
341 949 520 989 oratione
543 962 621 988 non
645 949 890 989 consentiret
912 956 1027 1002 atque
1041 949 1443 1001 omniatrepidantius
1468 949 1662 989 timidius·

173 1029 247 1071 que
269 1023 421 1070 ageret,
447 1029 558 1068 quam
583 1017 850 1069 superioribus
875 1017 1008 1057 diebus
1033 1023 1287 1066 consuesset,
1313 1017 1552 1070 multumque
1574 1031 1661 1056 cum

172 1084 254 1124 suis
277 1084 510 1124 consiliandi
532 1098 650 1124 causa
664 1092 819 1125 secreto
834 1092 991 1138 praeter
1010 1085 1331 1124 consuetudinem
1354 1084 1659 1137 colloqueretur,

173 1152 339 1193 concilia
362 1158 658 1206 conuentusque
681 1153 878 1193 bominum
904 1155 1081 1206 fugeret,
1116 1166 1180 1192 res
1212 1152 1356 1192 diutius
1381 1152 1459 1206 tegi
1482 1152 1663 1191 dissimu-

174 1219 325 1273 larique
347 1235 425 1261 non
448 1221 587 1275 potuit.
613 1220 825 1275 Pompeius
849 1221 950 1262 enim
973 1220 1259 1273 rescripserat:
1285 1234 1375 1260 sese
1398 1234 1481 1260 rem
1503 1220 1661 1259 insum·
1685 1218 1709 1259 3

174 1301 276 1327 mum
299 1289 514 1342 periculum
537 1289 791 1329 deducturum
815 1303 891 1329 non
916 1303 1004 1330 esse
1020 1319 1029 1337 ,
1064 1301 1190 1341 neque
1219 1302 1289 1328 suo
1317 1288 1481 1328 consilio
1504 1294 1571 1327 aut
1593 1301 1662 1327 uo-

174 1356 325 1395 luntate
348 1355 561 1396 Domitium
585 1371 627 1397 se
650 1357 688 1397 in
712 1357 891 1411 oppidum
915 1354 1135 1397 Corfinium
1158 1356 1398 1396 contulisse:
1424 1355 1604 1410 proinde,
1629 1355 1662 1394 si
1683 1353 1710 1395 4

175 1437 248 1475 qua
272 1424 411 1464 fuisset
433 1424 613 1472 facultas,
639 1426 684 1465 ad
707 1439 750 1465 se
774 1439 859 1464 cum
883 1425 1060 1465 omnibus
1083 1425 1205 1478 copiis
1229 1424 1398 1464 ueniret..
1439 1422 1482 1463 ld
1506 1437 1555 1463 ne
1577 1422 1661 1463 fieri

175 1499 330 1544 posset,
359 1493 561 1533 obsidione
584 1500 700 1545 atque
722 1493 849 1547 oppidi
873 1492 1239 1533 circummunitione
1261 1492 1393 1532 fiebat.
1439 1490 1654 1545 Diuulgato
1676 1490 1736 1535 20

172 1557 334 1599 Domitii
350 1561 515 1601 consilio
530 1561 691 1610 milites,
716 1562 779 1614 qui
803 1568 917 1600 erant
931 1558 1113 1610 Corfinii,
1139 1560 1260 1614 prima
1285 1560 1442 1613 uesperi
1466 1559 1661 1600 secessio-

172 1640 259 1666 nem
283 1628 431 1667 faciunt
453 1635 569 1681 atque
590 1629 643 1669 ita
666 1629 770 1669 inter
790 1643 832 1668 se
855 1642 926 1682 per
947 1629 1125 1669 tribunos
1149 1629 1310 1668 militum
1329 1628 1662 1680 centurionesque

171 1701 287 1747 atque
310 1695 610 1736 honestissimos
634 1696 692 1736 sui
727 1697 885 1751 generis
910 1696 1198 1736 conlocuntur:
1236 1696 1409 1736 obsideri
1440 1709 1482 1735 56
1514 1710 1536 1735 a
1559 1693 1662 1736 Cae-
1683 1695 1711 1736 2

170 1775 283 1812 sare,
309 1777 430 1817 opera
452 1765 771 1817 munitionesque
794 1778 912 1818 prope
936 1778 1024 1804 esse
1048 1765 1269 1817 perfectas,
1296 1764 1433 1803 ducem
1456 1777 1566 1803 suum
1583 1761 1663 1802 Do-

171 1830 319 1870 mitium
336 1862 346 1880 ,
381 1832 489 1872 cuius
513 1846 580 1886 spe
604 1840 720 1885 atque
743 1833 882 1873 fiducia
905 1832 1222 1887 permanserint,
1258 1831 1445 1885 proiectiS
1481 1830 1661 1871 omnibus

172 1899 286 1951 fugae
309 1901 516 1941 consilium
540 1915 706 1954 capere:
742 1900 884 1941 debere
915 1914 958 1941 se
990 1915 1085 1941 suae
1119 1901 1258 1941 salutis
1281 1900 1474 1940 rationem
1499 1899 1658 1939 habere.

172 1966 234 2005 Ab
266 1967 325 2007 his
355 1968 478 2021 primo
510 1967 637 2008 Marsi
671 1969 881 2009 dissentire
911 1969 1106 2022 incipiunt
1138 1982 1301 2021 eamque
1330 1968 1460 2023 oppidi
1493 1974 1658 2021 partem,
1684 1965 1709 2007 3

175 2048 274 2087 quae
297 2036 556 2076 munitissima
580 2037 797 2086 uideretur,
824 2044 1032 2091 occupant,
1059 2044 1245 2089 tantaque
1267 2037 1451 2076 intereos
1465 2035 1660 2075 dissensio
1682 2035 1709 2075 4

172 2103 324 2153 existit,
351 2111 393 2144 ut
414 2118 570 2144 manum
594 2119 807 2145 conserere
830 2112 947 2159 atque
969 2106 1088 2145 armis
1112 2105 1298 2145 dimicare
1321 2111 1539 2152 conentur3
1575 2109 1663 2156 post

172 2171 285 2224 paulo
309 2178 438 2212 tamen
461 2173 716 2213 internuntiis
740 2173 844 2212 ultro
867 2173 1045 2226 citroque
1068 2173 1201 2213 missis
1217 2186 1314 2226 quae
1336 2171 1589 2225 ignorabant,
1615 2171 1662 2210 de

169 2236 221 2278 L.
246 2237 411 2279 Domitii
434 2241 523 2294 fuga
539 2272 549 2290 ,
587 2249 849 2295 cognoscunt.
894 2240 1032 2294 Itaque
1065 2255 1201 2281 omnes
1236 2255 1313 2280 uno
1336 2239 1502 2279 consilio
1527 2237 1661 2278 Domi·
1684 2236 1709 2278 5

171 2306 264 2347 tium
287 2308 514 2361 productum
538 2309 577 2348 in
600 2309 793 2362 publicum
809 2310 1104 2349 circumsistunt
1127 2316 1166 2348 et
1187 2308 1412 2348 custodiunt
1434 2306 1663 2361 legatosque

173 2387 225 2413 ex
256 2389 327 2415 suo
358 2390 520 2417 numero
552 2378 600 2417 ad
624 2374 840 2417 Caesarem
876 2377 1056 2417 mittunt:
1092 2390 1180 2417 sese
1213 2383 1370 2429 paratos
1405 2389 1493 2415 esse
1527 2381 1661 2428 portas

173 2442 326 2494 aperire
356 2458 530 2498 quaeque
561 2445 818 2498 imperauerit
850 2445 980 2485 facere
1014 2451 1053 2484 et
1073 2443 1124 2484 L.
1161 2443 1377 2484 Domitium
1411 2443 1543 2482 uiuum
1578 2442 1662 2482 cius

173 2512 357 2561 potestati
381 2513 551 2553 tradere.
589 2510 740 2565 Quibus
764 2512 885 2552 rebus
910 2512 1078 2566 cognitis
1095 2510 1264 2562 Caesar,
1291 2511 1362 2552 etsi
1387 2510 1519 2564 magni
1540 2510 1664 2550 iuter-
1685 2509 1734 2552 21

1682 813 1711 854 Μ

318 2602 328 2633 1
354 2602 535 2634 dilectibus
555 2614 575 2634 α
589 2605 618 2635 b.
831 2604 848 2635 6
870 2615 886 2635 a
905 2603 1062 2646 Pompeio
1083 2614 1102 2634 a
1118 2604 1134 2635 b
1148 2603 1188 2643 d,
1211 2604 1250 2634 ad
1272 2602 1463 2644 Pompeium
1482 2612 1515 2632 u.

175 2651 192 2683 7
212 2653 357 2684 concilio
378 2654 474 2686 ‘mss.
493 2655 680 2697 plerique',
703 2655 847 2687 consilio
868 2667 887 2687 ιι
907 2668 940 2688 u.
1106 2656 1124 2688 9
1144 2657 1213 2688 sint
1230 2667 1301 2688 om.
1324 2656 1354 2687 b.
1534 2663 1659 2685 arcano

176 2704 192 2735 b
207 2704 269 2744 cd,
290 2706 437 2737 archano
456 2717 490 2738 a.
654 2708 726 2740 suis
746 2719 813 2740 om.
835 2709 870 2740 sl.
1053 2709 1091 2741 ts
1112 2708 1239 2741 fuisset
1258 2708 1406 2739 facultas
1425 2717 1444 2738 a
1458 2707 1489 2746 b,
1512 2706 1659 2737 facultas

176 2754 299 2787 suisset
315 2766 351 2788 u.
491 2757 534 2791 20
551 2758 678 2790 milites
698 2761 765 2790 int.
788 2769 881 2790 uers.
904 2759 933 2790 b.
1075 2759 1115 2793 21
1131 2758 1303 2790 tribunum
1322 2769 1342 2789 a
1356 2758 1386 2788 b.
1526 2756 1570 2790 22
1582 2766 1661 2787 con-

174 2806 336 2838 locuntur
354 2817 388 2838 a·
572 2809 616 2843 28
635 2809 772 2851 (existit
791 2809 827 2850 a)
848 2809 984 2841 exstitit
1003 2809 1066 2850 (b).
1263 2809 1305 2842 30
1324 2807 1462 2840 Domitii
1480 2816 1526 2838 m.
1543 2815 1602 2847 pr.
1622 2815 1656 2837 α.

317 2857 357 2889 33
378 2858 448 2890 eius
467 2859 628 2900 potestati
647 2870 667 2891 α
681 2861 698 2892 b
712 2860 744 2901 d,
767 2860 799 2892 in
819 2861 892 2892 eius
912 2865 1118 2903 potestatem
1138 2871 1172 2892 u.
