1835 3240
107 574 123 604 ἰῖῑ

83 910 122 942 10

84 1249 123 1280 15

572 180 755 222 COMM.
782 180 837 221 111
862 178 982 221 CAP.
1005 178 1204 220 46—49.
1629 180 1711 223 589

154 295 365 337 obsidionis
390 295 484 334 haec
507 295 589 334 sere
612 308 700 334 esse
731 294 963 343 consueuit,
998 300 1041 333 ut
1073 293 1269 332 frumento
1302 290 1435 330 hostes
1457 294 1637 344 prohihe-

154 371 256 404 1*ent.
300 362 354 401 At
383 369 463 401 tum
498 362 672 414 integras
704 370 820 414 atque
854 362 1068 402 incolumes
1102 359 1235 413 copias
1265 356 1417 398 Caesar
1449 359 1635 401 inferiore

151 431 311 470 militum
336 444 498 469 numero
523 429 764 478 continebat,
791 443 878 468 cum
901 429 955 469 illi
978 428 1148 468 omnium
1172 441 1305 467 rerum
1329 425 1437 478 copia
1463 426 1635 466 abunda-

151 505 263 538 rent:
298 498 440 537 cotidie
464 497 565 537 enim
590 511 753 549 magnus
778 497 945 548 undique
968 496 1126 536 nauium
1151 507 1336 535 numerus
1360 493 1633 544 conueniebat,
1659 495 1685 535 4

157 579 254 618 quae
277 573 532 605 commeatum
557 565 858 617 subportarent,
892 576 1016 616 neque
1045 564 1146 603 ullus
1177 562 1269 602 flare
1300 568 1443 601 uentus
1466 568 1636 615 poterat,

153 633 245 685 quin
268 633 395 685 aliqua
419 647 470 672 ex
492 639 600 685 parte
622 632 834 671 seeundum
861 645 1016 670 cursum
1040 631 1244 670 haberent.
1284 627 1373 682 Ipse
1395 635 1524 669 autem
1548 643 1640 669 con·
1662 627 1686 668 5

153 701 315 754 sumptis
340 700 519 740 omnibus
543 701 660 752 longe
682 699 837 751 lateque
862 698 1066 738 frumentis
1089 697 1249 737 summis
1273 704 1357 737 erat
1375 696 1414 736 in
1427 697 1636 750 angustiis.

158 766 237 808 Sed
263 776 391 808 tamen
415 767 510 807 haec
532 767 723 820 singulari
747 766 935 820 patientia
958 765 1101 805 milites
1125 765 1320 805 ferebant.
1361 763 1640 804 Recordaban-
1661 763 1688 804 6

156 843 218 875 tur
240 836 342 876 enim
365 835 499 875 eadem
522 848 564 875 se
586 835 789 888 superiore
813 848 915 874 anno
938 833 977 873 in
1002 832 1191 886 Hispania
1217 846 1423 886 perpessos
1445 833 1581 873 labore
1604 839 1643 873 et

155 903 340 956 patientia
355 903 567 942 maximum
590 903 730 943 bellum
755 902 992 951 confecisse,
1017 900 1280 940 meminerant
1302 900 1349 939 ad
1363 900 1538 940 Alesiam
1561 915 1642 941 ma-

156 985 271 1024 gnam
294 985 337 1011 se
359 971 526 1024 inopiam
559 984 797 1024 perpessos⁷
832 970 953 1009 multo
987 968 1104 1007 etiam
1136 967 1321 1007 maiorem
1356 968 1401 1007 ad
1424 968 1641 1009 Auaricum

156 1039 414 1078 maximarum
438 1038 610 1090 gentium
637 1038 808 1077 uictores
831 1036 1079 1076 discessisse.
1142 1033 1252 1084 Non,
1276 1035 1352 1074 illis
1375 1037 1533 1076 ordeum
1558 1051 1641 1076 cum
1664 1035 1690 1075 7

156 1106 318 1146 daretur
333 1136 342 1154 ‚
376 1120 453 1145 non
477 1105 674 1159 legumina
697 1104 958 1154 recusabant3
985 1116 1101 1156 pecus
1124 1116 1221 1142 uero
1236 1133 1246 1151 ‚
1283 1102 1391 1142 cuius
1414 1103 1472 1142 rei
1495 1117 1643 1143 summa

158 1181 244 1213 erat
266 1187 318 1213 ex
339 1171 461 1226 Epiro
485 1174 613 1227 eopia,
638 1186 779 1226 magno
803 1172 842 1212 in
867 1172 1015 1211 honore
1039 1171 1248 1210 habebant.
1279 1168 1356 1209 Est
1378 1170 1492 1210 etiam
1515 1184 1639 1224 genus
1661 1170 1720 1215 48

157 1241 300 1281 radicis
324 1242 525 1281 inuentum
548 1240 594 1280 ab
617 1241 665 1280 iis
683 1272 692 1289 ,
727 1241 790 1293 qui
815 1241 971 1280 fuerant
990 1240 1019 1291 †
1042 1238 1236 1278 ualeribus
1253 1269 1263 1288 ,
1298 1238 1397 1291 quod
1430 1238 1646 1292 appellatur

160 1309 293 1358 chara,
320 1309 419 1362 quod
443 1309 655 1348 admixtum
681 1309 780 1348 lacte
803 1309 964 1347 multum
988 1306 1155 1360 inopiam
1180 1306 1350 1346 leuabat.
1403 1304 1444 1345 ld
1467 1306 1514 1345 ad
1537 1305 1645 1346 simi-

159 1377 359 1416 litudinem
383 1376 493 1430 panis
518 1376 747 1416 efficiebant.
794 1375 892 1415 Eius
915 1383 1000 1415 erat
1023 1388 1166 1427 magna
1189 1374 1314 1427 copia.
1369 1372 1435 1413 Ex
1457 1374 1529 1413 hoc
1553 1373 1645 1413 effe-
1667 1373 1694 1413 2

160 1451 243 1483 ctos
267 1458 403 1498 panes,
429 1459 514 1483 cum
537 1445 577 1484 in
598 1444 801 1498 colloquiis
814 1442 1044 1497 Pompeiani
1068 1444 1205 1482 famem
1221 1441 1367 1481 nostris
1382 1441 1642 1491 obiectarem,

161 1513 279 1566 uulgo
302 1513 341 1552 in
365 1526 432 1552 eos
455 1512 675 1562 iaciebant,
712 1519 753 1552 ut
783 1526 890 1565 spem
922 1525 1057 1552 eorum
1090 1510 1326 1550 minuerent.
1380 1507 1540 1562 Iamque
1562 1509 1641 1548 fru-
1663 1508 1721 1554 49

159 1587 291 1620 menta
314 1588 583 1621 maturescere
604 1580 871 1634 incipiebant,
896 1587 1013 1632 atque
1036 1579 1119 1632 ipsa
1142 1591 1232 1631 spes
1254 1577 1427 1631 inopiam
1449 1584 1648 1617 sustenta-

160 1648 247 1697 bat,
286 1648 385 1701 qnod
419 1648 603 1688 celeriter
634 1661 676 1688 se
706 1648 908 1688 habituros
931 1647 1078 1701 copiam
1102 1644 1374 1695 confidebant3
1410 1645 1649 1698 crebraeque
1669 1645 1697 1687 2

161 1728 280 1755 uoces
305 1716 468 1755 militum
490 1716 530 1755 in
554 1716 698 1770 uigiliis
722 1715 1003 1768 colloquiisque
1026 1713 1314 1763 audiebantur,
1349 1713 1455 1766 prius
1487 1727 1530 1754 se
1562 1727 1650 1753 cor-

161 1784 236 1823 tice
259 1797 311 1823 ex
332 1784 539 1824 arboribus
565 1784 754 1833 uicturos,
782 1797 896 1836 quam
910 1782 1138 1836 Pompeium
1154 1795 1174 1822 e
1197 1780 1374 1821 manibus
1398 1781 1646 1821 dimissuros.

161 1850 357 1891 Libenter
387 1852 502 1891 etiam
535 1866 585 1891 ex
614 1851 790 1905 perfugis
824 1850 1118 1904 cognoscebant
1149 1862 1270 1901 equos
1302 1862 1435 1888 eorum
1471 1848 1648 1898 tolerari,
1672 1847 1697 1888 3

115 1927 128 1933 ”
162 1920 313 1972 reliqua
346 1933 440 1959 uero
471 1919 643 1959 iumenta
672 1919 882 1969 iute1¹isse3
926 1918 980 1958 uti
1012 1925 1140 1958 autem
1174 1917 1280 1971 ipsos
1316 1916 1541 1957 ualetudine
1573 1930 1653 1956 non

167 1986 270 2026 bona
293 2001 376 2025 cum
401 1987 594 2040 angustiis
618 1987 693 2027 loci
717 1994 756 2026 et
778 1987 896 2026 odore
919 1993 1046 2026 taetro
1069 1999 1121 2025 ex
1144 1984 1391 2024 multitudine
1414 1984 1653 2024 cadauerum

165 2061 203 2092 et
225 2054 431 2095 cotidianis
464 2054 663 2095 laboribus
694 2055 872 2094 insuetos
904 2067 1063 2107 operum
1097 2059 1177 2092 tum
1204 2066 1326 2105 aquae
1349 2066 1500 2092 summa
1520 2052 1653 2106 inopia

166 2122 356 2162 adfectos.
402 2121 546 2163 Omnia
579 2123 679 2163 enim
713 2122 872 2162 flumina
903 2129 1017 2174 atque
1041 2134 1177 2160 omnes
1199 2120 1331 2169 riuos,
1366 2119 1429 2172 qui
1463 2119 1510 2159 ad
1543 2133 1652 2160 mare
1675 2119 1701 2160 4

166 2190 436 2243 pertinebant,
474 2188 627 2232 Caesar
657 2197 725 2231 aut
747 2196 947 2230 auerterat
970 2195 1036 2229 aut
1057 2188 1211 2242 magnis
1235 2187 1419 2242 operibus
1443 2187 1653 2228 obstruxe-

312 2312 323 2344 1
347 2313 570 2354 prohiberent
588 2323 607 2344 α
622 2313 639 2344 b
652 2324 680 2353 e,
702 2312 948 2355 prohibeantur
965 2321 999 2342 u.
1144 2310 1163 2342 2
1177 2313 1245 2340 tum
1259 2319 1279 2341 a
1292 2309 1321 2349 b,
1343 2314 1460 2341 contra
1473 2319 1507 2340 u.

168 2361 309 2394 Caesari
327 2373 361 2394 α.
526 2364 708 2395 inferiores
727 2374 748 2395 α
761 2364 779 2394 b
797 2366 832 2394 et
846 2362 907 2393 z‘lle
926 2364 1035 2393 etiam
1052 2360 1179 2392 milites
1198 2364 1281 2392 ante
1301 2370 1393 2392 corr.
1559 2359 1577 2392 3
1598 2360 1656 2392 lia-

169 2413 360 2445 bundarent
377 2425 411 2445 α.
552 2417 569 2446 5
589 2419 814 2446 cummeatum
833 2423 866 2444 0.
1009 2412 1252 2454 subportarent
1269 2422 1304 2443 α.
1452 2411 1470 2443 6
1490 2411 1656 2442 haberent

171 2467 188 2497 b
208 2470 241 2498 et
258 2477 347 2499 unus
366 2468 452 2508 det„
473 2468 616 2499 haberet
634 2468 779 2508 reliqui.
991 2465 1008 2497 7
1029 2463 1181 2505 summis]
1203 2464 1384 2496 submissis
1403 2467 1486 2495 ante
1505 2473 1598 2495 corr.
1618 2474 1652 2495 a.

312 2518 331 2549 9
351 2520 492 2550 eandem
512 2530 545 2551 α.
690 2518 865 2562 Hyspania
883 2528 917 2549 a.
1082 2517 1125 2551 12
1142 2516 1363 2548 maximarum
1382 2517 1566 2557 Davisius,
1587 2526 1656 2549 ma-

170 2569 334 2601 ximarum
354 2581 388 2602 se
408 2571 508 2603 codd.
765 2572 904 2602 ordeum
923 2580 943 2601 a
965 2570 1060 2600 ‘mss
1081 2567 1223 2607 o‘mnes',
1246 2568 1409 2600 hordeum
1428 2578 1464 2600 u.

175 2622 213 2654 14
232 2622 347 2663 etiam]
367 2630 476 2653 autem
496 2633 530 2654 α.
673 2623 712 2655 15
733 2622 773 2653 ab
792 2623 844 2653 his
864 2632 897 2653 a.
1040 2619 1216 2651 ualeribus
1236 2630 1255 2650 α
1271 2620 1288 2650 b
1302 2620 1363 2660 cd,
1386 2630 1458 2651 curn
1469 2619 1607 2653 Valerio
1621 2631 1654 2652 u.

171 2672 212 2703 P.
237 2673 311 2705 172.
456 2673 494 2705 16
514 2674 708 2717 admyxtum
728 2684 761 2705 a.
905 2673 985 2704 lacti
1009 2673 1040 2704 b.
1184 2672 1223 2704 17
1246 2672 1386 2704 affectos
1405 2676 1488 2703 ante
1508 2681 1598 2703 corr.
1619 2683 1652 2703 a.

314 2723 356 2755 20
375 2723 489 2764 inopia
508 2726 748 2756 sustentabant
767 2727 993 2766 cumpuncta
1011 2724 1074 2754 snb
1094 2723 1207 2754 altero
1227 2734 1246 2754 n
1265 2733 1298 2754 α.
1396 2724 1439 2756 24
1450 2723 1602 2765 profugis
1623 2725 1652 2754 b.

316 2784 373 2804 eos
393 2775 424 2804 1).
567 2775 708 2806 tolerari
727 2775 844 2812 codd„
864 2774 921 2805 uix
942 2773 1084 2805 tolerari
1102 2774 1144 2805 P.
1164 2773 1354 2804 Manutius
1368 2784 1399 2804 ιι.
1542 2774 1656 2807 25113-

174 2826 316 2856 litudine
336 2836 370 2857 a.
517 2826 560 2858 26
581 2826 667 2858 bona
685 2845 726 2850 —-
746 2827 962 2858 multitudine
981 2837 1048 2858 om.
1070 2836 1102 2866 a,
1125 2827 1198 2857 nisi
1209 2828 1398 2867 praeterea
1422 2823 1494 2865 (25)
1516 2835 1578 2856 non
1597 2826 1657 2857 ab·

175 2889 247 2909 csse
269 2878 598 2921 Beyerlc'amsugit.
739 2879 783 2913 28
803 2879 842 2909 ad
852 2877 960 2909 sectos
979 2888 1012 2909 α.
