1835 3240
688 221 801 228 ..,-
861 196 1084 238 37-—

150 320 364 361 memorat,
399 309 585 352 Caesaris
615 309 738 350 uerba
771 311 963 360 afferunt,
998 317 1038 349 et
1067 309 1305 350 Vincentius
1336 309 1632 359 Bellouacensis

150 396 257 435 spec.
290 380 381 420 hist.
409 375 489 428 VI,
520 377 548 418 2
580 392 616 431 p.
644 377 724 417 173
748 378 808 418 ed.
834 377 958 418 Duae.
995 391 1048 417 ex
1080 377 1260 417 omnibus
1283 384 1572 423 commentariis
1596 393 1636 425 et

149 449 225 489 alia
248 455 287 488 et
308 446 528 487 sententias
550 446 734 498 quasdam
765 446 910 499 posuit.
963 444 1071 485 Haec
1092 445 1158 485 ille
1180 451 1222 484 ut
1243 445 1408 485 aliorum
1432 457 1633 491 auctorum

149 530 226 557 non
251 529 303 555 ex
324 515 496 568 ipsorum
520 514 677 566 scriptis
700 513 861 566 petiuit,
887 512 955 552 sed
977 526 1030 551 ex
1052 512 1253 565 excerptis
1277 512 1506 565 quibusdam
1529 517 1568 556 in
1591 518 1637 557 li-

148 583 240 623 hros
263 596 286 621 a
309 582 544 635 scriptorum
568 580 842 620 distributione
866 580 1045 619 diuersos
1069 579 1300 632 dispertitis.
1344 579 1637 636 Excerptorum

150 648 484 690 Caesarianorum
526 648 697 702 quinque
729 648 818 687 libri
861 653 1221 687 commemorantur
1236 677 1245 694 ‚
1286 662 1452 702 quorum
1489 651 1637 704 primus

150 717 452 757 commentarios
476 717 522 756 de
544 716 582 756 b.
610 715 734 765 Gatt,
760 715 952 755 secundus
974 715 1049 755 duo
1071 715 1223 769 priores
1247 716 1293 755 de
1311 715 1347 756 b.
1373 716 1470 767 ciu.‚
1497 719 1638 759 tertius

149 786 308 826 tertium
332 786 378 825 de
398 785 436 824 b.
462 784 541 824 eiu.
558 815 569 834 ,
594 790 755 836 quartus
778 782 920 823 bellum
943 783 1285 831 Alexandrinum,
1310 783 1467 836 quintus
1489 786 1639 839 reliqua

107 889 112 894 .
149 853 307 893 uidetur
351 851 710 905 comprehendisse.
773 849 818 890 In
863 851 996 891 eodem
1047 864 1182 890 errore
1217 848 1474 892 Pctrarcham
1516 854 1639 895 fuisse

149 919 416 961 Schneiderus
440 927 494 967 et,
518 934 602 960 cum
627 919 831 960 historiam
853 915 1041 958 Caesaris
1065 918 1098 958 ei
1122 917 1358 968 uindicaret,
1384 926 1424 958 et
1445 920 1485 959 in
1507 920 1639 961 libello

148 989 194 1028 de
216 988 437 1042 indagando
461 987 550 1028 belli
568 986 845 1041 Hispaniensis
868 986 1062 1040 scriptore
1084 1001 1119 1040 p.
1142 985 1168 1026 6
1191 986 1487 1027 demonstrauit.
1530 987 1640 1029 Haec

147 1056 279 1109 opinio
302 1056 403 1095 unde
426 1051 618 1109 originem
642 1056 774 1104 ducat,
800 1054 955 1094 codices
978 1053 1105 1094 nostri
1128 1053 1285 1093 docent.

261 1122 367 1163 Nam
391 1137 532 1176 corpus
555 1122 928 1162 commentariorum
959 1121 1006 1162 de
1035 1121 1154 1161 rebus
1185 1121 1310 1175 gestis
1341 1119 1390 1162 C.
1416 1120 1505 1163 Iutii
1537 1120 1640 1165 Cae-

148 1191 251 1232 saris
275 1191 321 1230 ad
345 1204 415 1230 nos
439 1197 693 1244 propagatum
718 1197 779 1230 est
811 1189 960 1229 duobus
993 1189 1169 1228 codicum
1201 1189 1441 1243 generibus,
1476 1206 1640 1244 quorum
1675 1206 1677 1209 ’

149 1261 315 1300 alterum
346 1258 526 1311 idemque
557 1258 825 1311 praestantius
849 1264 937 1297 octo
961 1263 1109 1297 tautum
1133 1259 1438 1298 commentarios
1470 1259 1516 1299 de
1538 1260 1641 1300 bello

150 1325 303 1367 Gallico
319 1358 328 1376 ‚
363 1326 529 1366 alterum
554 1340 689 1365 omnes
712 1325 903 1366 seruauit.
948 1323 1043 1365 Illos
1065 1324 1243 1379 integros
1267 1327 1330 1366 uel
1351 1327 1518 1380 optimos
1535 1358 1546 1378 ,
1571 1328 1641 1368 hos

150 1394 409 1446 interpolatos
432 1393 726 1446 appellabimus.
783 1393 849 1433 Ex
872 1386 1326 1447 priorffgenere'cffssati
1348 1388 1643 1449 s'uni‘Bon'gar-

615 1458 684 1467 .....

151 1462 286 1502 siauus
311 1452 884 1513 prii'iiiissPa'rismus‘primus,
906 1459 1130 1500 Vossianus
1148 1461 1313 1513 primus,
1337 1460 1640 1516 EgniondanuS‚
1660 1461 1662 1464 ’

151 1528 481 1570 Vratislauiensis
505 1528 651 1581 primus
667 1558 677 1577 ‚
715 1542 765 1567 ex
789 1528 915 1568 altero
938 1525 1144 1567 Parisinus
1166 1529 1390 1576 secundus,
1418 1527 1644 1584 Scaligera-

151 1611 242 1645 nus,
269 1594 525 1642 Ct1iffleianus,
550 1594 762 1635 Leidensis
785 1595 949 1647 primus,
975 1594 1219 1636 Hauniensis
1242 1597 1413 1650 primus,
1438 1597 1644 1638 Vindobo-

151 1664 285 1704 nensis
309 1663 471 1717 primus.
515 1661 621 1702 Nam
653 1662 793 1714 reliqui
825 1676 961 1702 omnes
983 1677 1126 1717 magno
1148 1677 1312 1704 numero
1336 1679 1407 1704 cnr
1428 1665 1645 1706 testimonii

150 1733 264 1772 fidem
287 1746 364 1771 nou
388 1731 577 1779 afferant,
613 1736 750 1783 postea
775 1730 914 1769 dicam.
961 1728 1007 1770 In
1031 1731 1212 1771 omnibus
1236 1745 1328 1772 uero
1352 1732 1550 1773 codicibus
1574 1747 1645 1773 ex-

150 1807 275 1840 trema
299 1813 388 1853 par-s
410 1798 500 1838 libri
520 1796 623 1839 VIII
646 1797 692 1837 de
714 1797 816 1838 bello
839 1797 994 1838 Gallico
1016 1798 1158 1852 periit,
1193 1799 1233 1838 in
1254 1799 1422 1853 integris
1445 1801 1580 1854 plura,
1605 1801 1644 1842 in

150 1867 399 1920 interpolatis
423 1880 476 1906 ex
496 1866 608 1906 libris
631 1866 677 1905 de
701 1865 801 1905 bello
825 1864 979 1906 Gallico
1002 1866 1098 1907 nihil
1121 1874 1352 1920 praeterea,
1384 1867 1425 1907 in
1456 1868 1566 1909 libris
1599 1869 1646 1909 de

151 1935 254 1975 bello
277 1934 384 1974 ciuili
408 1934 509 1974 haud
532 1948 671 1987 pauca.
727 1931 911 1987 Integrae
943 1941 1074 1974 autem
1107 1935 1278 1975 familiae
1300 1935 1457 1977 codices
1481 1937 1645 1977 duorum

152 2002 352 2042 hominum
374 2002 531 2041 nomina
554 2001 666 2041 nobis
689 2002 962 2054 prodiderunt,
989 2015 1012 2041 a
1035 2002 1176 2057 quibus
1200 2003 1237 2042 hi
1261 2005 1531 2045 commentarii
1554 2011 1646 2045 sunt

151 2070 353 2112 recensiti.
398 2068 501 2110 Nam
534 2069 581 2108 ad
612 2070 757 2109 calcem
787 2069 876 2110 libri
909 2070 1072 2110 secundi
1103 2071 1143 2111 iu
1175 2071 1224 2111 iis
1247 2072 1447 2112 codicibus
1471 2073 1569 2112 haec
1590 2074 1645 2113 lc-

152 2145 320 2192 guntur:
368 2136 506 2178 ‘Iulius
529 2135 674 2177 Celsus
698 2135 990 2178 Constantinus
1014 2137 1067 2179 V.
1103 2136 1153 2180 C.
1187 2139 1281 2193 legi.
1326 2138 1491 2180 Flauius
1526 2139 1646 2181 Lice-

151 2207 235 2248 rius
258 2205 457 2246 Firminus
481 2204 701 2258 Lupicinus
724 2206 838 2259 legi'.
882 2204 1032 2246 Eadem
1062 2206 1117 2246 ibi
1138 2207 1179 2247 in
1201 2205 1461 2261 Scaligerano
1483 2208 1647 2249 inuenta

153 2275 335 2315 dicuutur
366 2282 404 2315 et
436 2274 476 2314 in
500 2274 659 2314 Andino
691 2281 808 2330 atque
843 2272 1094 2324 Oxoniensi‚
1130 2275 1176 2315 de
1198 2276 1338 2330 quibus
1366 2276 1469 2316 infra
1492 2276 1642 2317 dicam:

154 2356 205 2383 ex
227 2343 390 2396 reliquis
413 2342 661 2396 interpolatis
684 2342 723 2382 in
745 2342 853 2382 nullo
875 2349 1035 2396 reperta
1056 2350 1162 2382 suut.
1204 2340 1339 2395 Quare
1362 2343 1510 2394 dubito,
1535 2358 1585 2384 an
1607 2344 1647 2385 iu

154 2411 225 2451 hos
249 2412 406 2451 codices
429 2425 507 2450 non
531 2424 579 2450 ex
605 2410 849 2463 exemplari,
884 2411 986 2451 unde
1020 2411 1207 2464 descripti
1230 2419 1346 2460 sunt,
1380 2412 1449 2452 sed
1473 2426 1523 2452 ex
1546 2412 1647 2452 inte-

153 2493 224 2533 gro
247 2479 376 2531 aliquo
400 2478 592 2518 translata
615 2477 695 2517 siut
710 2509 719 2527 ‚
754 2477 789 2516 id
813 2478 913 2530 quod
937 2479 982 2519 de
1005 2478 1268 2519 deterioribus
1291 2479 1519 2531 quibusdam
1543 2480 1649 2521 eodi-

156 2547 281 2597 cibus,
307 2562 404 2600 quos
427 2561 479 2587 ex
501 2554 667 2598 utroque
690 2559 838 2599 genere
862 2545 1008 2586 mixtos
1032 2546 1197 2596 docebo,
1223 2554 1373 2587 certum
1397 2554 1480 2597 est,
1515 2548 1577 2600 qui
1602 2562 1649 2588 ea

156 2615 313 2654 nomina
341 2615 458 2655 etiam
491 2614 601 2654 libris
635 2614 681 2653 de
711 2614 815 2653 bello
845 2613 950 2654 ciuili
983 2621 1022 2653 et
1052 2614 1115 2666 qui
1146 2628 1213 2654 eos
1236 2622 1458 2667 sequuntur
1479 2615 1648 2668 ascripta

159 2680 312 2722 habent.
353 2681 408 2722 Et
427 2681 557 2722 Flauii
579 2680 730 2721 Licerii
757 2680 920 2722 Firmini
943 2679 1126 2736 Lupicini
1162 2696 1304 2722 nomen
1332 2682 1373 2722 in
1405 2683 1560 2736 optimis
1584 2697 1648 2722 co-

159 2748 307 2788 dicibus
341 2749 406 2788 illo
428 2763 505 2788 uno
528 2749 614 2788 loco
637 2749 806 2801 legitur,
840 2748 930 2790 Iulii
961 2746 1071 2789 Celsi
1102 2747 1358 2790 Constantini
1388 2750 1428 2789 in
1462 2749 1646 2789 Parisino

161 2814 284 2867 primo
307 2817 483 2857 omnibus
507 2817 614 2857 libris
643 2817 908 2870 subscriptum
931 2825 1017 2867 cst,
1048 2818 1141 2858 item
1174 2825 1267 2871 puto
1300 2818 1340 2857 in
1372 2818 1531 2870 reliquis
1563 2818 1647 2857 cius

162 2881 331 2922 familiae
354 2882 552 2923 codicibus
567 2913 579 2934 ‚
613 2897 846 2938 quamquam
869 2885 916 2926 de
938 2899 984 2926 ea
1004 2899 1049 2927 re
1070 2892 1256 2927 accurate
1278 2899 1356 2925 non
1380 2891 1441 2924 cst
1462 2885 1645 2924 relatum.
