1835 3240
600 182 784 226 COMM.
809 181 868 223 Ill
890 178 1011 223 CAP.
1033 178 1089 221 96
1103 179 1232 220 -99,
1656 179 1738 222 615

184 310 315 347 monte
345 298 524 341 uniuersi
557 298 659 353 iugis
694 298 778 338 eius
801 296 983 337 Larisam
1005 306 1145 335 uersus
1168 305 1210 332 se
1233 291 1407 344 recipere
1431 302 1658 346 coeperunt.

185 371 273 424 Qua
306 382 348 409 rc
379 367 655 408 animaduersa
678 364 831 406 Caesar
859 364 990 418 copias
1023 375 1115 402 suas
1138 359 1274 400 diuisit
1294 365 1521 413 partemque
1543 362 1663 415 legio·
1685 361 1710 401 3

182 452 271 478 num
301 437 340 476 in
364 436 505 476 castris
528 433 688 488 Pompei
712 445 920 473 remanere
942 431 1084 480 iussit,
1119 435 1268 483 partem
1291 427 1329 466 in
1353 440 1423 466 sua
1448 434 1576 467 castra
1599 443 1661 468 re-

185 505 315 554 misit,
350 512 411 543 IIII
443 518 575 544 secum
600 502 776 555 legiones
798 499 912 539 duxit
935 498 1276 550 commodioreque
1296 495 1438 535 itinere
1459 492 1665 548 Pompeia-

136 582 153 613 5
187 572 246 613 nis
289 586 500 612 occurrere
531 570 660 624 coepit
689 575 726 609 et
756 580 991 622 progressus
1023 566 1127 605 milia
1161 578 1345 618 passuum
1375 568 1420 602 VI
1452 562 1573 602 aciem
1608 564 1665 602 in-

181 641 343 682 struxit.
397 638 485 692 Qua
505 653 549 679 re
571 637 846 677 animaduersa
867 633 1095 687 Pompeiani
1120 633 1159 672 in
1182 632 1345 685 quodam
1368 637 1498 671 monte
1520 630 1664 670 consti·
1686 632 1712 671 4

184 716 332 749 terunt.
378 706 494 747 Hunc
515 712 686 745 montem
711 704 854 743 flumen
876 701 1097 742 subluebat.
1144 696 1297 740 Caesar
1319 699 1460 739 milites
1483 698 1666 739 cohorta-

183 784 243 818 tus
262 807 271 825 ,
307 775 380 817 etsi
406 775 523 815 totius
546 773 621 813 diei
646 771 864 812 continenti
887 770 1021 810 labore
1044 775 1157 809 erant
1181 768 1375 817 confecti,
1408 780 1567 820 noxque
1590 767 1667 806 iam

184 844 357 893 suberat,
374 850 505 883 tamen
527 841 746 882 munitione
767 840 908 879 flumen
930 852 952 878 a
974 843 1107 877 monte
1129 835 1306 886 seclusit,
1327 849 1376 876 ne
1399 842 1516 875 noctu
1532 835 1665 888 aquari

111 920 150 953 10
182 911 413 966 Pompeiani
434 917 609 964 possent.
646 906 735 961 Quo
757 908 933 962 perfecto
957 918 1074 959 opere
1095 904 1150 944 illi
1173 904 1219 943 de
1242 903 1437 943 deditione
1460 903 1590 944 missis
1613 904 1667 943 le-
1689 902 1714 943 5

183 981 285 1035 gatis
309 992 427 1032 agere
450 984 677 1031 coeperunt.
703 974 825 1016 Pauci
848 974 994 1014 ordinis
1018 971 1223 1021 senatorii,
1246 971 1309 1024 qui
1332 985 1375 1011 se
1398 986 1482 1011 cum
1506 971 1553 1012 iis
1573 986 1666 1012 con-

181 1049 421 1095 iunxerant,
470 1052 586 1085 nocte
617 1046 709 1098 suga
749 1043 914 1083 salutem
946 1041 1186 1096 petiuerunt.
1241 1037 1395 1080 Cacsar
1425 1040 1547 1093 prima
1577 1040 1664 1081 luce
1683 1040 1743 1084 98

183 1129 319 1156 omnes
343 1127 425 1163 eos,
444 1113 508 1166 qui
529 1113 569 1153 in
591 1119 722 1152 monte
745 1111 1022 1160 consederant,
1040 1123 1092 1149 ex
1114 1107 1382 1162 superioribus
1406 1108 1503 1148 locis
1526 1108 1565 1147 in
1587 1108 1669 1161 pla·

185 1183 327 1224 niciem
358 1181 600 1222 descendere
631 1187 746 1233 atque
769 1193 877 1220 arma
901 1178 1080 1233 proicere
1102 1177 1233 1217 iussit.
1278 1174 1391 1228 Quod
1416 1175 1477 1215 ubi
1500 1176 1586 1216 sine
1608 1189 1670 1215 re·
1691 1176 1719 1217 2

114 1260 153 1292 15
187 1251 392 1292 cusatione
423 1250 601 1290 fecerunt
630 1248 833 1302 passisque
864 1246 1003 1301 palmis
1036 1244 1199 1300 proiecti
1221 1244 1269 1284 ad
1292 1251 1438 1284 terram
1463 1244 1600 1284 flentes
1623 1244 1670 1284 ab

186 1333 232 1359 eo
255 1319 419 1359 salutem
444 1317 683 1371 petiuerunt,
714 1315 938 1357 consolatus
962 1326 1202 1367 consurgere
1223 1312 1341 1353 iussit
1363 1319 1401 1353 et
1424 1326 1548 1366 pauca
1570 1313 1672 1366 apud

187 1401 255 1427 eos
278 1387 324 1426 de
346 1386 510 1426 leuitate
534 1399 605 1425 sua
627 1385 796 1435 locutus,
819 1397 892 1437 quo
915 1383 1067 1423 minore
1091 1388 1226 1422 essent
1246 1381 1403 1431 timore,
1420 1394 1555 1420 omnes
1578 1395 1672 1421 con-

187 1454 364 1495 seruauit
383 1453 653 1505 militibusque
676 1452 758 1493 suis
782 1450 1094 1500 commendauit,
1120 1463 1170 1490 ne
1193 1450 1257 1503 qui
1280 1463 1414 1490 eorum
1438 1448 1669 1498 uiolaretur,

187 1536 263 1563 neu
293 1522 381 1575 quid
414 1521 475 1561 sui
498 1521 786 1561 desiderarent.
831 1519 918 1560 Hac
940 1518 1113 1560 adhibita
1134 1517 1337 1571 diligentia
1359 1531 1411 1558 ex
1434 1517 1576 1557 castris
1599 1516 1673 1557 sibi
1695 1516 1720 1557 3

111 1598 154 1631 20
186 1590 363 1645 legiones
386 1589 484 1629 alias
508 1604 718 1630 occurrere
741 1596 781 1629 et
803 1602 886 1637 eas,
911 1601 1007 1642 quas
1031 1600 1162 1627 secum
1187 1586 1373 1636 duxerat,
1398 1586 1438 1625 in
1460 1585 1585 1625 uicem
1608 1599 1673 1625 re-

190 1659 393 1711 quiescere
415 1664 531 1711 atque
552 1658 589 1697 in
615 1664 745 1697 castra
766 1657 916 1697 reuerti
938 1656 1055 1697 iussit
1078 1655 1290 1707 eodemque
1308 1654 1369 1693 die
1384 1651 1566 1694 Larisam
1584 1666 1674 1707 per-

188 1726 314 1766 uenit.
358 1723 403 1765 In
427 1739 472 1766 eo
496 1726 646 1780 proelio
671 1740 748 1765 non
772 1725 937 1779 amplius
960 1731 1012 1764 CC
1035 1724 1178 1764 milites
1202 1722 1462 1772 desiderauit,
1494 1722 1563 1762 sed
1586 1735 1677 1761 cen·
1694 1721 1751 1766 99

188 1793 367 1834 turiones
382 1824 393 1843 ,
421 1795 542 1834 fortes
566 1795 671 1834 uiros
690 1825 699 1843 ,
726 1793 884 1833 circiter
903 1799 1006 1832 XXX
1027 1791 1170 1832 amisit.
1213 1788 1453 1830 Interfectus
1476 1797 1537 1831 est
1558 1790 1674 1830 etiam

190 1861 403 1901 fortissime
434 1875 614 1916 pugnans
651 1860 888 1910 Crastinus,
929 1861 1040 1901 cuius
1073 1859 1312 1900 mentionem
1344 1872 1460 1912 supra
1493 1858 1674 1907 fecimus,

116 1936 157 1969 25
190 1929 319 1983 gladio
348 1929 388 1968 in
420 1944 464 1970 os
496 1931 705 1970 aduersum
730 1930 925 1970 coniecto.
970 1928 1116 1981 Neque
1137 1927 1175 1968 id
1198 1927 1270 1967 fuit
1292 1927 1431 1968 falsum
1449 1958 1459 1976 ,
1490 1927 1589 1980 quod
1612 1926 1677 1967 ille
1698 1926 1725 1966 2

189 1997 230 2037 in
251 2010 419 2050 pugnam
444 1998 698 2050 proficiscens
721 1997 894 2038 dixerat.
939 1995 1006 2036 Sic
1030 1996 1130 2036 enim
1156 1992 1309 2036 Caesar
1331 1995 1602 2045 existimabat,
1629 2009 1675 2035 eo

186 2065 336 2118 proelio
360 2065 734 2106 excellentissimam
760 2065 945 2105 uirtutem
972 2060 1150 2104 Crastini
1175 2064 1313 2114 fuisse,
1339 2063 1560 2117 optimeque
1584 2076 1672 2102 eum

189 2133 234 2172 de
263 2146 305 2173 se
340 2133 522 2173 meritum
555 2133 768 2173 iudicabat.
812 2132 879 2173 Ex
902 2131 1144 2186 Pompeiano
1175 2132 1357 2173 exercitu
1390 2131 1549 2171 circiter
1568 2130 1676 2171 milia
1697 2130 1722 2171 3

189 2206 253 2241 XV
275 2200 465 2241 cecidisse
488 2200 737 2252 uidebantur,
759 2202 827 2242 sed
850 2201 889 2241 in
912 2201 1149 2241 deditionem
1172 2207 1371 2241 uenerunt
1388 2198 1553 2252 amplius
1572 2198 1678 2240 milia

115 2276 157 2309 30
187 2276 318 2310 XXIIII
341 2269 529 2322 (namque
552 2270 669 2311 etiam
692 2270 888 2320 cohortes,
911 2283 1009 2323 quae
1032 2269 1227 2324 praesidio
1249 2268 1289 2309 in
1310 2267 1485 2309 castellis
1505 2268 1675 2318 fuerant,

336 2381 349 2413 1
371 2380 460 2421 iugis
480 2379 668 2421 lVassz‘us,·
688 2381 772 2412 iuris
793 2381 927 2422 reliqui
946 2381 1037 2420 boni,
1060 2380 1152 2412 uires
1174 2381 1204 2412 b.
1383 2378 1558 2410 Larissam
1578 2378 1629 2419 (α)
1643 2389 1677 2410 u.

333 2442 370 2464 se
389 2442 457 2464 om..
478 2442 499 2463 α
512 2432 542 2463 b.
731 2433 750 2465 2
771 2442 807 2463 re
828 2442 917 2463 unus
933 2432 1018 2471 det„
1041 2442 1099 2474 spe
1118 2431 1263 2472 reliqui.
1452 2429 1471 2462 3
1492 2429 1625 2472 Pompei
1643 2441 1677 2463 a.

335 2484 355 2516 7
374 2484 573 2516 cohortatus
592 2484 811 2525 Slcplzamls,
832 2484 1029 2516 cohortatus
1049 2489 1102 2515 est
1119 2495 1139 2516 α
1155 2484 1172 2515 b
1194 2483 1303 2515 ‘mss'
1505 2482 1525 2514 8
1542 2487 1580 2514 ut
1597 2483 1625 2515 si
1645 2484 1676 2515 b.

337 2535 377 2567 10
397 2546 460 2577 quo
481 2546 501 2567 a
523 2536 619 2567 ‘mss.
640 2535 740 2575 mei',
764 2545 827 2577 quo
848 2535 913 2565 iam
931 2534 1048 2566 Aldus
1066 2544 1102 2566 u.
1245 2534 1280 2566 11
1303 2537 1534 2576 coeperanta.

195 2596 267 2617 cum
286 2586 338 2617 his
356 2597 390 2618 a.
533 2588 573 2620 12
586 2588 783 2630 petiueruut
795 2597 815 2618 α
829 2587 924 2618 ‘mss.
941 2585 983 2626 5',
1004 2586 1226 2628 petieruntu.
1368 2586 1408 2618 13
1422 2585 1597 2628 planitiem
1612 2585 1676 2627 (a).

338 2636 378 2668 15
398 2636 454 2679 ad]
468 2637 501 2668 in
517 2638 548 2670 b.
692 2638 731 2670 16
744 2637 973 2679 pctiuerunta
988 2635 1282 2678 ‘mss.plerz'qzle',
1306 2636 1481 2678 petierunt
1499 2646 1533 2667 u.

196 2697 337 2728 surgere
359 2688 390 2719 b.
562 2690 601 2722 18
620 2689 885 2732 commendauit]
907 2689 1128 2721 conserdauit
1145 2692 1228 2720 ante
1248 2698 1342 2720 corr.
1364 2699 1396 2719 a.
1564 2686 1619 2728 qui
1644 2703 1682 2708 --v

196 2738 386 2770 uiolaretur
403 2749 422 2770 α
442 2742 571 2771 etcum
590 2740 681 2772 linea
700 2751 806 2783 super
823 2752 840 2773 e
860 2741 893 2781 d,
917 2741 991 2783 quis
1010 2759 1055 2763 ——-
1071 2740 1265 2772 uiolaretur
1285 2740 1381 2771 ‘ms-s.
1402 2738 1454 2778 6³3
1473 2738 1527 2780 qui
1546 2756 1590 2760 —-
1609 2737 1679 2768 uio-

196 2789 351 2820 larentur
368 2799 404 2820 u.
547 2790 587 2822 19
607 2791 721 2823 habita
740 2793 771 2823 b.
923 2791 966 2825 20
986 2790 1146 2833 duxerat]
1167 2791 1314 2823 habebat
1334 2791 1364 2822 b.
1522 2788 1558 2822 21
1583 2787 1680 2819 Lari—

197 2851 266 2873 sam
287 2852 320 2882 α,
341 2841 512 2873 Larissam
532 2851 567 2873 u.
706 2844 751 2879 22
768 2855 805 2876 ee
824 2854 984 2886 suprasc.
1005 2849 1057 2876 tos
1076 2854 1108 2876 α.
1260 2843 1301 2877 23
1323 2852 1389 2873 xxx
1408 2850 1569 2882 snpr'asc.
1592 2844 1624 2870 Ia
1644 2850 1676 2870 a.

343 2892 459 2935 etiam]
480 2898 591 2926 autem
611 2894 640 2926 b.
781 2896 823 2929 27
843 2906 916 2928 eum
935 2906 1004 2928 om.
1027 2897 1057 2927 b.
