1835 3240
530 187 712 231 COMM.
737 186 797 230 III
820 186 944 230 CAP.
970 185 1172 229 54-58.
1630 190 1710 233 593

151 306 189 345 in
213 305 337 345 locum
362 303 568 358 produxit,
593 304 626 343 si
649 301 859 357 Pompeius
882 302 1031 356 proelio
1055 302 1256 342 decertare
1279 301 1418 350 uellet,
1443 309 1485 341 ut
1507 317 1629 355 paene

152 373 292 413 castris
317 370 475 424 Pompei
506 371 682 424 legiones
716 370 943 420 subiceret3
980 376 1210 423 tantumque
1233 383 1254 409 a
1278 369 1380 409 uallo
1404 368 1486 408 eius
1510 372 1629 422 prima

150 441 256 480 acies
278 439 428 490 aberat,
445 440 500 479 uti
523 453 571 479 ne
593 440 672 479 telo
696 445 942 479 tormentoue
964 438 1062 478 adici
1083 444 1231 492 posset.
1257 435 1466 490 Pompeius
1483 445 1626 487 autem,
1651 439 1677 478 2

152 515 192 547 ut
224 508 363 547 famam
387 507 687 562 opinionemque
710 506 906 546 hominum
931 513 1105 555 teneret,
1139 506 1196 545 sic
1218 519 1287 558 pro
1309 504 1452 544 castris
1475 506 1630 544 exerci-

104 584 122 614 5
154 582 234 615 tum
257 575 537 624 constituebat,
554 582 596 614 ut
620 574 733 614 tertia
755 574 861 614 acies
886 574 1026 614 uallum
1049 574 1311 628 contingeret,
1329 571 1456 612 omnis
1478 572 1629 625 quidem

76 920 116 953 10

76 1259 115 1290 15

72 1938 114 1970 ‘25

146 643 362 683 instructus
394 643 596 683 exercitus
627 642 716 681 telis
749 655 803 681 ex
834 641 937 682 uallo
960 641 1125 681 abiectis
1148 641 1299 694 protegi
1323 647 1471 694 posset.
1518 639 1627 680 Haec
1649 640 1706 684 57

150 725 237 751 cum
261 711 298 750 in
312 710 463 750 Achaia
486 717 599 762 atque
622 709 720 763 apud
743 708 1033 763 Dyrrhachium
1057 715 1308 761 gererentur,
1328 707 1631 762 Scipionemque

149 778 189 817 in
205 777 477 818 Macedoniam
501 778 659 818 uenisse
681 784 897 827 constaret,
915 791 993 816 non
1015 776 1158 816 oblitus
1176 777 1328 829 pristini
1347 776 1514 816 instituti
1530 773 1633 816 Cae-

150 860 216 886 sar
237 846 354 885 mittit
376 847 422 886 ad
446 860 531 886 eum
555 845 614 885 A.
633 842 832 895 Clodium,
857 859 967 885 sunm
991 852 1106 897 atque
1127 844 1231 883 illius
1254 844 1501 893 familiarem,
1520 857 1631 896 quem

148 913 195 954 ab
226 915 293 954 illo
329 914 512 954 traditum
534 913 646 953 initio
670 921 709 953 et
731 913 1043 953 commendatum
1067 913 1107 951 in
1131 924 1290 951 suorum
1314 911 1630 952 necessariorum

149 995 312 1021 numero
336 981 480 1021 habere
502 981 738 1020 instituerat.
775 980 879 1020 Huic
902 981 967 1020 dat
987 979 1141 1019 litteras
1164 979 1423 1032 mandataque
1447 980 1492 1019 ad
1516 993 1628 1030 eum,
1653 979 1681 1019 2

149 1062 313 1101 quorum
337 1048 431 1088 baec
455 1056 540 1088 erat
562 1062 735 1088 summa:
763 1046 862 1088 Sese
886 1047 1016 1088 onmia
1038 1047 1084 1086 de
1108 1059 1201 1100 pace
1224 1054 1428 1100 expertum
1455 1047 1547 1087 nihil
1567 1048 1634 1087 ad-

150 1116 224 1156 huc
253 1115 437 1156 arbitrari
461 1117 557 1156 uitio
582 1117 724 1156 factum
748 1130 883 1156 eorum
899 1147 909 1165 ,
944 1129 1040 1170 quos
1063 1128 1151 1154 esse
1174 1121 1355 1154 auctores
1379 1114 1461 1154 eius
1484 1115 1541 1154 rei
1565 1129 1632 1154 uo-

149 1183 303 1233 luisset,
321 1185 422 1237 quod
444 1198 516 1224 sua
538 1185 718 1225 mandata
739 1185 915 1238 perferre
932 1198 1008 1223 non
1028 1189 1247 1236 opportuno
1267 1189 1440 1235 tempore
1455 1183 1501 1222 ad
1514 1181 1633 1222 Pom-

148 1252 276 1305 peium
307 1259 557 1292 uererentur.
603 1249 827 1306 Scipionem
858 1266 902 1292 ea
926 1265 1015 1292 esse
1047 1250 1308 1299 auctoritate,
1342 1256 1481 1290 utnon
1506 1250 1631 1290 solum
1654 1250 1678 1291 3

146 1319 269 1359 libere
302 1334 400 1372 quae
430 1320 633 1374 probasset
665 1334 890 1375 exponere,
925 1320 993 1359 sed
1016 1319 1131 1359 etiam
1157 1332 1209 1358 ex
1231 1332 1371 1371 magna
1394 1325 1505 1372 parte
1529 1333 1634 1358 com-

149 1387 296 1440 pellere
317 1395 434 1441 atque
458 1395 655 1428 errantem
678 1401 819 1441 regere
842 1395 998 1442 posset3
1019 1399 1203 1441 praeesse
1226 1393 1356 1426 autem
1380 1400 1451 1426 suo
1475 1385 1633 1426 nomine

148 1455 359 1502 exercitui,
378 1463 419 1495 ut
442 1463 599 1510 praeter
620 1456 893 1496 anctoritatem
917 1456 1024 1495 uires
1048 1468 1201 1508 quoque
1222 1454 1268 1494 ad
1288 1453 1546 1494 coercendum
1565 1454 1633 1494 ha-

148 1523 274 1563 beret.
311 1521 422 1575 Quod
446 1525 478 1564 si
503 1525 684 1573 fecisset,
711 1524 879 1577 quietem
902 1522 1055 1574 Italiae,
1080 1537 1212 1577 pacem
1237 1522 1546 1575 prouinciarum,
1571 1536 1634 1562 sa·
1655 1522 1682 1562 4

148 1591 267 1631 lutem
297 1592 449 1644 imperii
480 1593 543 1632 uni
575 1606 711 1632 omnes
734 1598 932 1645 acceptam
955 1592 1167 1632 relaturos.
1212 1589 1321 1630 Haec
1344 1590 1390 1630 ad
1414 1603 1500 1629 eum
1523 1603 1633 1630 man·
1655 1587 1679 1630 5

149 1660 238 1700 data
261 1656 424 1699 Clodius
447 1661 570 1700 refert
592 1675 637 1700 ac
660 1660 794 1714 primis
818 1660 970 1707 diebus,
987 1667 1030 1699 nt
1051 1659 1273 1708 uidebatur,
1291 1657 1461 1698 libenter
1477 1658 1634 1698 auditus

147 1727 312 1780 reliquis
344 1727 390 1767 ad
424 1728 658 1780 colloquium
691 1743 768 1768 non
794 1728 1013 1768 admittitur
1034 1728 1228 1780 castigato
1252 1724 1439 1780 Scipione
1461 1740 1483 1766 a
1504 1724 1634 1766 Fauo·
1666 1736 1668 1739 '

147 1795 212 1835 nio
227 1826 238 1845 ,
274 1801 316 1834 ut
339 1802 472 1848 postea
496 1796 674 1835 confecto
697 1796 798 1836 bello
820 1795 1115 1850 reperiebamus
1131 1825 1141 1845 ,
1166 1795 1386 1847 infectaque
1408 1808 1452 1834 re
1474 1807 1564 1834 sese
1586 1794 1634 1833 ad

149 1859 366 1903 Caesarem
389 1864 551 1917 recepit.
588 1861 755 1914 Caesar,
781 1878 855 1917 quo
881 1864 1033 1904 facilius
1056 1863 1272 1917 equitatum
1288 1861 1569 1917 Pompeianum
1584 1861 1631 1901 ad
1653 1861 1710 1906 58

146 1929 437 1986 Dyrrhachium
472 1931 695 1972 contineret
727 1939 767 1972 et
797 1932 1048 1985 pabulatione
1080 1932 1330 1986 prohiberet,
1365 1931 1494 1971 aditus
1517 1930 1631 1980 duos,

149 2013 246 2052 quos
270 2012 358 2039 esse
381 2006 570 2052 angustos
593 1999 964 2050 demonstrauimus,
990 2001 1142 2055 magnis
1166 1999 1347 2053 operibus
1369 1998 1636 2052 praemuniuit

149 2067 386 2120 castellaque
420 2067 478 2107 his
507 2068 602 2108 locis
636 2067 780 2122 posuit.
824 2066 1058 2121 Pompeius,
1092 2068 1157 2107 ubi
1180 2068 1276 2108 nihil
1298 2066 1433 2121 profici
1457 2066 1634 2118 equitatu
1656 2065 1682 2105 2

148 2136 350 2189 cognouit,
366 2135 499 2189 paucis
521 2136 760 2176 intermissis
784 2136 918 2176 diebus
941 2149 1095 2176 rursum
1119 2149 1205 2176 eum
1225 2135 1391 2175 nauibus
1406 2134 1453 2174 ad
1471 2147 1513 2174 se
1529 2133 1634 2174 intra

148 2203 384 2244 munitiones
415 2204 569 2258 recipit.
613 2203 716 2245 Erat
746 2218 896 2245 summa
927 2204 1059 2258 inopia
1081 2203 1236 2258 pabuli,
1271 2203 1367 2243 adeo
1392 2209 1434 2242 ut
1455 2201 1558 2243 foliis
1582 2216 1633 2242 ex
1656 2200 1680 2241 3

295 2324 307 2355 l
330 2334 413 2366 pene
432 2325 494 2365 (a).
650 2324 671 2357 2
690 2324 824 2367 Pompei
844 2334 877 2355 α.
1036 2323 1194 2355 subicere
1213 2334 1233 2355 a
1248 2324 1278 2355 b.
1440 2322 1458 2354 3
1479 2332 1519 2353 ne
1538 2331 1559 2353 α
1573 2322 1631 2362 be,

149 2385 189 2407 ne
209 2376 239 2407 in
260 2385 333 2407 eam
353 2386 387 2406 η.
576 2377 645 2408 telo
664 2382 878 2408 tormentoue
898 2375 1035 2417 reliqui
1051 2376 1173 2416 codd„
1194 2376 1262 2408 telo
1284 2379 1531 2407 tormentumue
1550 2385 1571 2406 a
1588 2377 1638 2406 si—

149 2427 241 2458 lente
260 2427 301 2459 (le
319 2431 482 2459 extremo
501 2427 692 2470 Beyerlz‘m
713 2429 817 2460 telum
838 2432 1087 2459 tormentumue
1107 2427 1313 2469 Stephanus
1332 2437 1367 2458 u.
1545 2426 1636 2458 adici

150 2475 334 2517 Scaliger,
365 2478 453 2518 adigi
482 2479 582 2510 codd.
610 2478 691 2510 ,Non
717 2481 831 2518 aries,
858 2478 921 2510 sed
945 2478 993 2509 ad
1018 2480 1131 2509 aciem
1159 2478 1258 2509 adice?
1278 2479 1440 2519 potuisse
1465 2480 1632 2518 negatur.

292 2527 468 2570 Pompeius
488 2547 531 2554 -ψ
549 2529 600 2570 (6)
619 2534 736 2571 posset
754 2539 822 2560 om.
845 2530 876 2561 b.
1083 2530 1103 2562 4
1122 2529 1379 2571 opinionemque
1397 2537 1418 2558 a
1438 2528 1455 2559 5
1475 2527 1579 2567 dett„
1602 2532 1637 2558 et

151 2578 341 2619 opinionem
361 2589 396 2611 u.
543 2581 623 2613 sia.
786 2581 803 2612 6
824 2580 969 2612 abiectis
990 2580 1087 2613 ‘mss-
1108 2582 1251 2621 omnes',
1272 2579 1436 2623 proiectis
1454 2590 1489 2611 α.

152 2629 170 2660 9
191 2629 228 2659 Α.
248 2630 434 2670 suppleuit
447 2631 696 2664 Mart-landas.
851 2632 893 2665 12
911 2637 1053 2675 experta
1072 2643 1093 2664 α
1108 2633 1139 2664 b.
1307 2632 1345 2664 13
1365 2632 1448 2664 uitio
1469 2631 1594 2664 factum
1613 2642 1634 2663 a

149 2679 228 2711 edd.
247 2683 330 2711 aute
348 2680 455 2722 Sral„
479 2682 604 2714 factum
625 2684 709 2715 uitio
726 2682 889 2724 Scaliger
907 2693 940 2714 υ.
1096 2684 1135 2716 14
1154 2687 1320 2726 oportuno
1340 2694 1374 2714 α.
1533 2683 1571 2715 16
1591 2693 1634 2714 ex

151 2740 271 2771 magna
289 2742 332 2771 ας
352 2742 472 2772 magna
493 2744 534 2765 ex
552 2745 574 2765 u
593 2738 628 2766 et
647 2735 711 2766 ‘sie
728 2745 826 2774 mss„
848 2744 915 2765 non
935 2745 978 2766 ex
996 2735 1052 2766 1n.'
1068 2737 1082 2766 ?
1222 2735 1427 2777 compellare
1440 2744 1460 2764 a
1476 2734 1572 2764 (ηις-ς.
1587 2732 1631 2765 3'.

296 2783 336 2814 18
354 2784 602 2816 cohercendum
621 2795 654 2816 α.
812 2785 854 2819 20
873 2786 1007 2828 imperii
1027 2786 1241 2828 Stephanus,
1262 2786 1402 2828 imperio
1422 2795 1442 2815 α
1458 2786 1488 2815 b.

153 2833 320 2865 relatione
339 2838 421 2865 ante
440 2845 531 2866 corr.
553 2846 586 2867 α.
727 2836 770 2868 23
790 2837 1066 2878 repperiebamus
1085 2848 1119 2869 α.
1261 2838 1302 2871 26
1322 2835 1584 2876 angustissimos
1599 2836 1629 2866 b.

294 2886 336 2918 ‘29
359 2887 487 2928 recepit,
508 2887 601 2918 ‘tn-ss.
622 2890 655 2919 cl
673 2888 749 2919 edd.
772 2888 869 2928 qdd!

199 2950 317 2985 Cacsar,
334 2950 377 2977 etl.
403 2949 542 2986 Nippcrd.
1383 2941 1437 2983 38
