1835 3240
85 883 124 915 10

89 1222 126 1254 15

557 153 738 197 COMM.
762 153 781 195 Ι
802 152 927 196 CAP.
951 152 1153 196 80—83.
1627 155 1710 198 533

157 272 360 311 decertare
382 267 564 308 malebat.
610 266 789 309 Conatur
820 274 950 308 tamen
980 281 1047 308 eos
1070 267 1174 307 uallo
1198 267 1382 322 fossaque
1406 270 1635 310 circummu-

158 338 266 385 nire,
303 343 341 376 ut
374 350 487 389 quam
518 336 690 376 maxime
720 337 946 389 repentinas
979 349 1113 375 eorum
1137 335 1364 388 eruptiones
1389 336 1633 387 demoretur3

158 418 232 457 quo
256 404 481 443 necessario
511 404 770 445 descensuros
804 403 1071 442 existimabat.
1115 400 1176 442 Illi
1210 409 1250 442 et
1269 402 1398 455 inopia
1424 402 1548 455 pabuli
1571 404 1616 443 ad
1657 403 1684 443 (3

157 471 260 510 ducti
285 478 323 511 et
354 485 428 524 quo
460 479 596 511 essent
627 471 673 511 ad
704 471 742 509 id
775 471 1042 523 expeditiores
1064 470 1194 510 omnia
1226 470 1444 510 sarcinaria
1466 470 1638 509 iumenta

159 539 327 578 interfici
349 539 498 579 iubent.
544 538 588 578 In
622 538 680 577 his
703 537 883 590 operibus
906 538 1159 591 consiliisque
1180 537 1338 578 biduum
1363 537 1632 587 consumitur3
1653 538 1717 580 82

157 606 272 646 tertio
297 606 357 646 die
379 620 519 660 magna
541 606 614 645 iam
639 619 729 659 pars
753 605 882 658 operis
907 602 1096 645 Caesaris
1120 613 1382 659 processerat.
1435 603 1497 644 Illi
1519 605 1640 658 impe·

158 673 321 713 diendae
353 674 411 713 rei
444 675 559 727 [quae
590 673 818 712 munitionis
848 672 983 725 fiebat]
1017 686 1134 712 causa
1168 674 1264 713 hora
1295 673 1454 713 circiter
1473 678 1566 712 vnn
1588 672 1641 711 si-

158 755 234 793 gno
258 742 346 781 dato
369 741 546 794 legiones
570 741 740 781 educunt
763 740 963 793 aciemque
985 740 1054 780 sub
1078 741 1219 780 castris
1241 742 1457 781 instruunt.
1489 737 1642 780 Caesar
1663 740 1689 780 2

158 808 204 847 ab
218 822 334 862 opere
356 809 533 861 legiones
548 815 723 857 reuocat,
746 810 958 862 equitatum
975 822 1126 848 omnem
1142 808 1491 858 conuenireiubet‚
1516 807 1642 847 aciem

156 876 336 916 instruit:
363 884 499 916 contra
523 877 744 930 opinionem
767 877 870 917 enim
892 876 1056 916 militum
1080 876 1298 928 famamque
1321 877 1493 916 omnium
1515 875 1641 916 uideri

157 944 347 997 proelium
371 944 566 997 defugisse
595 958 779 997 magnum
811 945 1086 985 detrimentum
1116 943 1331 983 adferebat.
1396 942 1474 983 Sed
1497 943 1642 983 eisdem
1665 941 1690 982 3

158 1012 204 1051 de
228 1012 373 1061 causis,
399 1025 498 1064 quae
519 1018 613 1051 sunt
634 1012 832 1066 cognitae,
859 1026 934 1065 quo
956 1012 1083 1051 minus
1101 1010 1285 1050 dimicare
1302 1011 1434 1060 uellet,
1460 1011 1644 1050 moueba-

158 1085 247 1126 tur,
282 1086 398 1132 atque
420 1079 493 1118 hoc
516 1079 632 1119 etiam
656 1079 779 1132 magis
795 1110 806 1129 ‚
843 1080 944 1133 quod
973 1079 1086 1133 spatii
1110 1078 1286 1119 breuitas
1309 1078 1426 1118 ctiam
1450 1078 1490 1117 in
1514 1079 1644 1131 sugam

159 1146 350 1187 coniectis
373 1147 614 1187 aduersariis
638 1161 715 1187 non
738 1148 901 1187 multum
916 1148 962 1188 ad
986 1161 1175 1187 summam
1191 1146 1378 1186 uictoriae
1401 1146 1538 1186 iuuare
1561 1153 1645 1199 pot-

159 1221 259 1254 erat.
312 1213 408 1254 Non
439 1215 541 1254 enim
574 1215 739 1269 amplius
762 1216 899 1268 pedum
932 1215 1087 1255 milibus
1111 1214 1258 1255 duobus
1282 1213 1328 1253 ab
1350 1214 1492 1253 castris
1515 1220 1645 1253 castra
1667 1214 1693 1253 4

162 1281 383 1321 distabant:
410 1282 499 1322 hinc
523 1283 617 1322 duas
640 1290 771 1336 partes
795 1283 899 1323 acies
923 1283 1167 1337 occupabant
1191 1283 1314 1332 duae3
1341 1282 1458 1321 tertia
1483 1281 1648 1321 uacabat

161 1349 207 1389 ad
231 1350 428 1390 incursum
452 1357 567 1403 atque
588 1350 771 1404 impetum
796 1351 958 1391 militum
981 1352 1134 1391 relicta.
1190 1348 1231 1390 Si
1257 1350 1446 1403 proelium
1471 1349 1645 1389 commit-
1668 1348 1693 1388 5

164 1424 340 1467 teretur,
372 1417 640 1471 propinquitas
674 1425 894 1459 castrorum
926 1419 1094 1459 celerem
1131 1418 1328 1472 superatis
1350 1431 1403 1457 ex
1427 1418 1515 1469 fuga
1538 1429 1647 1456 rcce—

163 1492 268 1538 ptum
292 1485 420 1525 dabat.
456 1484 540 1525 Hac
554 1486 601 1526 de
624 1501 741 1527 causa
766 1487 1026 1527 constituerat
1038 1487 1150 1539 signa
1168 1485 1427 1526 inferentibus
1439 1484 1645 1534 resistere,

162 1553 270 1607 prior
299 1553 447 1607 proelio
480 1568 558 1594 non
587 1554 802 1595 lacessere.
847 1555 968 1595 Acies
999 1561 1084 1595 erat
1105 1554 1326 1594 Afraniana
1357 1553 1501 1606 duplex
1523 1552 1645 1605 legio-
1666 1551 1724 1595 83

163 1634 252 1660 num
276 1627 327 1670 Υς
363 1621 523 1661 tertium
555 1622 594 1661 in
625 1622 809 1662 subsidiis
842 1623 968 1662 locum
1002 1623 1149 1663 alariae
1182 1622 1366 1661 cohortes
1391 1619 1644 1660 obtinebant:

164 1685 351 1728 Caesaris
384 1689 552 1743 triplex3
588 1690 656 1730 sed
690 1690 852 1743 primam
877 1691 1002 1730 aciem
1027 1697 1243 1743 quaternae
1266 1690 1449 1729 cohortes
1473 1703 1525 1729 ex
1546 1695 1575 1727 V
1596 1689 1650 1727 le-
1671 1687 1698 1728 2

162 1755 344 1810 gionibus
367 1757 579 1806 tenebant,
605 1757 675 1797 has
699 1757 959 1798 subsidiariae
983 1765 1121 1798 ternae
1144 1764 1181 1797 et
1203 1772 1340 1798 rursus
1364 1757 1464 1796 aliae
1488 1757 1649 1796 tolidem

163 1837 259 1864 suae
297 1824 485 1877 cuiusque
515 1825 682 1878 legionis
711 1825 1078 1878 subsequebantur3
1125 1826 1318 1880 sagittarii
1353 1825 1650 1876 funditoresque

162 1892 287 1932 media
309 1892 610 1933 continebantur
631 1893 732 1944 acie,
759 1894 955 1947 equitatus
979 1895 1104 1934 latera
1127 1894 1323 1947 cingebat.
1387 1892 1479 1932 Tali
1502 1892 1649 1932 instru-
1672 1891 1696 1931 3

164 1966 227 1999 cta
249 1959 333 2000 acie
358 1967 492 2000 tenere
514 1968 679 2013 uterque
701 1961 941 2015 propositum
964 1962 1195 2002 uidebatur:
1221 1959 1395 2009 Caesar,
1420 1974 1468 2000 ne
1492 1960 1566 2000 nisi
1590 1973 1653 1999 co-

165 2034 275 2068 actus
306 2029 498 2080 proelium
529 2030 815 2079 committeret3
860 2029 949 2077 ille,
983 2037 1023 2069 ut
1056 2044 1177 2083 opera
1209 2027 1397 2070 Caesaris
1429 2028 1649 2080 impediret.

165 2093 406 2136 Producitur
427 2103 504 2136 tum
528 2111 592 2137 res
609 2129 618 2146 ‚
653 2098 834 2150 aciesque
866 2098 912 2138 ad
936 2098 1032 2138 solis
1055 2111 1236 2137 occasum
1261 2096 1536 2136 continentur:
1563 2094 1653 2134 inde

166 2164 324 2220 utrique
345 2164 385 2204 iu
409 2172 541 2205 castra
563 2166 781 2206 discedunt.
806 2164 976 2206 Postero
1000 2165 1060 2206 die
1083 2164 1322 2205 munitiones
1340 2163 1538 2203 institutas
1553 2159 1653 2202 Cae·
1675 2161 1702 2201 4

312 2279 323 2310 1
349 2279 613 2312 circummunire
633 2291 652 2311 α
675 2278 1001 2321 (νεῖτ’ᾳιιῐοιηηθεζ
1031 2280 1282 2311 circumuenire
1309 2278 1327 2310 3
1356 2278 1444 2309 dett.
1474 2288 1508 2308 u.

168 2331 186 2363 ὓ
206 2331 436 2373 impedimenti
457 2333 504 2363 rei
525 2333 553 2364 b.
699 2334 716 2364 7
737 2343 823 2374 quae
844 2332 1043 2363 munitionis
1065 2332 1168 2362 flebat
1186 2340 1291 2362 causa
1309 2341 1329 2361 α
1350 2333 1394 2370 ct,
1416 2332 1480 2370 qui
1496 2329 1655 2360 munitio-

169 2389 244 2422 nes,*
263 2383 303 2423 b,·
323 2393 408 2425 quae
427 2383 626 2415 munitionis
646 2393 751 2415 causa
770 2384 872 2414 fiebat
891 2383 1044 2424 reliqui.-
1074 2384 1175 2413 uncis
1195 2382 1334 2413 inclusa
1352 2382 1477 2422 spuria
1497 2390 1569 2411 esse
1588 2380 1655 2411 Fa-

172 2434 277 2464 ernus
296 2434 403 2465 uidit.
559 2445 631 2465 vini
651 2445 683 2473 a,
708 2434 755 2465 ‘ix
775 2444 858 2464 mss.
882 2433 932 2474 5⁹3
952 2444 1012 2464 viii
1033 2444 1066 2464 ιι.
1225 2433 1245 2464 8
1264 2432 1415 2462 educunt
1434 2431 1651 2472 Stephanus,

172 2483 297 2514 ducunt
313 2495 332 2515 α
355 2486 450 2516 ‘mssa
468 2484 658 2526 plcrz'qne'.
802 2483 842 2515 10
862 2484 1038 2515 instruunt
1056 2493 1088 2514 α.
1235 2483 1269 2514 ll
1294 2482 1458 2524 proelium
1479 2481 1656 2521 defugisse

172 2534 402 2576 Hotomanus,
424 2537 552 2578 proelio
573 2536 749 2577 diffugisse
771 2536 871 2567 codd.
1014 2535 1195 2567 adferebat
1213 2545 1246 2566 α.
1409 2534 1446 2566 16
1466 2535 1551 2565 duae
1570 2545 1589 2563 ιι
1605 2546 1620 2564 ι·
1639 2533 1656 2563 6

173 2585 258 2616 dett.
282 2586 331 2617 ‘et
345 2587 445 2626 alz'i',
467 2597 533 2618 om.
554 2598 587 2618 n.
730 2587 920 2618 uocabatur
939 2586 972 2617 d.
1121 2586 1158 2617 17
1179 2596 1357 2617 occursum
1375 2586 1405 2617 b.
1553 2584 1588 2616 19
1603 2585 1658 2615 ‹11:-

174 2638 298 2669 sistere
316 2649 337 2668 {1
359 2639 452 2670 ‘ms-5.
469 2639 663 2680 plerz'que'.
819 2639 858 2670 ¹21
880 2638 1020 2669 tertium
1041 2638 1265 2677 ciacconius,
1289 2638 1388 2668 tertia
1410 2636 1511 2668 codd.

175 2688 216 2721 23
237 2692 269 2719 et
287 2699 405 2719 rursus
425 2689 512 2721 aliae
529 2700 599 2721 om.
619 2701 652 2730 α,
674 2700 790 2721 rursus
810 2689 898 2721 aliae
915 2700 984 2721 om.
999 2690 1030 2721 b.
1173 2688 1383 2728 Qilegiofia,
1406 2688 1575 2727 legionum
1598 2686 1657 2716 bc.

318 2740 360 2770 ‘25
379 2739 560 2780 cingebant
581 2741 612 2771 b.
754 2740 795 2774 26
817 2751 856 2771 ne
878 2740 942 2771 nisi
960 2758 1005 2763 —
1023 2741 1250 2771 committeret
1263 2749 1338 2780 ego,
1362 2739 1426 2770 nisi
1446 2756 1484 2760 -
1505 2736 1657 2767 commit-

177 2797 250 2823 tere
269 2802 289 2822 a
303 2792 341 2826 1),-
362 2792 427 2823 nisi
445 2809 489 2815 —-
507 2803 568 2823 uon
589 2792 800 2824 committere
820 2802 854 2823 11.
984 2792 1026 2824 28
1044 2792 1280 2835 producuntur
1300 2792 1330 2822 b.
1491 2793 1558 2819 tum
1579 2797 1654 2829 rgo,

175 2848 287 2875 tamen
309 2842 408 2874 codd.
546 2844 588 2876 29
607 2844 640 2875 in
660 2849 772 2876 castra
792 2854 861 2876 om.
884 2844 915 2875 b.
