1835 3240
500 147 573 188 DE
596 145 645 189 Β.
671 144 782 189 CIV.
807 141 992 186 COMM.
1018 141 1037 183 1
1060 139 1184 183 CAP.
1213 143 1250 182 1.
1614 147 1700 190 493

138 265 290 314 statuit,
315 262 440 316 quoad
462 261 535 302 sibi
558 274 646 314 spes
669 259 799 312 aliqua
819 257 1113 311 relinqueretur
1133 256 1220 296 iure
1231 255 1359 308 potius
1379 256 1618 310 disceptandi

139 346 251 387 quam
274 330 366 372 belli
386 329 566 383 gerundi.
612 325 830 369 Contendit
848 358 853 366 .
875 357 882 366 .
901 357 908 365 .
929 356 937 364 .

437 772 492 818 C.
570 769 808 817 IVLII
877 766 1338 815 CAESARIS

256 930 420 999 DE
502 923 957 995 BELLO
1052 922 1528 994 CIVILI

519 1069 985 1116 COMMENTARIVS
1030 1069 1260 1113 PRIMVS.

266 1349 434 1390 Litteris
457 1351 495 1404 [a
511 1349 634 1389 Fabio
648 1346 718 1403 C.]
733 1345 921 1388 Caesaris
944 1347 1171 1387 consulibus
1193 1346 1356 1386 redditis
1378 1359 1497 1401 aegre
1519 1348 1564 1386 ab
1582 1348 1640 1387 his

154 1420 405 1473 impetratum
428 1426 490 1458 est
510 1431 658 1457 summa
682 1416 922 1456 tribunorum
947 1415 1068 1468 plebis
1092 1416 1360 1464 contentione,
1387 1416 1484 1455 utin
1503 1422 1643 1455 senatu

154 1486 443 1537 recitarentur3
469 1493 512 1525 ut
533 1499 626 1525 uero
649 1498 698 1524 ex
722 1484 863 1524 litteris
887 1484 933 1523 ad
955 1490 1133 1523 senatum
1163 1484 1408 1533 referretur,
1442 1483 1644 1536 impetrari

158 1568 236 1594 non
258 1554 397 1608 potuit.
441 1553 641 1594 Referunt
662 1552 847 1592 consules
871 1552 916 1591 de
940 1551 1137 1604 republica
1160 1550 1217 1604 [in
1242 1550 1435 1604 ciuitate]⁸
1469 1549 1520 1590 L.
1537 1549 1644 1591 Len·
1665 1550 1691 1590 2

112 1632 131 1662 5
158 1622 261 1663 tulus
284 1622 420 1662 consul
451 1621 607 1662 senatui
636 1620 772 1673 reique
803 1619 982 1673 publicae
1003 1633 1047 1659 se
1071 1633 1148 1658 non
1172 1619 1395 1658 defuturum
1419 1619 1642 1672 pollicetur,

159 1691 192 1732 si
214 1691 403 1730 audacter
432 1704 478 1729 ac
500 1689 657 1729 fortiter
677 1686 896 1728 sententias
920 1687 1052 1726 dicere
1073 1686 1217 1736 uelint3
1254 1686 1314 1726 sin
1340 1684 1554 1727 Caesarem
1586 1701 1647 1728 re·
1670 1686 1694 1727 3

162 1758 332 1812 spiciant
363 1763 480 1810 atque
512 1756 595 1797 eius
630 1756 796 1810 gratiam
830 1761 1072 1807 sequantur,
1107 1761 1150 1794 ut
1178 1754 1448 1807 superioribus
1482 1755 1649 1795 fecerint

162 1825 407 1880 temporibus
422 1856 432 1875 ‚
467 1838 510 1865 se
539 1824 612 1865 sibi
635 1823 840 1864 eonsilium
863 1829 1066 1876 capturum
1089 1835 1214 1875 neque
1237 1829 1400 1862 senatus
1423 1823 1651 1863 auctoritati

164 1894 545 1947 obtemperaturum:
571 1892 714 1933 habere
737 1905 779 1931 se
793 1905 946 1946 quoque
959 1891 1006 1931 ad
1022 1888 1211 1931 Caesaris
1231 1891 1397 1944 gratiam
1420 1897 1536 1944 atque
1558 1890 1654 1931 ami-

95 1969 134 2001 ¹0
167 1961 294 2002 citiam
317 1968 534 2015 receptum.
576 1958 622 2000 In
647 1961 809 2000 eandem
832 1959 1070 1999 sententiam
1094 1959 1268 2014 loquitur
1280 1956 1439 2012 Scipio:
1465 1957 1655 2013 Pompeio
1676 1959 1702 1999 4

311 2089 332 2122 2
351 2088 432 2120 belli
451 2088 593 2128 gerundi
612 2088 695 2128 BD,
718 2086 944 2128 belligerandi
966 2086 1020 2117 Ca
1036 2085 1155 2117 bede.
1305 2085 1483 2116 contendit
1503 2085 1530 2116 B
1545 2085 1603 2116 Cb
1622 2088 1657 2116 et

169 2139 303 2172 addae'tz's
317 2140 458 2181 quadam
478 2145 623 2181 utraque
636 2139 689 2170 die
711 2137 860 2170 futurum
874 2138 920 2178 D,
935 2147 1004 2168 om.
1019 2148 1049 2168 e.
1190 2136 1232 2170 A.
1245 2134 1348 2167 Hirtii
1362 2146 1472 2167 rerum
1487 2141 1659 2176 gestarum

169 2190 207 2223 C.
229 2190 390 2222 Caesaris
409 2191 468 2221 lib.
488 2201 548 2222 vni
568 2190 708 2232 explicit
724 2199 757 2220 a.
790 2189 893 2220 lulius
914 2188 1034 2219 Celsus
1055 2186 1301 2218 Constantinus
1320 2197 1353 2218 u.
1375 2196 1404 2217 e.
1435 2186 1501 2226 legi
1527 2191 1657 2219 tantum

174 2241 325 2274 feliciter
344 2242 385 2273 B.
405 2240 445 2273 G.
460 2241 620 2273 Caesaris
639 2244 730 2282 pont.
753 2250 842 2271 max.
864 2239 1047 2281 ephimeris
1065 2238 1144 2278 (sie)
1165 2248 1276 2269 rerum
1296 2241 1468 2278 gestarum
1488 2236 1661 2270 belliGal-

175 2293 233 2325 lici
254 2292 340 2323 liber
357 2302 415 2323 vni
436 2292 578 2333 explicit
597 2291 789 2323 feliciterB
808 2293 843 2320 et
859 2292 990 2321 omisso
1011 2289 1161 2320 Feliciter
1178 2289 1230 2320 Ε.·
1253 2288 1493 2330 ‘ephemeridis
1513 2289 1663 2321 titulum

173 2344 210 2374 in
228 2342 542 2383 libr-ormnsronte
560 2342 682 2373 nullus
694 2341 842 2371 eacsn‘bet
857 2339 982 2379 cocleae,
1003 2339 1064 2371 sed
1077 2342 1163 2381 post
1180 2339 1312 2370 librum
1328 2342 1497 2370 octauum
1514 2341 1662 2381 itafinz'-

176 2396 243 2426 unt
262 2393 330 2426 OD
349 2392 555 2434 adduntque
573 2391 742 2434 pontificis
762 2389 931 2422 maximi’.

322 2527 446 2571 Incipit
463 2527 553 2560 liber
571 2527 698 2571 primus
718 2525 800 2557 belli
819 2524 933 2556 ciuilis
953 2524 1104 2556 feliciter
1122 2534 1156 2555 α.
1301 2524 1314 2557 1
1337 2534 1355 2556 a
1373 2524 1479 2558 Fabio
1498 2537 1572 2559 cum
1584 2527 1666 2560 Cae-

185 2577 273 2609 saris
291 2588 323 2619 a,
345 2588 363 2610 a
377 2578 480 2610 Fabio
494 2578 643 2610 Caesare
664 2577 696 2617 b,·
711 2576 763 2608 ‘C.
777 2575 938 2608 Caesaris
958 2586 977 2607 a
990 2575 1094 2607 Fabio
1112 2585 1196 2606 mss.
1211 2574 1437 2618 plerique’?:
1456 2588 1565 2610 uncos
1584 2578 1668 2609 Sea-

186 2629 429 2672 ligcrposuit.
450 2630 533 2663 Vz‘d.
553 2631 707 2673 Appz'an.
729 2630 760 2660 b.
782 2630 853 2660 eiu.
872 2628 928 2668 II,
950 2628 1006 2662 32.
1031 2628 1132 2660 Cass.
1151 2628 1224 2659 Dio
1240 2626 1324 2660 XLI
1341 2630 1390 2660 in.
1577 2631 1628 2661 nis
1646 2641 1667 2662 a

186 2681 265 2713 edd.
285 2684 366 2713 ante
381 2681 467 2714 Ald.
487 2681 702 2724 StephanuS,
721 2681 763 2713 iis
780 2680 897 2713 Aldus
914 2690 950 2711 u.
1105 2679 1124 2712 3
1143 2678 1298 2712 refertur
1312 2690 1347 2712 α.
1496 2681 1516 2712 4
1535 2681 1568 2712 in
1586 2681 1669 2713 ciui-

189 2738 260 2765 tate
278 2733 430 2765 inclusit
446 2733 622 2775 Scaliger.
643 2733 726 2766 Vid.
746 2743 775 2765 c.
796 2733 815 2765 6
833 2735 883 2765 in.
1080 2732 1097 2763 5
1117 2731 1251 2764 senatui
1269 2742 1291 2763 a
1311 2732 1410 2764 ‘alii'
1429 2735 1463 2763 et
1479 2742 1547 2764 sec.
1567 2742 1614 2764 m.
1635 2733 1665 2772 b,

188 2788 309 2816 senatu
328 2794 364 2816 u.
505 2784 590 2826 reip.
610 2784 674 2816 ab.
839 2784 858 2816 6
875 2781 928 2825 ac]
948 2787 1008 2815 aut
1024 2793 1045 2815 a
1059 2783 1089 2815 b.
1256 2783 1307 2814 sin
1327 2782 1368 2815 G.
1389 2782 1570 2815 Caesarem
1589 2787 1672 2815 ante

190 2847 283 2869 corr.
301 2847 335 2869 a.
478 2836 520 2869 10
537 2841 750 2879 recepturum
769 2846 803 2868 a.
