1835 3240
714 157 1110 199 -79—

167 274 320 315 modum
341 270 414 322 VI,
441 270 507 321 18,
535 269 556 309 1
592 269 728 311 Gallos
751 285 794 312 se
816 285 952 312 omnes
975 285 994 311 a
1019 270 1111 312 Dite
1134 280 1244 325 patre
1266 283 1478 328 prognatos
1501 281 1653 332 praedi-

166 354 277 381 casse
299 340 486 380 resertur.
541 337 691 379 Deinde
727 339 1014 389 ι1113115161111111’,
1048 341 1147 392 quod
1171 340 1475 396 Oudendorpius
1499 346 1574 399 legi
1597 349 1651 388 ait

163 408 203 448 in
228 412 338 447 ‘mss.
365 414 404 447 et
425 407 511 447 edd.
538 406 795 459 quibusdam',
822 408 1089 447 necessarium
1114 416 1175 448 est
1201 409 1248 449 ob
1271 409 1434 450 inferius
1461 418 1655 464 ‘perman-

164 473 329 515 serunt‘.
376 472 454 515 Sed
478 475 574 514 haec
597 475 744 515 leuiora
770 481 872 513 sunt.
918 473 1034 527 Quod
1058 483 1186 516 autem
1218 491 1287 530 pro
1317 476 1486 531 ‘Belgio'
1521 480 1611 521 inde
1633 497 1656 522 a

164 540 324 583 Clarkio
357 556 409 583 ex
439 541 573 595 paucis
606 541 869 582 deterioribus
911 543 1022 582 codd.
1058 544 1200 583 editum
1234 552 1294 584 651
1324 550 1392 585 ‘ex
1422 543 1588 599 Belgis',
1622 549 1655 589 is

164 625 278 650 error
304 612 419 664 paulo
452 610 567 650 latius
599 610 785 649 manauit.
831 607 931 649 Cum
956 613 1057 650 enim
1082 612 1162 651 11111.
1189 626 1329 652 66111111.
1356 627 1390 653 6.
1416 612 1486 662 24,
1511 613 1537 653 2
1560 615 1655 656 11366

161 678 410 732 legerentur:
449 679 595 716 ‘unam'
635 676 868 731 [legionem]
905 681 958 717 ‘in
988 677 1172 718 Morinos
1206 680 1421 720 ducendam
1454 678 1501 721 C.
1532 680 1654 723 Fabio

161 747 293 799 legato
315 746 439 795 dedit,
482 746 645 785 alteram
668 745 707 784 in
729 743 904 785 Neruios
929 743 978 797 Q.
1006 743 1208 795 Ciceroni,
1234 748 1385 787 tertiam
1418 749 1458 788 in
1480 748 1655 792 Esuuios

161 811 212 853 L.
240 813 408 863 Roscio,
433 820 610 865 quartam
633 813 672 852 in
695 811 831 853 Remis
855 827 940 853 cum
965 813 1016 853 T.
1042 812 1222 854 Labieno
1245 815 1284 854 in
1308 816 1478 856 confinio
1501 816 1654 859 Treue-

160 896 294 922 rorum
319 881 490 921 hiemare
512 880 653 927 iussit,
689 887 770 920 tres
793 881 832 920 in
855 879 992 935 Belgis
1016 881 1256 932 collocanit',
1283 882 1420 922 mirum
1445 884 1570 925 uisum
1594 894 1655 927 est

160 950 371 990 nominatis
395 949 658 1003 compluribus
680 947 892 1003 Belgarum
915 950 1065 1003 populis
1088 948 1234 1004 Belgas
1257 949 1312 989 ita
1336 953 1652 1004 commemorari,

162 1024 359 1070 tamqnam
384 1018 480 1057 nihil
502 1017 557 1057 illi
580 1016 711 1070 populi
734 1017 781 1057 ad
806 1031 873 1057 eos
898 1017 1199 1071 pertinuissent.
1234 1015 1371 1071 Itaque
1391 1033 1475 1058 cum
1498 1020 1538 1060 in
1562 1022 1650 1061 edd.

160 1085 384 1138 quibusdam
407 1091 444 1124 et
466 1098 519 1124 ex
541 1084 738 1124 codicibus
770 1084 811 1124 in
840 1084 972 1125 Haun.
999 1099 1058 1139 pr.
1083 1085 1190 1125 And.
1217 1083 1299 1127 Ox.
1334 1087 1523 1140 scriptum
1547 1097 1654 1130 esset

162 1157 258 1192 ‘tres
290 1152 328 1191 in
362 1150 502 1205 Belgio
533 1152 774 1203 collocauit',
806 1153 843 1193 id
873 1153 1075 1206 probatum
1099 1160 1158 1193 est
1179 1160 1294 1206 atque
1317 1167 1363 1194 ea
1386 1155 1516 1208 opinio
1550 1164 1652 1208 orta,

159 1226 201 1259 111
221 1218 401 1274 Belgium
424 1227 531 1260 certa
553 1220 682 1273 aliqua
704 1234 795 1274 pars
818 1222 901 1262 eius
926 1229 1080 1272 terrae,
1107 1235 1220 1274 quam
1244 1220 1393 1276 Belgae
1415 1223 1650 1275 incolerent,

160 1300 182 1326 a
205 1285 382 1328 Caesare
412 1288 512 1328 dicta
544 1288 858 1329 existimaretur.
909 1288 1053 1342 Neque
1086 1290 1323 1339 occurebat,
1369 1299 1514 1343 quanto
1547 1300 1652 1334 esset

159 1355 374 1394 mirabilius
398 1362 528 1395 terrae
550 1356 708 1396 nomine
732 1363 880 1408 partem
905 1357 1048 1410 populi,
1074 1357 1138 1409 qui
1162 1371 1246 1397 eam
1271 1365 1416 1397 terram
1441 1360 1651 1412 habitaret,

160 1422 390 1474 significari.
410 1422 541 1475 Atque
555 1422 643 1462 huic
657 1423 828 1476 opinioni
851 1425 1027 1464 codicum
1045 1425 1258 1465 auctoritas
1278 1425 1391 1478 plane
1409 1429 1649 1481 refragatur.

159 1488 263 1529 Nam
298 1489 346 1539 V,
376 1489 443 1538 12,
483 1504 595 1542 quem
627 1491 756 1530 locum
786 1491 897 1530 initio
921 1492 1046 1545 posui,
1072 1492 1136 1532 ubi
1159 1491 1307 1546 Belgae
1331 1493 1568 1537 uidebantur
1588 1511 1651 1538 re-

160 1558 278 1610 quiri,
303 1558 342 1596 in
365 1558 477 1597 codd.
504 1557 727 1598 inuenimus
748 1557 953 1611 Belgium,
980 1560 1104 1599 eiusd.
1131 1561 1199 1600 lib.
1223 1561 1360 1611 24,2‚
1386 1577 1497 1615 quem
1521 1564 1649 1606 locum

158 1625 271 1664 modo
287 1625 604 1674 commemoriui,
630 1624 885 1678 ubiBelginm
902 1628 1120 1679 ponendum
1137 1629 1262 1668 3111111
1265 1630 1324 1669 ab
1318 1638 1448 1679 11111111,
1474 1632 1651 1673 1110111111-

157 1692 230 1732 bus
262 1693 373 1732 codd.
408 1699 568 1745 praeter
596 1706 742 1745 paucos
771 1693 1031 1747 interpolatos
1062 1693 1238 1749 Belgas:
1288 1695 1385 1737 vlll
1407 1705 1554 1747 autem,
1579 1699 1649 1749 46,

157 1758 182 1798 3
213 1767 251 1800 61
280 1760 350 1807 49,
385 1760 405 1800 ’1
436 1759 615 1814 Belgium
648 1761 792 1800 nullam
826 1761 942 1802 habet
984 1770 1116 1803 certae
1148 1764 1268 1816 partis
1301 1765 1647 1818 significationem.

157 1825 322 1868 Collatis
346 1842 441 1868 uero
463 1829 534 1878 iis,
579 1842 676 1881 qnae
699 1828 752 1880 V,
776 1830 846 1880 24,
871 1830 898 1871 2
920 1830 959 1869 111
982 1831 1094 1871 codd.
1119 1831 1329 1886 leguntur:
1367 1839 1464 1874 ‘tres
1495 1835 1535 1875 in
1557 1834 1651 1878 Bel-

157 1897 216 1948 gis
239 1896 472 1936 collocauit:
497 1896 556 1936 his
575 1895 633 1936 11.
660 1894 849 1938 Crassum
873 1905 1121 1951 quaestorem
1147 1908 1185 1940 et
1207 1898 1259 1939 L.
1286 1899 1507 1942 Munatium
1529 1902 1649 1945 Plan-

157 1978 243 2002 cum
275 1971 314 2004 et
345 1962 393 2004 C.
419 1963 664 2004 Trebonium
696 1966 848 2018 legatos
882 1966 1086 2020 praes⁷ecit
1119 1974 1159 2007 et
1180 1968 1304 2008 eiusd.
1339 1970 1407 2009 lib.
1431 1970 1553 2021 25,4
1578 1972 1645 2014 ‘.L

155 2029 344 2071 Plancum
377 2046 462 2072 cum
494 2032 651 2085 legione
684 2047 736 2073 ex
764 2031 904 2088 Belgio
937 2034 1121 2075 celeriter
1149 2036 1190 2076 in
1223 2033 1422 2078 Carnutes
1454 2040 1649 2093 proficisci

155 2098 274 2138 inbet'
306 2108 465 2152 apparet
488 2099 682 2155 Belgium,
709 2109 751 2141 ut
773 2102 900 2152 debet,
925 2103 1038 2156 plane
1061 2105 1196 2143 eodem
1219 2106 1334 2145 modo
1358 2113 1472 2159 atque
1500 2106 1647 2163 Belgas

154 2167 319 2219 positum
340 2181 443 2208 esse.
476 2166 583 2209 Idem
607 2169 770 2209 efficitur
792 2184 841 2210 ex
864 2170 929 2219 iis,
955 2184 1054 2223 qnae
1078 2170 1192 2223 VIII,
1218 2171 1287 2221 54,
1311 2172 1337 2212 4
1359 2175 1506 2228 scripta
1528 2184 1644 2217 sunt:

157 2232 222 2274 Ἦ.
246 2235 488 2276 Trebonium
522 2251 608 2277 cnm
637 2237 858 2291 legionibus
889 2236 946 2278 IV
969 2238 1010 2278 in
1032 2237 1174 2293 Belgio
1197 2240 1379 2291 collocat,
1406 2240 1453 2282 C.
1482 2241 1645 2284 Fabium

153 2317 236 2343 cum
262 2304 419 2348 totidem
442 2303 481 2343 in
504 2303 690 2345 Haeduos
714 2305 882 2345 deducit.
920 2304 989 2346 Sic
1012 2306 1113 2346 enim
1138 2308 1394 2349 existimabat
1412 2310 1645 2352 tutissimam

153 2372 238 2411 fore
262 2369 446 2421 Galliam,
471 2372 502 2412 si
526 2371 694 2426 Belgae,
727 2388 888 2426 quornm
914 2374 1082 2414 maxima
1107 2374 1251 2423 uirtus,
1287 2383 1324 2416 et
1345 2376 1516 2428 Haedui,
1551 2394 1645 2432 qno-

153 2452 237 2478 rum
270 2441 489 2481 auctoritas
520 2455 671 2481 summa
703 2450 832 2490 esset,
860 2442 1101 2482 exercitibus
1125 2444 1453 2486 continerentur.
1506 2446 1645 2501 Itaque

155 2520 240 2545 cum
273 2505 449 2560 Belgium
485 2516 604 2549 totam
636 2508 849 2564 Belgarum
874 2517 1020 2549 terram
1044 2510 1118 2550 dici
1142 2518 1291 2551 certum
1325 2512 1391 2563 sit,
1427 2513 1479 2563 V,
1504 2514 1574 2565 24,
1597 2515 1641 2565 2,

155 2572 215 2611 ubi
258 2582 343 2627 post
382 2584 512 2617 certos
543 2576 752 2630 Belgarum
796 2578 956 2631 populos
998 2585 1127 2618 tamen
1160 2576 1305 2632 Belgas
1346 2584 1642 2623 commemorari

159 2640 334 2689 uidimus,
358 2646 606 2684 statuendum
630 2652 691 2685 651
714 2644 929 2686 Caesarem
953 2646 1041 2685 illos
1065 2659 1216 2699 quoque
1239 2649 1403 2700 populos
1434 2649 1473 2688 in
1499 2648 1642 2703 Belga-

158 2721 238 2746 rum
264 2723 422 2750 nnmero
446 2726 533 2752 esse
555 2713 779 2766 significare
802 2721 869 2753 aut,
891 2727 1225 2766 superuacaneum
1249 2715 1409 2755 duxisse
1426 2723 1492 2756 aut
1508 2718 1643 2770 negle-

156 2774 280 2814 xisse.
326 2776 511 2818 Ceterum
536 2794 582 2820 eo
605 2782 691 2821 loco
707 2811 717 2830 ,
751 2782 853 2821 unde
876 2781 1086 2834 disputatio
1109 2789 1194 2821 orta
1219 2790 1292 2832 cst,
1319 2783 1450 2823 dubito
1473 2798 1521 2823 an
1543 2785 1642 2823 scri-

155 2842 318 2882 bendum
342 2845 412 2884 sit:
441 2847 519 2899 ‘qui
543 2849 710 2901 praedae
732 2863 776 2889 ac
798 2848 889 2889 belli
913 2849 1106 2889 inferendi
1130 2863 1247 2890 causa
1279 2864 1331 2890 ex
1352 2850 1490 2903 Belgio
1514 2858 1640 2892 trans-
