1835 3240
673 177 1099 219 ——127—

154 298 233 345 tho,
260 294 323 348 qui
343 292 632 347 pauloinferius
648 291 896 331 scribendum
920 304 1010 332 esse
1032 289 1131 330 uidit
1154 291 1312 345 ‘quique
1335 305 1517 344 procons.
1543 302 1635 335 sunt

152 365 196 404 ad
220 361 394 411 urbem',
428 361 514 400 siue
547 360 851 413 ‘proconsules'
884 360 969 400 siue
1003 363 1088 412 ‘pro
1111 357 1348 398 consulibus'
1380 359 1637 413 interpretari

152 431 359 471 malumus.
423 428 725 481 Oudendorpius
748 428 786 466 in
811 428 892 468 suis
923 428 1036 467 codd.
1071 426 1190 466 scribi
1224 426 1279 465 ait
1312 428 1542 467 ‘consules'
1574 430 1637 468 uel

154 498 314 538 ‘consffz
350 497 441 537 illud
473 503 530 537 est
563 496 603 535 in
627 495 759 535 Haun.
791 510 877 549 pr.,
911 495 983 536 hoc
1014 496 1053 535 in
1075 493 1170 535 Par.
1207 508 1289 534 sec.
1341 492 1386 533 In
1411 494 1483 534 hoc
1507 504 1635 536 autem

152 574 189 606 et
213 565 326 606 Leid.
352 579 410 619 pr.
437 572 555 617 atque
581 562 689 604 Scal.
719 564 837 603 ‘suns
862 578 939 603 non
962 563 1120 617 legitur,
1150 569 1191 602 ut
1217 562 1379 602 liberum
1405 562 1523 602 fuerit
1546 577 1638 603 con-

150 634 365 673 iunctiuum
390 646 561 686 ponere:
588 645 716 684 neque
733 632 834 671 enim
858 631 981 670 omitti
1004 630 1166 671 uerbum
1190 631 1230 670 in
1252 632 1323 671 hac
1347 630 1536 671 orationis
1561 632 1639 670 for-

152 717 211 742 ma
235 708 401 755 poterat.
447 699 651 739 Difficilius
675 699 928 748 diiudicatur,
954 699 1276 751 quemadmodum
1299 699 1419 739 uerba
1446 699 1638 739 ‘latorum

152 769 327 809 audacia'
352 768 586 821 corrigenda
608 767 700 807 sint.
762 765 866 806 Nam
890 766 991 819 quod
1028 766 1222 807 ‘latores'
1256 765 1561 821 Oudendorpius
1584 767 1640 806 ita

151 836 338 885 defendit,
362 842 403 875 ut
426 849 494 875 eos
516 835 691 888 intellegi
715 835 833 884 dicat,
859 834 923 888 qui
946 835 994 874 ad
1016 842 1194 875 senatum
1215 836 1413 885 tulissent,
1440 851 1517 876 non
1541 837 1641 876 fere-

151 905 266 944 batur
286 905 333 944 ad
356 910 557 951 senatum,
592 903 658 942 sed
682 903 943 943 referebatur.
1006 901 1061 942 Et
1083 910 1212 942 tamen
1235 904 1366 957 inepte
1389 904 1551 944 audacia
1574 917 1640 943 eo-

151 987 263 1022 rum,
289 972 352 1025 qui
375 971 630 1019 retulissent,
665 971 712 1011 ad
735 971 829 1011 illud
852 977 1013 1011 senatus
1037 972 1256 1011 consultum
1281 972 1512 1012 descensum
1536 972 1641 1012 dice-

150 1047 285 1080 retur:
319 1053 447 1092 neque
478 1039 582 1079 enim
604 1039 868 1089 referebatur,
902 1046 945 1078 ut
977 1039 1049 1079 hoc
1073 1040 1135 1079 uel
1157 1040 1251 1079 illud
1273 1041 1506 1080 decerneret
1527 1053 1642 1079 sena-

151 1115 230 1158 tus,
256 1108 324 1147 sed
347 1107 393 1146 de
417 1106 488 1146 hac
510 1106 575 1146 uel
596 1106 660 1145 illa
682 1120 726 1146 re
749 1106 837 1159 quid
860 1107 1076 1157 uideretur,
1102 1115 1144 1147 ut
1165 1108 1358 1149 relatione
1374 1108 1526 1161 quidem
1551 1122 1642 1148 sen-

152 1176 301 1216 tentiae
323 1182 549 1215 senatorum
572 1174 677 1214 nulla
701 1188 754 1214 ex
775 1181 886 1228 parte
909 1174 1207 1228 impedirentur.
1260 1175 1349 1216 Huc
1373 1190 1457 1216 cum
1481 1177 1643 1216 accede-

152 1251 214 1284 ret
229 1275 237 1291 ,
273 1244 372 1296 quod
403 1243 498 1283 haec
520 1243 559 1282 in
582 1241 758 1297 generali
782 1242 980 1282 sententia
1015 1248 1024 1266 ‘
1040 1243 1114 1283 nisi
1138 1259 1261 1298 paene
1284 1244 1322 1284 in
1344 1245 1429 1298 ipso
1452 1244 1560 1284 urbis
1582 1244 1643 1283 in-

154 1312 292 1351 cendio
316 1324 523 1363 numquam
546 1298 636 1350 ante
660 1310 892 1350 descensum
916 1310 1027 1350 esse'
1060 1326 1136 1352 non
1169 1320 1278 1353 recte
1300 1313 1391 1367 poni
1414 1312 1643 1352 uiderentur

155 1381 264 1427 (nam
287 1379 386 1430 quod
418 1376 450 1416 I.
475 1376 544 1417 Fr.
572 1376 801 1417 Gronouius
833 1392 902 1431 per
930 1379 1258 1419 exclamationem
1284 1387 1323 1419 et
1345 1379 1643 1420 admirationem

156 1447 306 1486 adiecta
330 1445 513 1498 putabat,
539 1460 559 1484 a
584 1442 772 1485 Caesaris
796 1459 942 1499 genere
965 1446 1134 1486 alienum
1169 1447 1249 1502 est)
1265 1478 1275 1496 ,
1308 1446 1498 1487 Dauisius
1524 1446 1645 1487 uerba

159 1514 341 1553 ‘latorum
364 1513 537 1553 audacia*
561 1513 724 1552 delenda
747 1512 1008 1552 existimauit.
1070 1512 1219 1553 Dubito
1250 1521 1406 1566 tamen,
1440 1530 1488 1554 an
1522 1515 1646 1555 corri-

156 1582 323 1635 gendum
346 1581 397 1620 sit
422 1585 650 1631 ‘paucorum
673 1580 865 1620 audacia'.
927 1579 1051 1620 Pauci
1086 1582 1189 1621 enim
1213 1582 1394 1624 dicuntur
1414 1583 1646 1637 Pompeiani

156 1648 313 1701 propria
336 1647 518 1687 factionis
551 1648 739 1687 nobilium
774 1647 1035 1701 appellatione
1059 1648 1138 1688 hui.
1165 1649 1231 1688 lib.
1256 1650 1336 1701 22,
1370 1651 1409 1691 5.
1436 1651 1515 1702 85,
1550 1653 1576 1692 §t
1607 1659 1648 1693 et

156 1730 218 1769 ap.
244 1714 350 1755 Hirt.
375 1715 412 1769 b.
439 1713 544 1755 Gall.
573 1712 692 1765 VIII,
719 1714 797 1765 50,
823 1715 864 1757 2.
892 1715 968 1765 52,
994 1714 1034 1755 3.
1078 1715 1285 1758 Manutius
1307 1719 1483 1760 latrones
1506 1735 1647 1774 propo-

156 1785 257 1823 suit:
294 1784 362 1823 sed
392 1783 448 1823 ita
478 1797 601 1837 paene
631 1783 798 1823 ridicule
829 1784 968 1823 summi
991 1783 1031 1823 in
1055 1783 1214 1825 ciuitate
1237 1786 1311 1826 uiri
1335 1788 1642 1841 appellarentur.

156 1851 323 1891 Dauisio
345 1857 472 1891 autem
496 1851 548 1892 ita
573 1865 826 1892 occurremus
844 1883 853 1901 ,
888 1858 930 1891 ut.
961 1853 1211 1906 neglegentia
1244 1856 1408 1907 quadam
1440 1857 1535 1896 duas
1558 1871 1648 1897 sen-

157 1919 302 1958 tentias
323 1918 363 1958 in
385 1933 503 1957 unam
526 1919 837 1960 enuntiationem
871 1920 1102 1961 coniunctas
1126 1921 1316 1973 dicamus,
1342 1924 1505 1965 alteram
1530 1925 1645 1975 lianc,

158 2001 366 2039 numquam
389 1986 426 2026 id
449 1993 610 2026 senatus
634 1988 854 2028 consultum
880 1988 953 2027 nisi
987 1989 1026 2027 in
1059 2003 1212 2030 summo
1244 1991 1470 2033 discrimine
1504 1994 1649 2033 factum

160 2068 262 2103 esse,
288 2054 468 2103 alteram,
494 2068 700 2106 numquam
724 2070 934 2109 paucorum
958 2057 1135 2096 audacia.
1170 2056 1283 2110 Quod
1306 2059 1400 2099 item
1424 2062 1567 2101 factum
1591 2068 1651 2101 est

159 2122 196 2161 b.
225 2120 328 2161 Gall.
354 2120 428 2170 ΙΙΙ,
456 2121 522 2171 17,
548 2121 573 2161 7
600 2122 652 2161 ‘id
675 2136 721 2162 ea
745 2124 790 2163 de
813 2138 931 2164 causa
955 2125 1149 2175 faciebat,
1184 2126 1284 2179 quod
1307 2141 1393 2167 cum
1419 2135 1527 2169 tanta
1550 2129 1650 2169 mul·-

159 2190 323 2230 titudine
345 2190 512 2230 hostium
527 2221 537 2239 ‚
571 2191 803 2243 praesertim
828 2206 874 2232 eo
897 2192 1084 2242 absente,
1116 2194 1180 2246 qui
1204 2208 1393 2236 summam
1416 2197 1570 2250 imperii
1592 2203 1650 2237 te-

159 2264 293 2307 neret,
328 2257 403 2297 nisi
434 2272 558 2310 aequo
591 2258 680 2298 loco
711 2266 776 2298 aut
809 2261 1099 2314 opportunitate
1121 2261 1249 2317 aliqua
1275 2264 1360 2304 data
1388 2265 1516 2317 legato
1538 2264 1651 2304 dimi-

158 2325 321 2365 candum
353 2339 431 2365 non
453 2326 746 2375 existimabat',
783 2328 847 2368 ubi
871 2326 1110 2369 Ciacconius
1144 2344 1280 2370 uocem
1316 2332 1493 2385 ‘legato'
1529 2332 1652 2372 deleri

157 2392 328 2432 uolebat.

270 2458 320 2500 C.
345 2459 386 2510 6,
411 2461 438 2501 2
459 2463 673 2502 secundum
697 2463 807 2502 codd.
828 2462 1043 2518 Pompeius
1066 2465 1265 2507 affirmare
1289 2468 1432 2508 dicitur
1454 2469 1650 2522 ‘legiones

160 2525 303 2567 habere
325 2541 414 2568 sese
437 2537 594 2581 paratas
619 2531 790 2571 dccem':
829 2546 943 2585 quem
975 2546 1180 2573 numerum
1205 2543 1430 2589 corruptum
1456 2551 1543 2577 esse
1567 2551 1653 2577 cer-

161 2599 238 2657 tum
263 2602 337 2635 est.
400 2595 447 2635 In
469 2595 582 2638 Italia
617 2599 720 2638 enim
745 2597 954 2654 Pompeius
989 2608 1068 2640 tum
1102 2601 1197 2641 duas
1232 2603 1409 2657 legiones
1442 2604 1606 2645 habebat
1630 2618 1653 2644 a

165 2658 337 2701 Caesare
361 2676 412 2702 ex
434 2672 596 2705 senatus
620 2667 800 2707 consulto
823 2668 989 2708 traditas
1014 2673 1068 2720 (c.
1097 2669 1138 2719 3,
1164 2669 1222 2722 3),
1248 2671 1287 2710 in
1312 2671 1530 2726 Hispaniis,
1557 2686 1651 2725 quas

163 2739 232 2777 per
252 2727 401 2780 legatos
424 2731 650 2783 obtinebat,
676 2748 762 2774 cum
784 2736 953 2776 Afranio
977 2744 1058 2777 tres
1074 2768 1084 2787 ,
1119 2751 1205 2778 cum
1227 2736 1388 2778 Petreio
1413 2740 1531 2789 duas,
1564 2754 1652 2779 cum

167 2792 347 2834 Varrone
369 2796 462 2837 item
485 2799 695 2849 duas(hui.
721 2802 747 2841 l.
774 2801 841 2851 38,
871 2802 909 2842 1.
936 2802 1005 2854 39,
1034 2805 1071 2843 1.
1097 2803 1152 2855 ΙΙ,
1180 2804 1247 2854 18,
1275 2805 1333 2857 i).
1371 2804 1486 2858 Quod
1510 2807 1542 2846 si
1565 2806 1651 2862 quis

164 2858 376 2902 Plutarcho
397 2860 542 2905 Caton.
567 2865 621 2906 43
654 2875 693 2908 et
713 2866 851 2923 Pomp.
878 2868 931 2910 52
962 2878 1078 2924 atque
1098 2873 1281 2926 Appiano
1312 2874 1350 2913 b.
1387 2874 1465 2913 ciu.
1499 2872 1563 2923 Il,
1599 2871 1652 2914 18
