1835 3240
82 916 122 948 10

86 1254 125 1285 *15

563 179 745 224 COMM.
771 180 829 223 III
852 179 977 223 CAP.
1003 179 1203 223 17—19.
1627 179 1708 222 573

155 300 305 354 pitane,
331 295 558 349 quibuscum
581 294 871 336 communicare
894 295 939 334 de
962 295 1144 335 maximis
1167 293 1283 334 rebus
1306 292 1514 346 Pompeius
1538 308 1631 336 con-

155 371 353 413 sueuerat,
379 364 424 403 de
448 363 639 403 mandatis
664 362 851 403 Caesaris
875 377 993 416 agere
1015 363 1197 403 instituit.
1262 359 1387 414 Quem
1409 363 1631 416 ingressum

155 435 195 474 in
234 445 453 473 sermonem
485 429 697 485 Pompeius
736 431 1004 485 interpellauit
1045 437 1084 470 et
1124 429 1229 483 loqui
1270 430 1380 483 plura
1420 432 1631 484 prohibuit.

159 498 278 552 ‘Quid
301 500 423 549 mihi',
450 499 589 552 inquit,
618 504 701 538 ‘aut
721 499 803 538 uita
825 505 891 538 aut
912 499 1073 539 ciuitate
1095 512 1190 552 opus
1213 505 1288 548 est,
1314 512 1426 550 quam
1445 499 1633 541 beneficio
1656 499 1681 541 4

161 565 347 608 Caesaris
372 567 515 607 habere
537 566 731 606 uidebor?
754 567 863 606 cuius
885 567 943 606 rei
966 567 1096 619 opinio
1119 566 1290 605 tollinon
1306 567 1462 619 poterit,
1489 582 1573 607 cum
1595 569 1635 608 in

154 635 323 683 Italiam,
352 649 401 675 ex
427 648 498 687 qua
523 634 721 687 profectus
744 647 844 683 sum,
871 635 1057 674 reductus
1082 633 1371 674 existimabor'.
1413 633 1527 675 Bello
1550 649 1635 689 per·
1658 634 1683 676 5

156 705 259 744 fecto
284 704 330 743 ab
352 703 399 742 iis
416 700 568 741 Caesar
591 701 686 741 baec
710 702 811 741 facta
834 702 1034 754 cognouit,
1060 702 1126 754 qui
1148 702 1319 742 sermoni
1342 703 1634 754 intersuerunt3

158 778 322 812 conatus
346 778 473 810 tamen
498 769 620 809 nihilo
651 768 777 808 minus
811 776 872 809 est
893 770 979 809 aliis
1002 769 1222 809 rationibus
1247 770 1335 823 [per
1356 770 1565 825 colloquia]
1590 771 1636 811 de

156 853 251 893 pace
273 852 403 893 agere.
444 836 556 878 Inter
576 837 667 877 bina
689 844 818 877 castra
831 835 992 890 Pompei
1015 844 1131 890 atque
1145 834 1331 878 Caesaris
1353 853 1471 879 unum
1495 839 1634 880 flumen
1658 840 1713 884 19

154 914 303 947 tantum
326 907 518 947 intererat
538 904 688 959 Apsus,
715 906 930 961 crebraque
953 905 1057 945 inter
1077 918 1120 944 se
1139 905 1332 958 colloquia
1355 907 1497 948 milites
1521 907 1638 948 habe-

155 975 273 1024 bant,
299 988 423 1027 neque
447 974 562 1013 ullum
586 973 742 1013 interim
766 974 883 1013 telum
906 986 976 1026 per
997 972 1197 1026 pactiones
1220 974 1458 1025 loquentium
1483 976 1641 1017 traicie-

155 1043 282 1083 batur.
328 1041 454 1081 Mittit
474 1040 520 1081 P.
546 1040 750 1082 Vatinium
783 1041 951 1095 legatum
984 1042 1030 1081 ad
1053 1041 1177 1094 ripam
1199 1041 1322 1094 ipsam
1347 1042 1514 1083 fluminis
1530 1074 1540 1093 ,
1575 1043 1638 1096 qui
1660 1044 1688 1085 2

157 1123 218 1159 ea,
245 1124 344 1163 quae
366 1110 536 1149 maxime
559 1110 604 1149 ad
629 1123 759 1162 pacem
785 1109 981 1163 pertinere
1004 1109 1252 1157 uiderentur,
1277 1117 1417 1162 ageret
1439 1116 1478 1149 et
1500 1111 1639 1151 crebro

157 1192 297 1231 magna
320 1192 417 1218 uoce
440 1177 730 1231 pronuntiaret,
756 1177 945 1217 liceretne
969 1177 1116 1217 ciuibus
1139 1178 1186 1217 ad
1210 1177 1316 1217 ciues
1340 1178 1385 1218 de
1407 1192 1503 1232 pace
1527 1179 1642 1233 [duo]

158 1246 309 1299 legatos
333 1246 505 1294 mittere,
545 1246 643 1299 quod
668 1246 784 1285 etiam
809 1245 984 1298 fugitiuis
1007 1246 1053 1285 ab
1077 1246 1179 1285 saltu
1201 1244 1409 1300 Pyrenaeo
1432 1248 1641 1300 praedoni-

160 1313 308 1366 busque
332 1314 520 1363 licuisset,
548 1314 778 1367 praesertim
802 1328 888 1353 cuni
910 1314 947 1353 id
971 1320 1150 1367 agerent,
1176 1327 1224 1354 ne
1249 1315 1356 1354 ciues
1380 1329 1467 1355 cum
1491 1316 1641 1357 ciuibus

160 1382 277 1421 armis
301 1382 579 1422 decertarent?
619 1381 746 1421 Multa
770 1381 998 1435 suppliciter
1020 1381 1171 1421 locutus
1194 1388 1275 1429 est,
1301 1389 1342 1422 ut
1365 1383 1411 1422 de
1434 1397 1504 1423 sua
1527 1391 1642 1437 atque
1665 1385 1690 1426 3

161 1450 332 1489 omnium
356 1451 483 1490 salute
506 1449 694 1499 debebat,
733 1450 968 1502 silentioque
992 1449 1038 1489 ab
1061 1449 1238 1502 utrisque
1260 1449 1447 1491 militibus
1470 1452 1641 1493 auditus.

159 1516 408 1571 Responsum
433 1524 493 1557 est
514 1518 560 1557 ab
583 1518 706 1557 altera
731 1525 841 1571 parte
854 1517 998 1557 Aulum
1012 1516 1235 1557 Varronem
1259 1519 1433 1571 profiteri
1456 1534 1498 1560 se
1522 1520 1648 1561 altera

161 1586 221 1625 die
245 1587 291 1625 ad
315 1586 564 1638 conloquium
590 1593 796 1625 uenturum
820 1593 937 1639 atque
961 1586 1127 1625 eundem
1157 1586 1334 1625 uisurum
1351 1618 1361 1636 ,
1397 1588 1648 1640 quemadmo-

163 1654 249 1693 dum
277 1660 357 1693 tuto
380 1654 499 1706 legati
523 1654 660 1693 uenire
684 1661 722 1693 et
744 1667 842 1706 quae
866 1654 1009 1693 uellent
1035 1667 1234 1707 exponere
1257 1663 1444 1708 possent3
1478 1663 1648 1696 certum-

162 1735 235 1773 que
258 1722 292 1760 ei
316 1722 370 1761 rei
397 1728 547 1774 tempus
571 1721 839 1761 constituitur.
866 1719 1054 1773 Quocum
1071 1729 1178 1761 esset
1200 1729 1357 1775 postero
1381 1724 1442 1763 die
1464 1731 1642 1773 uentum,
1666 1724 1693 1765 4

160 1803 304 1841 magna
336 1789 529 1841 utrimque
561 1789 762 1828 multitudo
796 1789 1002 1838 conuenit,
1046 1803 1266 1842 magnaque
1306 1797 1391 1830 erat
1420 1793 1644 1845 expectatio

162 1857 245 1896 eius
267 1857 349 1906 rei,
385 1864 498 1910 atque
533 1857 703 1896 omnium
737 1857 855 1897 animi
887 1856 1027 1897 intenti
1059 1871 1147 1898 esse
1170 1858 1216 1897 ad
1240 1871 1372 1910 pacem
1398 1859 1646 1901 uidebantur.

163 1922 249 1975 Qua
274 1938 322 1964 ex
349 1926 569 1978 frequentia
590 1923 704 1965 Titus
726 1924 928 1965 Labienus
961 1926 1115 1978 prodit,
1149 1926 1357 1966 summissa
1388 1928 1568 1969 oratione
1591 1929 1647 1970 lo-
1670 1930 1695 1971 5

164 1992 228 2044 qui
251 1993 296 2032 de
319 2007 413 2047 pace
436 2000 550 2046 atque
573 1993 758 2033 altercari
782 2007 868 2033 cum
890 1992 1051 2035 Vatinio
1073 1994 1222 2047 incipit.
1280 1991 1459 2046 Quorum
1483 1997 1647 2039 mediam
1669 1997 1697 2038 6

309 2166 322 2198 1
345 2166 544 2208 quibuscum
563 2167 614 2199 Io.
634 2167 696 2199 Fr.
719 2167 930 2208 Gronovius,
952 2167 1073 2209 quibus
1094 2167 1195 2199 codd.
1373 2168 1394 2202 2
1414 2179 1510 2211 quem
1529 2170 1649 2210 ahoe,

164 2227 238 2248 eum
258 2228 292 2249 u.
435 2220 454 2251 4
474 2219 589 2261 inquid
609 2230 643 2251 α.
785 2220 803 2252 7
823 2220 863 2251 ab
884 2220 935 2251 his
954 2229 988 2250 α.
1155 2218 1246 2250 facta
1265 2229 1285 2250 a
1305 2219 1381 2251 cod.
1402 2220 1484 2253 Vrs.
1506 2221 1524 2252 5
1544 2220 1650 2261 dett„

165 2269 256 2300 dicta
276 2280 309 2301 u.
452 2272 472 2303 8
492 2270 566 2313 [per
583 2270 770 2313 colloquia]
788 2271 828 2302 P.
852 2271 928 2303 165.
1071 2270 1089 2303 9
1109 2270 1201 2302 inter
1218 2270 1355 2311 Aldus5
1374 2276 1413 2303 ut
1430 2272 1521 2303 inter
1537 2282 1557 2303 α
1572 2281 1588 2301 c
1601 2275 1646 2311 et,

164 2323 228 2362 qni
244 2326 280 2353 ut
300 2324 365 2353 int.
387 2333 482 2354 uers.
502 2324 620 2363 habet,
642 2324 672 2354 b.
836 2322 971 2365 Pompei
990 2333 1024 2354 a.
1186 2323 1226 2355 10
1245 2322 1401 2366 Thapsus
1420 2334 1440 2356 a
1459 2328 1495 2356 et
1510 2326 1562 2356 sic
1582 2324 1655 2355 ‘uel

166 2373 298 2416 'rapsus
316 2376 413 2406 mss?
511 2376 548 2408 11
569 2375 780 2417 loquentium
799 2385 820 2406 α
842 2376 937 2406 ‘msa
958 2375 1001 2415 7',
1023 2374 1288 2417 colloquentium
1308 2386 1344 2406 u.
1446 2377 1487 2409 12
1502 2377 1651 2417 legatum

167 2436 234 2457 om.
258 2427 289 2458 b.
402 2427 439 2459 14
461 2428 525 2459 (1υο
545 2427 610 2469 (a),
633 2428 717 2459 duos
740 2428 834 2458 ‘msam
856 2425 1009 2458 omnes':
1030 2426 1166 2457 deleuit
1183 2426 1309 2457 Aldus.
1461 2428 1500 2460 15
1520 2427 1653 2471 Pyreno

175 2478 205 2508 b.
348 2479 577 2520 praedonibus
598 2481 728 2511 omissa
749 2479 874 2520 copula
896 2480 925 2510 b.
1074 2479 1113 2511 16
1128 2479 1329 2520 praesertim
1347 2490 1421 2511 cum
1440 2480 1537 2522 abd,
1557 2492 1656 2524 prae·

168 2526 284 2558 sertim
304 2532 339 2559 ut
359 2540 392 2560 u.
506 2535 627 2571 ageret
646 2531 677 2561 b.
790 2530 831 2562 17
850 2534 902 2561 est
922 2529 1169 2570 Noruz'censis,
1190 2539 1258 2561 om.
1279 2530 1426 2571 reliqui.
1529 2532 1569 2564 19
1587 2532 1655 2564 Au-

170 2580 237 2611 lum
256 2590 288 2619 a,
310 2580 349 2611 A.
372 2591 406 2612 n.
571 2584 613 2615 20
633 2582 847 2624 conloquium
868 2593 902 2613 α.
1073 2587 1173 2624 atque
1193 2583 1335 2614 eundem
1355 2593 1445 2625 eg0,·
1464 2588 1566 2626 atque
1586 2596 1651 2615 nna

168 2630 281 2669 codd„
303 2631 364 2662 secl
381 2638 482 2673 utque
503 2633 520 2664 b
542 2633 724 2675 ‘plerique'
739 2636 754 2664 ἵ)
848 2633 1001 2664 uisurum
1021 2633 1302 2675 quemadmodum
1319 2634 1577 2675 Elberlz'ngz'us,
1598 2634 1651 2664 uis

168 2688 345 2724 utrumque
366 2683 543 2716 admodum
561 2696 581 2716 α
596 2686 642 2716 be
662 2685 860 2727 ‘pleri'q1c0’.
882 2685 920 2716 P.
945 2684 1020 2717 165.
1202 2685 1244 2718 23
1265 2685 1423 2727 utrinque
1442 2687 1508 2724 (a).

167 2735 378 2775 exspectatio
399 2735 472 2766 eius
491 2735 538 2766 rei
557 2746 578 2767 a
592 2737 620 2776 b,
643 2737 716 2768 eius
736 2737 785 2768 rei
805 2736 1017 2778 exspectatio
1036 2746 1058 2766 u
1078 2735 1171 2777 (exp.
1191 2736 1240 2776 a).
1420 2736 1462 2770 24
1482 2734 1583 2766 animi
1603 2734 1653 2765 in-

168 2785 252 2815 tcnti
273 2794 293 2815 a
312 2784 525 2826 Stephanus,
546 2786 666 2818 intenti
685 2787 788 2818 animi
808 2790 945 2818 ceterae
964 2786 1042 2817 edd.
1192 2797 1268 2819 esse
1287 2787 1328 2818 ad
1348 2795 1462 2829 pacem
1482 2796 1514 2824 a,
1537 2785 1578 2815 ad
1597 2795 1655 2827 pa-

169 2846 240 2867 cem
262 2837 300 2875 b,-
322 2837 363 2867 ad
382 2846 496 2878 pacem
517 2847 590 2869 esse
609 2837 689 2870 edd.
875 2840 916 2873 25
937 2837 1036 2870 Titus
1055 2849 1090 2880 a,
1111 2837 1152 2871 T.
1173 2849 1208 2871 u.
1419 2837 1597 2869 summissa
1616 2848 1650 2879 a,

169 2900 236 2921 non
257 2888 366 2920 subm.
