1835 3240
80 167 163 209 582
643 167 716 208 DE
750 166 940 212 BELLO
974 166 1150 209 ClVlLI

79 279 135 324 36
157 279 404 329 adolescens,
429 280 511 320 suis
533 294 578 320 ac
600 294 759 320 suorum
783 280 920 333 opibus
945 278 1160 320 Caesarem
1183 282 1302 322 enixe
1323 282 1497 324 iuuabat.
1555 282 1637 324 Eo-

158 348 321 400 demque
345 354 519 401 tempore
540 346 738 387 Domitius
759 347 798 386 in
822 345 1096 388 Macedoniam
1118 349 1252 399 uenit,
1284 357 1323 390 et
1353 364 1439 391 cum
1469 351 1516 392 ad
1549 366 1636 392 eum

157 417 383 468 frequentes
414 415 614 457 ciuitatum
646 414 865 467 legationes
898 416 1112 456 conuenire
1134 417 1381 470 coepissent,
1415 419 1636 459 nuntiatum

155 490 216 523 est
227 483 366 523 adesse
380 480 604 535 Scipionem
629 495 714 520 cum
737 482 958 535 legionibus
972 497 1112 536 magna
1125 484 1309 537 opinione
1332 491 1371 524 et
1391 485 1490 526 fama
1512 487 1637 527 omni-

105 550 133 591 2
154 565 242 591 um:
277 564 364 590 nam
396 549 622 601 plerumque
653 549 693 588 in
725 550 900 590 nouitate
922 552 1023 591 fama
1047 565 1130 591 rem
1153 552 1325 591 excedit.
1369 551 1444 592 Hic
1466 554 1571 594 nullo
1593 555 1631 594 in
1665 562 1683 594 5

153 619 240 659 loco
262 616 521 658 Macedoniae
544 623 718 657 moratus
752 631 894 671 magno
915 618 1062 672 impetu
1084 619 1251 662 tetendit
1272 620 1319 660 ad
1341 618 1554 661 Domitium
1579 629 1632 672 et,

154 701 239 726 cum
264 685 310 724 ab
333 698 379 724 eo
403 684 507 724 milia
531 698 712 737 passuum
735 692 803 725 XX
824 686 1004 736 afuisset,
1034 686 1163 726 subito
1186 701 1229 727 se
1253 688 1298 727 ad
1323 686 1505 728 Cassium
1526 687 1636 729 Lon-

104 752 129 793 3
152 754 283 808 ginnm
308 753 347 792 in
371 751 622 792 Thessaliam
646 754 856 794 conuertit.
916 753 1004 794 Hoc
1026 755 1123 794 adeo
1155 755 1339 795 celeriter
1361 756 1478 805 fecit,
1512 763 1555 795 ut
1585 756 1633 796 si-

152 821 230 860 mul
253 819 383 859 abisse
407 826 445 859 et
467 820 604 860 uenire
627 821 902 872 nuntiaretur,
939 829 978 862 et
1008 836 1082 875 quo
1113 822 1192 862 iter
1222 823 1444 876 expeditius
1468 824 1632 874 faceret,

151 887 212 928 M.
236 886 456 928 Fauonium
480 888 527 927 ad
550 888 694 929 flumen
715 888 987 930 Aliacmonem
1004 921 1014 941 ,
1049 891 1149 943 quod
1170 888 1445 931 Macedoniam
1468 905 1488 930 a
1511 890 1639 931 Thes-
1671 899 1711 932 10

152 955 248 996 salia
272 955 421 1004 diuidit,
448 969 534 995 cum
557 956 785 996 cohortibus
806 963 885 997 Vllt
908 958 1103 1010 praesidio
1125 958 1413 1012 impedimentis
1435 959 1635 1012 legionum

103 1023 130 1063 4
151 1023 311 1076 reliquit
334 1023 614 1077 castellumque
635 1024 685 1064 ibi
709 1025 854 1065 muniri
875 1025 1005 1065 iussit.
1070 1024 1219 1066 Eodem
1242 1033 1418 1080 tempore
1441 1027 1635 1079 equitatus

149 1092 256 1145 regis
281 1088 423 1145 Cotyis
453 1091 500 1131 ad
533 1098 667 1132 castra
699 1089 817 1133 Cassi
849 1093 1071 1144 aduolauit,
1108 1094 1171 1147 qui
1203 1095 1351 1134 circum
1384 1093 1633 1134 Thessaliam

103 1160 127 1200 5
152 1173 239 1200 esse
263 1167 489 1200 consuerat..
533 1157 636 1199 Tum
661 1159 800 1200 timore
822 1162 1054 1214 perterritus
1078 1160 1243 1202 Cassius
1266 1162 1423 1215 cognito
1437 1159 1635 1216 Scipionis

150 1229 320 1268 aduentu
342 1228 516 1280 uisisque
540 1227 759 1280 equitibus,
797 1242 893 1280 quos
918 1226 1114 1282 Scipionis
1146 1242 1235 1269 esse
1266 1229 1554 1279 arbitrabatur,
1588 1230 1634 1270 ad
1670 1237 1710 1270 15

149 1302 303 1335 montes
327 1309 368 1335 se
392 1294 614 1342 conuertit,
652 1295 716 1347 qui
739 1294 988 1335 Thessaliam
1013 1297 1201 1349 cingunt,
1233 1304 1349 1349 atque
1382 1311 1434 1337 ex
1457 1298 1515 1337 his
1538 1297 1634 1338 locis

101 1361 127 1402 (i
150 1362 401 1402 Ambraciam
424 1376 563 1402 uersus
585 1362 663 1402 iter
685 1363 816 1403 facere
838 1364 982 1417 coepit.
1036 1364 1092 1404 At
1113 1362 1336 1418 Scipionem
1360 1373 1634 1419 properantem

149 1430 258 1483 sequi
282 1431 437 1470 litterae
468 1438 559 1470 sunt
586 1437 825 1471 consecutae
847 1445 868 1471 a
891 1429 950 1471 M.
975 1430 1181 1483 Fauonio,
1216 1431 1431 1473 Domitium
1463 1447 1548 1473 cum
1579 1433 1634 1473 le-

147 1498 328 1552 gionibus
350 1498 491 1538 adesse
512 1511 638 1553 neque
660 1512 702 1539 se
726 1501 961 1553 praesidium
978 1532 988 1550 ,
1021 1501 1084 1541 ubi
1116 1501 1352 1541 constitutus
1375 1508 1508 1552 esset,
1547 1501 1634 1542 sine

101 1565 126 1606 7
149 1565 299 1606 auxilio
323 1564 521 1619 Scipionis
545 1573 681 1607 tenere
704 1582 834 1622 posse.
891 1567 1046 1623 Quibus
1069 1569 1209 1609 litteris
1232 1569 1405 1622 acceptis
1428 1570 1633 1610 consilium
1665 1577 1708 1611 20

150 1631 284 1687 Scipio
306 1634 460 1687 iterque
484 1641 721 1687 commutat3
748 1633 930 1678 Cassium
952 1637 1062 1690 sequi
1085 1637 1256 1686 desistit,
1286 1635 1465 1678 Fauonio
1487 1638 1634 1678 auxili-

97 1700 124 1742 8
148 1715 207 1741 um
233 1703 336 1742 ferre
358 1703 575 1743 contendit.
609 1702 746 1757 Itaque
769 1705 829 1745 die
852 1720 898 1746 ac
920 1713 1035 1745 nocte
1059 1705 1287 1745 continuato
1310 1704 1452 1745 itinere
1474 1707 1521 1745 ad
1545 1719 1631 1745 eum

146 1771 353 1823 peruenit,
394 1777 473 1810 tam
495 1778 714 1824 opportuno
739 1779 937 1826 tempore,
973 1780 1015 1813 ut
1045 1773 1159 1813 simul
1180 1771 1399 1813 Domitiani
1430 1774 1632 1814 exercitus

146 1837 273 1890 puluis
297 1845 544 1887 cerneretur,
570 1846 609 1878 et
630 1840 744 1892 primi
767 1847 1048 1881 antecursores
1071 1838 1269 1894 Scipionis
1292 1841 1536 1882 uiderentur.
1572 1840 1634 1881 Ita

147 1901 289 1945 Cassio
318 1905 512 1946 industria
534 1904 721 1957 Domitii,
756 1906 937 1949 Fauonio
961 1906 1159 1962 Scipionis
1182 1908 1363 1948 celeritas
1386 1909 1552 1949 salutem
1576 1916 1634 1948 at·
1665 1917 1708 1950 25

70 1972 126 2016 37
151 1973 250 2012 tulit.
296 1971 431 2027 Scipio
453 1973 609 2014 biduum
634 1975 773 2015 castris
796 1977 953 2016 statiuis
977 1982 1150 2016 moratus
1174 1976 1220 2016 ad
1242 1976 1383 2016 flumen
1399 2007 1409 2026 ,
1445 1977 1546 2028 quod
1575 1976 1635 2016 in-

147 2048 208 2082 ter
229 2054 315 2082 eum
340 2049 379 2081 et
402 2040 564 2081 Domitii
588 2050 718 2083 castra
740 2043 909 2094 fluebat,
944 2043 1214 2084 Ahacnlonem
1232 2075 1242 2094 ‚
1278 2045 1395 2085 tertio
1427 2045 1487 2084 die
1509 2044 1631 2097 prima

291 2145 302 2176 1
328 2145 450 2177 obnixe
472 2146 503 2177 b.
646 2147 665 2179 3
681 2147 923 2190 ciuitaciums.
1067 2148 1265 2188 legionesa.
1406 2146 1630 2187 lilegionibus

148 2198 367 2237 Glareanus,
390 2198 522 2238 logione
541 2209 590 2229 ae
612 2200 721 2232 ‘mssn⁷
954 2200 1110 2242 opinione
1129 2210 1149 2230 α
1170 2200 1276 2230 (ηις-ς.
1299 2197 1346 2238 4',
1367 2204 1400 2229 et
1419 2198 1575 2240 opinione¹
1597 2209 1628 2229 11.

289 2251 306 2281 5
327 2259 394 2280 rem
416 2249 549 2280 excedit
572 2260 649 2290 ego,
670 2251 844 2283 antecedit
864 2250 964 2283 codd.
987 2250 1026 2281 P.
1047 2250 1119 2282 1139.
1265 2249 1356 2280 nullo
1373 2249 1446 2280 loco
1458 2259 1505 2280 m.
1522 2259 1578 2289 pr.
1598 2250 1628 2280 b.

288 2302 305 2332 ὃ
327 2302 473 2333 tetendit
492 2302 524 2341 d,
548 2303 657 2333 tendit
676 2313 696 2334 a
711 2303 769 2334 bc.
913 2304 930 2335 7
951 2302 1108 2334 affuisset
1125 2312 1157 2342 a,
1180 2301 1348 2333 abfuisset
1365 2312 1400 2333 u.
1550 2301 1632 2333 Cas-

145 2351 250 2394 sium]
271 2358 386 2384 castra
405 2363 436 2383 α.
580 2354 599 2385 8
620 2352 816 2385 Thesaliam
835 2364 869 2385 α.
1012 2354 1089 2385 ideo
1108 2363 1129 2384 a
1149 2352 1258 2384 ‘'mss)
1419 2357 1457 2383 ut
1474 2363 1542 2384 om.
1563 2363 1582 2384 a
1599 2354 1627 2384 b.

289 2406 307 2436 9
327 2405 440 2435 abisse
459 2404 508 2435 M.
529 2404 720 2445 Hauptz‘us,
742 2405 864 2436 adesse
884 2405 983 2436 codd.
1006 2404 1045 2435 P.
1068 2404 1143 2436 169.
1347 2403 1387 2435 10
1406 2402 1590 2435 Fabonium
1610 2414 1631 2434 a

144 2455 252 2485 ‘mss.’
425 2455 622 2486 Alcmonem
642 2466 684 2495 a,-
707 2457 795 2486 ‘sine
813 2458 925 2496 aspir.
945 2466 1029 2486 mss.
1051 2455 1109 2485 hic
1127 2458 1161 2485 et
1178 2455 1277 2495 z'nsra
1290 2458 1440 2496 praeter
1456 2453 1567 2485 solum
1589 2455 1623 2495 cl,

144 2515 186 2535 ac
203 2505 301 2546 infra
316 2504 435 2536 eliam'
456 2505 492 2546 [d
502 2504 529 2546 ?]
554 2507 642 2536 ‘stne
656 2507 804 2548 aspz'r.',·
826 2506 1078 2537 Haliacmonem
1090 2505 1205 2537 Aldus
1220 2515 1255 2536 u.
1394 2504 1629 2538 Macedoniam

143 2561 178 2587 ct
196 2554 409 2586 Thessaliam
431 2556 461 2586 b.
656 2557 691 2588 ‘ll
716 2557 884 2597 legionum
908 2557 1116 2596 Glareanus,
1140 2555 1284 2595 legionis
1304 2565 1325 2586 α
1339 2566 1355 2585 e
1376 2556 1486 2587 ‘mssss

146 2608 184 2640 13
198 2607 314 2650 Cotyis
335 2617 413 2647 ego,
434 2607 542 2639 Cottis
559 2618 579 2638 a
598 2611 632 2639 et
649 2610 700 2639 sin
721 2607 936 2650 ‘ztelCottys'
956 2609 1023 2647 bc‚·
1044 2607 1148 2650 Cotys
1162 2618 1195 2639 ιι.
1340 2607 1484 2640 Cassia.

143 2658 297 2689 euclauit
312 2658 343 2688 Ι).
487 2659 796 2698 ltcousueratab,
813 2663 1087 2690 consueueratn.
1231 2659 1350 2689 cumb.
1494 2659 1630 2692 16Tes-

145 2709 266 2741 saliam
285 2719 318 2740 a.
462 2708 501 2741 17
522 2709 758 2740 Anibi—achiam
778 2720 811 2741 a.
955 2709 994 2739 ad
1015 2720 1090 2740 cum
1113 2713 1124 2740 t
1142 2710 1280 2751 supet-d
1299 2720 1333 2740 α.
1478 2710 1518 2743 18
1531 2713 1628 2753 sequi

144 2771 211 2792 om.
237 2761 266 2791 b.
409 2760 446 2793 21
471 2761 693 2791 commutauit
713 2761 744 2792 b.
883 2761 926 2794 23
945 2765 1109 2802 oportuno
1129 2770 1161 2791 α.
1311 2761 1353 2794 26
1371 2762 1512 2793 statutis
1530 2772 1551 2792 a
1566 2763 1583 2793 b
1597 2774 1624 2794 c.

286 2811 329 2845 27
347 2811 520 2843 Alis-acam
539 2821 559 2842 α
579 2814 615 2843 et
630 2812 683 2842 sic
709 2811 785 2842 ‘uel
800 2811 974 2843 Alisacum
987 2836 995 2852 ,
1023 2811 1200 2852 Alisiomn,
1220 2811 1406 2844 Alisiacam
1424 2812 1541 2853 77135.‘,·
1564 2813 1627 2844 Ha-

145 2863 345 2895 liacmonem
365 2863 480 2895 Aldus
498 2873 531 2893 11.
