1835 3240
66 901 105 935 10

62 1239 102 1273 15

679 173 867 217 CAPVT
896 172 1095 216 48—51.
1622 181 1702 223 (391

145 289 341 342 eriperent
363 286 602 326 facultatem.
654 286 845 328 Eiusdem
867 287 980 329 collis
1002 286 1215 341 occupandi
1239 286 1403 342 [gratia]
1425 288 1626 334 Labienus
1648 294 1673 333 3

145 354 349 396 eonsilium
365 361 523 408 ceperat
535 362 587 405 et,
604 369 678 408 quo
691 356 872 409 propiore
885 355 971 396 loco
985 356 1125 405 fuerat,
1141 368 1187 395 eo
1199 354 1366 396 celerius
1382 369 1622 401 occurrerat.

142 421 242 462 Erat
263 422 455 462 conuallis
478 422 574 462 satis
597 436 737 475 magna
759 422 986 472 latitudine,
1022 423 1224 463 altitudine
1246 430 1454 477 praerupta
1476 427 1625 469 crebris
1644 430 1702 474 50

142 490 239 530 locis
262 491 472 544 speluncae
493 490 531 530 in
555 490 708 530 modum
730 489 920 540 subrutis,
946 504 1044 543 quae
1066 497 1152 531 erat
1174 490 1502 544 transgredienda
1524 491 1626 535 Cae-

144 557 241 607 sari,
267 565 473 610 antequam
495 558 543 597 ad
565 571 652 597 eum
675 556 829 606 collem,
851 571 962 610 quem
986 572 1126 611 capere
1149 558 1319 608 uolebat,
1335 560 1626 613 perueniretur,

141 625 320 678 ultraque
351 639 435 665 eam
469 623 686 665 conuallem
708 624 895 664 oliuetum
919 632 1034 665 uetus
1056 626 1206 667 crebris
1227 626 1433 667 arboribus
1457 629 1628 669 conden-

139 706 239 733 sum.
284 692 360 733 Hic
382 706 468 732 cum
491 690 689 732 Labienus
712 692 1062 732 animaduertisset
1083 690 1316 742 Caesarem,
1345 695 1379 735 si
1401 695 1517 736 uellet
1539 709 1625 737 eum
1647 697 1675 739 2

139 761 265 800 locum
288 773 480 813 occupare
498 789 507 807 ‚
544 759 648 813 prius
672 773 837 800 necesse
859 773 948 800 esse
971 760 1189 801 conuallem
1212 761 1475 815 oliuetumque
1497 770 1627 805 trans-

138 827 273 881 gredi,
298 840 434 867 eorum
456 827 631 867 locorum
656 828 805 880 peritus
828 827 868 868 in
890 827 1045 867 insidiis
1067 842 1152 868 cum
1176 836 1288 882 parte
1310 830 1506 882 equitatus
1528 832 1627 873 leui-

137 909 210 948 que
241 901 439 935 armatura
472 895 650 935 consedit
679 902 718 935 et
746 902 952 949 praeterea
975 902 1063 949 post
1083 902 1256 936 montem
1280 897 1501 952 [collesque
1524 897 1626 940 Cae·
1647 900 1672 941 3

137 962 218 1002 sari
241 962 371 1003 subito
394 976 437 1003 se
459 963 706 1016 ostenderet]
730 964 881 1016 equites
904 963 943 1003 in
966 963 1118 1003 occulto
1141 963 1429 1015 collocauerat,
1456 973 1513 1016 ut,
1538 982 1625 1008 cum

135 1029 218 1083 ipse
249 1043 302 1069 ex
329 1030 533 1084 inprouiso
555 1031 797 1084 legionarios
819 1031 981 1071 adortus
1004 1037 1136 1079 esset,
1171 1044 1223 1072 ex
1245 1032 1343 1073 colle
1365 1047 1408 1073 se
1431 1035 1625 1087 equitatus

136 1097 385 1147 ostenderet,
411 1105 451 1138 et
471 1112 514 1138 re
537 1098 679 1152 duplici
701 1097 950 1152 perturbatus
973 1097 1128 1139 Caesar
1149 1099 1312 1152 eiusque
1334 1101 1532 1142 exercitus
1556 1117 1627 1144 ne-

136 1178 210 1218 que
240 1172 350 1205 retro
378 1166 630 1220 regrediundi
654 1180 781 1220 neque
804 1166 908 1206 ultra
930 1167 1166 1220 procedendi
1189 1166 1319 1208 oblata
1344 1168 1527 1210 facultate
1549 1171 1625 1210 cir-

137 1240 367 1273 cumuentus
408 1234 702 1274 concideretur.
748 1231 904 1275 Caesar
944 1242 1149 1288 postquam
1182 1236 1359 1289 equitatu
1389 1244 1481 1278 ante
1511 1251 1624 1292 prae·
1646 1238 1673 1279 4

133 1301 255 1341 misso
284 1301 433 1341 inscius
465 1301 695 1342 insidiarum
720 1316 806 1342 cum
829 1303 875 1342 ad
899 1315 984 1342 eum
1009 1303 1135 1343 locum
1159 1303 1362 1354 uenisset,
1397 1304 1517 1344 abditi
1539 1306 1625 1346 siue

134 1368 246 1409 obliti
278 1376 575 1423 praeceptorum
597 1368 765 1410 Labieni
795 1370 881 1410 siue
914 1371 1053 1420 ueriti,
1088 1384 1137 1411 ne
1167 1372 1208 1411 in
1230 1372 1336 1412 fossa
1358 1371 1405 1412 ab
1428 1373 1624 1426 equitibus

134 1437 471 1491 opprimerentur,
506 1438 587 1478 rari
619 1451 664 1478 ac
695 1438 839 1492 singuli
872 1438 917 1479 de
948 1451 1045 1492 rupe
1077 1439 1234 1492 prodire
1256 1446 1296 1480 et
1317 1453 1468 1480 sumnia
1491 1447 1625 1494 petere

135 1504 262 1545 collis.
302 1502 412 1557 Quos
436 1501 624 1545 Caesaris
648 1506 799 1559 equites
823 1506 1023 1546 consecuti
1047 1507 1185 1559 partim
1208 1508 1510 1558 interfecerunt,
1535 1522 1623 1562 par·
1645 1508 1670 1548 5

136 1573 201 1612 tim
232 1572 412 1612 uiuorum
445 1579 535 1613 sunt
556 1573 692 1626 potiti3
727 1574 866 1614 deinde
889 1574 1067 1628 protinus
1091 1575 1229 1616 collem
1253 1583 1387 1630 petere
1410 1577 1623 1617 contende·
1645 1576 1672 1617 (3

132 1646 227 1680 runt
256 1647 371 1693 atque
399 1655 484 1681 eum
510 1641 674 1682 decusso
697 1640 866 1682 Labieni
890 1642 1086 1696 praesidio
1109 1643 1294 1683 celeriter
1315 1651 1623 1697 occupauerunt.

130 1705 334 1748 Labienus
367 1722 453 1748 cum
485 1716 594 1763 parte
624 1710 795 1762 equitum
827 1710 899 1750 uix
929 1710 1019 1763 fuga
1041 1709 1115 1750 sibi
1136 1711 1289 1764 peperit
1310 1711 1491 1751 salutem.
1536 1710 1622 1752 Hac
1647 1711 1696 1756 51

130 1789 173 1816 re
204 1789 274 1828 per
295 1777 444 1830 equites
466 1784 579 1830 gesta
603 1775 756 1818 Caesar
776 1777 994 1831 legionibus
1018 1791 1134 1831 opera
1158 1778 1356 1818 distribuit
1377 1786 1492 1832 atque
1514 1779 1553 1819 in
1575 1794 1622 1820 eo

135 1843 233 1883 colle
248 1873 258 1893 ‚
293 1858 368 1897 quo
400 1851 486 1884 erat
507 1846 651 1899 potitus
668 1876 678 1895 ,
714 1852 844 1886 castra
867 1845 1046 1885 muniuit.
1090 1844 1244 1886 Deinde
1267 1846 1314 1886 ab
1336 1847 1417 1887 suis
1440 1847 1623 1889 maximis
1644 1848 1671 1890 2

130 1911 272 1951 castris
303 1925 372 1964 per
402 1912 570 1952 medium
593 1927 769 1967 campum
792 1927 813 1954 e
835 1913 1000 1966 regione
1022 1913 1151 1968 oppidi
1176 1914 1334 1955 Vzittae
1350 1945 1360 1964 ,
1395 1915 1498 1968 quod
1520 1915 1624 1956 inter

131 1992 202 2018 sua
236 1985 368 2019 castra
399 1987 438 2020 et
461 1977 659 2034 Scipionis
691 1982 732 2021 in
763 1981 931 2035 planicie
964 1982 1133 2036 positum
1168 1989 1254 2022 erat
1283 1982 1569 2036 tenebaturque
1600 1997 1624 2023 a

131 2045 336 2100 Scipione,
362 2047 435 2087 duo
457 2047 618 2088 brachia
640 2048 810 2089 instituit
832 2049 918 2089 duci
942 2056 979 2089 et
1000 2049 1054 2089 ita
1078 2049 1271 2103 dirigere,
1302 2057 1345 2090 ut
1367 2050 1414 2090 ad
1437 2051 1622 2105 angulum

130 2114 314 2155 dextrum
336 2116 617 2169 sinistrumque
640 2117 724 2157 eius
748 2117 876 2171 oppidi
898 2117 1173 2158 conuenirent.
1198 2116 1240 2158 Id
1263 2118 1334 2158 hac
1350 2119 1506 2159 ratione
1524 2133 1620 2174 opus
1643 2119 1667 2160 3

128 2181 362 2234 instruebat,
387 2190 445 2234 ut,
466 2198 551 2224 cum
575 2185 732 2240 propius
755 2185 935 2240 oppidum
958 2185 1090 2240 copias
1113 2185 1353 2226 admouisset
1374 2200 1620 2241 oppugnare-

130 2354 329 2396 eripuerunt
348 2355 449 2387 codd.
471 2355 512 2387 P.
526 2356 605 2388 214.
751 2357 764 2390 1
779 2358 890 2397 gratia
905 2355 1075 2389 Clarln’us
1092 2358 1254 2399 spurium
1274 2367 1348 2388 esse
1365 2357 1473 2389 uidit.

129 2405 149 2436 4
167 2409 242 2436 erat
258 2415 350 2437 unus
369 2406 453 2447 det„
475 2411 574 2439 eraut
591 2406 740 2448 reliqui.
760 2408 799 2438 P.
820 2408 887 2441 214
905 2411 1003 2439 eoetr.
1154 2407 1442 2448 transgredienda
1460 2420 1488 2449 c,
1509 2413 1621 2441 trans-

130 2455 336 2495 grediendae
355 2467 375 2488 ιι
396 2458 427 2489 b.
569 2459 589 2490 8
610 2469 686 2490 esse
706 2459 736 2499 b,
758 2469 827 2491 om.
848 2470 869 2492 a
890 2460 987 2491 ‘msa
1002 2459 1194 2502 pleriqzce'.
1341 2461 1381 2493 10
1400 2460 1543 2493 Caesari
1563 2473 1619 2494 su-

130 2507 199 2538 bito
218 2517 253 2538 se
272 2509 470 2542 ostenderet
487 2520 507 2542 a
527 2511 544 2542 b
564 2522 655 2542 imus
674 2511 746 2544 (let.
768 2514 922 2553 itemque
937 2514 1065 2554 paneis
1082 2514 1234 2544 mutatis
1254 2512 1388 2544 litteris
1405 2514 1557 2556 reliqui,
1579 2515 1620 2547 de

128 2560 254 2600 quibus
273 2564 432 2601 constat,·
457 2573 527 2595 om.
547 2563 661 2595 Aldus
680 2574 713 2595 n.
734 2564 773 2596 P.
794 2564 872 2598 215.
1022 2564 1063 2599 12
1081 2564 1258 2606 inprouiso
1277 2574 1312 2596 a.
1457 2565 1494 2598 13
1515 2571 1549 2598 et
1566 2568 1618 2608 (a)

128 2612 167 2643 P.
184 2611 378 2653 Manutius,
394 2619 431 2645 ut
451 2615 747 2657 ‘mss.plerz'que’.
891 2616 931 2648 14
945 2616 1173 2656 regredeundi
1189 2626 1222 2657 a,
1238 2616 1426 2658 gredeuudi
1441 2617 1471 2649 b.

130 2663 170 2695 15
190 2667 369 2705 postquam
386 2674 418 2704 α,
439 2675 507 2697 om.
529 2667 607 2699 edd.
628 2667 669 2699 P.
693 2667 747 2700 17.
953 2668 992 2700 16
1012 2668 1119 2700 abditi
1139 2678 1214 2711 ego,
1237 2668 1334 2700 abusi
1354 2669 1454 2701 codd.
1474 2669 1514 2701 P.
1534 2669 1613 2703 215.

270 2716 314 2749 22
328 2716 495 2758 equitum]
507 2719 678 2761 equitatus
700 2721 730 2752 b.
871 2721 914 2753 24
928 2720 968 2752 ab
984 2721 1035 2753 his
1049 2726 1084 2754 et
1096 2722 1168 2754 suis
1178 2724 1282 2763 puto.
1423 2722 1465 2755 25
1477 2720 1613 2754 Vzittae

128 2778 161 2807 a,
179 2765 300 2799 Vzitae
320 2778 355 2800 u.
501 2770 544 2804 26
564 2771 740 2813 planitiem
758 2783 790 2804 α.
941 2773 984 2806 27
1005 2774 1154 2816 dirigere
1175 2773 1334 2815 Lipsius,
1355 2773 1488 2814 erigere
1508 2775 1610 2807 codd.

269 2820 312 2852 ,28
331 2821 577 2853 conuenireta.
747 2824 781 2855 id
800 2824 861 2856 hac
881 2823 1122 2867 Rhome-anus,
1144 2825 1176 2856 in
1197 2825 1259 2856 hac
1280 2825 1359 2864 b,·1.
1382 2824 1404 2855 i.
1426 2835 1467 2865 a,
1489 2825 1514 2857 Ι.
1535 2826 1557 2857 i.
1580 2837 1610 2867 c,

128 2874 150 2903 ii
170 2872 246 2904 eod.
268 2871 348 2904 l‘rs.
366 2885 376 2904 .-
395 2883 486 2915 qnac
504 2874 592 2916 qnid
607 2876 824 2916 signfficmzt,
846 2878 976 2908 nescio.
1117 2877 1160 2911 29
1180 2875 1349 2919 oppidum]
1371 2875 1518 2908 hostiurn
1540 2878 1571 2909 b.

1296 2929 1350 2971 44
1364 2929 1382 2950 *
