1835 3240
134 561 151 592 5

113 901 152 932 10

116 1241 153 1273 15

114 1578 156 1612 20

116 1919 158 1953 25

118 2257 160 2290 30

608 162 790 206 COMM.
816 163 835 204 1
865 161 990 204 CAP.
1017 161 1214 205 18—-20,
1652 162 1734 206 267

182 287 383 327 curasset,
418 278 519 332 quod
550 290 597 318 ea
629 278 759 318 omnia
791 291 870 318 non
901 276 1015 318 modo
1033 275 1187 317 iniussu
1209 289 1281 316 suo
1303 282 1343 315 et
1364 276 1560 327 ciuitatis,
1592 277 1663 318 sed

181 350 296 390 etiam
328 346 592 387 inscientibus
621 345 717 399 ipsis
748 345 934 395 fecisset,
969 344 1070 398 quod
1101 358 1125 384 a
1154 343 1389 398 magistratu
1411 342 1663 384 Haeduorum

178 422 450 465 accusaretur,
474 415 572 455 satis
594 428 683 454 esse
706 426 853 453 causae
875 413 1156 463 arbitrabatur,
1181 426 1302 466 quare
1324 412 1364 451 in
1386 425 1471 452 eum
1495 418 1562 452 aut
1582 411 1665 465 ipse

180 484 531 531 animaduerteret,
555 489 622 522 aut
643 481 844 522 ciuitatem
866 482 1183 521 animaduertere
1212 480 1380 521 iuberet.
1436 478 1509 519 His
1543 477 1667 519 omni-
1687 479 1715 520 2

183 553 253 593 bus
275 552 394 593 rebus
419 565 535 590 unum
557 549 819 603 repugnabat,
845 550 947 602 quod
960 548 1153 589 Diuitiaci
1176 549 1310 589 fratris
1332 562 1522 588 summum
1542 546 1584 586 in
1602 561 1666 600 po-

182 621 312 674 pulum
346 620 567 660 Romanum
601 617 793 666 studium,
828 631 1020 657 summam
1042 617 1083 657 iu
1105 630 1149 657 se
1171 616 1437 665 uoluntatem,
1470 615 1668 669 egregiam

182 689 311 738 fidem,
336 688 540 736 iustitiam,
565 686 868 738 temperantiam
891 691 1157 738 cognouerat:
1183 699 1288 733 nam,
1316 698 1364 724 ne
1381 684 1465 724 eius
1480 682 1670 737 supplicio

182 755 369 796 Diuitiaci
390 755 560 796 animum
584 754 817 802 offenderet,
843 753 1069 794 uerebatur.
1118 751 1255 808 Itaque
1279 752 1401 805 prius,
1427 766 1540 805 quam
1563 751 1670 805 quic·
1691 749 1716 791 3

183 838 296 877 quam
319 829 544 872 conaretur,
570 820 812 862 Diuitiacum
836 822 882 862 ad
905 835 949 862 se
971 821 1107 861 uocari
1129 820 1239 861 iubet
1261 827 1300 861 et
1323 820 1530 860 cotidianis
1548 819 1672 859 inter-

183 893 357 947 pretibus
388 891 549 932 remotis
580 904 650 944 per
682 887 731 930 C.
756 889 963 931 Valerium
995 887 1236 938 Procillum,
1270 888 1483 941 principem
1517 885 1672 927 Galliae

183 960 428 1014 prouinciae,
454 958 687 999 familiarem
711 973 852 1009 suum,
884 958 947 998 cui
979 971 1168 998 summam
1202 957 1371 997 omnium
1405 969 1536 996 rerum
1559 956 1674 996 fidem

185 1027 369 1077 habebat,
395 1041 482 1067 cum
506 1041 552 1067 eo
576 1026 837 1080 colloquitur:
864 1026 979 1066 simul
1002 1025 1318 1074 commonefacit,
1343 1038 1440 1077 quae
1462 1024 1547 1078 ipso
1560 1036 1674 1078 prae·
1693 1022 1720 1063 4

184 1103 297 1137 sente
327 1096 367 1136 in
398 1095 566 1136 concilio
590 1092 793 1135 Gallorum
817 1094 863 1134 de
884 1092 1131 1147 Dumnorige
1153 1094 1233 1134 sint
1255 1093 1384 1142 dicta,
1419 1099 1457 1132 et
1484 1091 1672 1140 ostendit,

186 1178 286 1218 quae
308 1164 518 1219 separatim
540 1164 704 1217 quisque
727 1164 773 1203 de
795 1176 842 1203 eo
864 1163 966 1216 apud
987 1176 1030 1203 se
1051 1162 1212 1202 dixerit.
1255 1159 1365 1201 Petit
1393 1167 1511 1213 atque
1540 1160 1673 1200 horta·
1695 1155 1721 1198 5

185 1239 265 1282 tur,
290 1239 333 1272 ut
354 1233 440 1273 sine
463 1233 548 1273 eius
571 1232 788 1272 offensione
810 1231 929 1271 animi
953 1231 1017 1271 uel
1036 1231 1122 1285 ipse
1144 1230 1191 1270 de
1213 1243 1259 1270 eo
1283 1242 1402 1269 causa
1425 1228 1583 1282 cognita
1595 1234 1677 1267 sta-

188 1307 286 1349 tuat,
312 1300 375 1340 uel
392 1301 592 1341 ciuitatem
616 1307 793 1341 statuere
815 1299 961 1339 iubeat.
991 1297 1214 1339 Diuitiacus
1238 1298 1370 1338 multis
1394 1311 1480 1337 cum
1500 1294 1672 1336 lacrimis
1692 1292 1750 1339 20

189 1365 405 1408 Caesarem
427 1369 655 1422 complexus
678 1367 888 1408 obsecrare
909 1367 1053 1421 coepit,
1086 1381 1136 1407 ne
1158 1367 1247 1420 quid
1269 1366 1432 1419 grauius
1454 1365 1493 1405 in
1516 1365 1677 1404 fratrem

193 1443 410 1478 statueret:
437 1433 551 1476 Scire
574 1449 618 1476 se
639 1435 703 1476 illa
727 1448 816 1475 esse
838 1448 948 1484 uera,
973 1448 1045 1475 nec
1067 1448 1295 1487 quemquam
1310 1447 1361 1474 ex
1385 1448 1431 1474 eo
1452 1434 1538 1487 plus
1561 1444 1676 1485 quam
1695 1429 1725 1472 2

189 1517 232 1544 se
254 1503 400 1544 doloris
423 1517 578 1557 capere,
603 1511 813 1557 propterea
835 1503 954 1556 quod,
978 1517 1063 1542 cum
1086 1503 1170 1556 ipse
1192 1502 1321 1555 gratia
1342 1501 1550 1554 plurimum
1573 1499 1678 1540 domi

188 1578 303 1624 atque
325 1572 363 1611 in
385 1571 535 1624 reliqua
558 1569 703 1620 Gallia,
728 1570 793 1610 ille
806 1571 1007 1610 minimum
1024 1577 1185 1624 propter
1198 1570 1503 1610 adolescentiam
1522 1573 1675 1622 posset,

191 1653 261 1693 per
281 1653 324 1680 se
346 1639 562 1689 creuisset3
588 1636 727 1691 quibus
750 1638 887 1692 opibus
910 1653 955 1678 ao
978 1639 1113 1679 neruis
1126 1652 1205 1678 non
1218 1639 1342 1678 solum
1361 1638 1409 1678 ad
1426 1636 1678 1677 minuendam
1699 1632 1724 1674 3

190 1707 382 1760 gratiam,
417 1706 483 1746 sed
517 1720 642 1760 paene
674 1707 721 1746 ad
753 1706 967 1760 perniciem
991 1720 1101 1746 suam
1125 1713 1317 1746 uteretur.
1362 1703 1463 1745 Sese
1485 1711 1618 1744 tamen
1640 1709 1680 1743 et

188 1789 322 1815 amore
346 1776 522 1815 fraterno
547 1780 586 1814 et
607 1774 902 1815 existimatione
925 1775 1032 1828 uulgi
1054 1774 1308 1815 commoueri.
1344 1771 1458 1826 Quod
1480 1773 1514 1813 si
1536 1771 1626 1826 quid
1643 1771 1680 1812 ei
1700 1770 1727 1810 4

188 1857 211 1883 a
233 1840 410 1883 Caesare
431 1842 592 1897 grauius
615 1842 847 1893 accidisset,
884 1857 968 1882 cum
992 1843 1076 1896 ipse
1098 1856 1188 1883 eum
1209 1843 1338 1883 locum
1360 1840 1557 1882 amicitiae
1579 1839 1681 1893 apud

191 1924 279 1951 eum
313 1917 482 1962 teneret,
516 1910 712 1950 neminem
744 1911 1064 1951 existimaturum
1088 1925 1167 1951 non
1190 1924 1262 1951 sua
1286 1910 1488 1951 uoluntate
1510 1909 1678 1957 factum,

191 1993 265 2031 qua
297 1992 349 2019 ex
378 1992 422 2019 re
453 1980 652 2028 futurum,
692 1979 748 2019 uti
780 1979 901 2019 totius
925 1977 1080 2020 Galliae
1111 1979 1230 2019 animi
1261 1993 1284 2020 a
1314 1993 1357 2020 se
1379 1983 1676 2019 auerterentur.

194 2045 302 2087 Haec
331 2060 416 2086 eum
450 2047 626 2101 pluribus
659 2047 792 2088 uerbis
825 2048 922 2088 flens
955 2062 977 2088 a
1012 2045 1188 2089 Caesare
1209 2054 1388 2102 peteret,
1423 2045 1576 2088 Caesar
1597 2043 1682 2085 eius
1703 2040 1729 2083 5

193 2114 371 2155 dextram
395 2115 573 2168 prendit3
599 2117 827 2156 consolatus
849 2123 981 2169 rogat,
1006 2118 1119 2157 finem
1149 2116 1289 2157 orandi
1310 2115 1450 2166 faciat,
1477 2113 1575 2155 tanti
1596 2111 1681 2152 eius

191 2183 292 2237 apud
313 2196 356 2223 se
377 2183 545 2236 gratiam
568 2197 656 2225 esse
679 2184 868 2235 ostendit,
897 2184 954 2224 uti
977 2192 1016 2225 et
1035 2184 1275 2238 reipublicae
1298 2184 1484 2225 iniuriam
1506 2187 1546 2222 et
1570 2193 1684 2222 suum

191 2250 364 2291 dolorem
388 2250 472 2291 eius
493 2252 688 2293 uoluntati
711 2267 756 2293 ac
779 2253 960 2306 precibus
983 2253 1195 2293 condonet.
1238 2251 1526 2305 Dumnorigem
1556 2249 1605 2290 ad
1637 2261 1681 2289 se
1702 2245 1729 2288 6

194 2326 332 2369 uocat,
367 2320 528 2360 fratrem
561 2321 744 2372 adbibet3
779 2335 878 2375 quae
900 2321 939 2361 in
960 2334 1005 2361 eo
1028 2321 1315 2375 reprehendat,
1351 2319 1537 2368 ostendit,
1583 2329 1683 2371 quae

336 2452 356 2484 2
375 2451 570 2483 Hedum-um
589 2463 624 2485 α.
768 2453 786 2486 6
810 2452 995 2485 Romanum
1016 2453 1131 2484 ‘abest
1149 2453 1192 2484 ab
1211 2463 1295 2484 msa.
1317 2452 1384 2485 12⁹.
1548 2452 1569 2484 8
1588 2450 1682 2493 quic-

197 2512 292 2543 quain
309 2503 412 2544 Aas,
433 2503 614 2545 quidquam
634 2505 679 2545 D,
701 2506 873 2547 quitquam
895 2506 937 2537 E.
1102 2506 1120 2537 9
1140 2505 1326 2536 cotidianis
1344 2515 1379 2536 a.
1546 2503 1586 2537 10
1606 2503 1686 2535 Pro-

199 2552 312 2584 cillum
331 2553 372 2594 d3
399 2553 631 2586 Troaucillum
653 2556 915 2587 ‘uetustissimi'
934 2555 1117 2594 Selzneid„
1138 2555 1352 2587 Traucillum
1371 2555 1432 2597 as.-
1453 2556 1549 2586 ‘nt-9³.
1568 2555 1686 2586 nostri

198 2602 401 2637 Troacillum
426 2607 484 2638 uel
506 2605 741 2639 Troaucillum
769 2607 826 2639 uel
849 2608 1086 2641 Traucillum⁷.
1115 2606 1198 2639 Vicl.
1227 2618 1257 2639 c.
1280 2608 1317 2640 ὲίῖ
1333 2632 1341 2648 ‚
1370 2608 1402 2639 4.
1433 2607 1486 2647 53,
1509 2608 1540 2638 5.

201 2654 354 2687 Galileae
376 2656 416 2689 C,
560 2658 598 2692 172
615 2660 879 2702 conloquiturf.
1037 2659 1078 2692 14
1097 2660 1332 2701 unusquisque
1351 2660 1382 2690 b.
1542 2657 1582 2690 16
1601 2656 1685 2689 mul-

201 2712 269 2738 tum
287 2708 352 2738 ab·
491 2710 529 2742 17
552 2712 769 2753 complexans
788 2723 833 2744 m.
851 2721 911 2754 pr.
935 2713 965 2743 b.
1107 2711 1149 2744 20
1169 2710 1242 2753 ille]
1264 2711 1335 2753 ipse
1358 2710 1398 2742 C.
1542 2709 1677 2740 minime

200 2761 283 2789 ante
310 2768 401 2790 corr.
420 2770 454 2792 α.
615 2763 655 2796 21
686 2764 881 2796 creuissent
910 2763 956 2799 C,
985 2762 1139 2794 creuisse
1169 2762 1264 2793 ‘mss‚
1286 2761 1330 2801 θ’,
1359 2771 1434 2793 eum
1460 2759 1612 2792 creuisse
1629 2760 1675 2791 D.

257 2809 298 2841 27
319 2811 435 2842 uerbis
452 2812 535 2844 haec
554 2824 627 2846 cum
648 2815 860 2857 inct'pilfsol.
883 2814 901 2847 7
920 2814 961 2846 Β.
1060 2815 1104 2846 23
1123 2814 1279 2845 dextram
1299 2813 1435 2855 prendit
1456 2811 1684 2853 ‘mss.plures

201 2865 233 2893 et
252 2864 485 2903 anliqm'ores'
505 2865 588 2905 (B),·
608 2866 784 2898 dexteram
805 2867 941 2909 prendit
959 2867 1002 2899 E.
1145 2865 1409 2907 consolatusque
1430 2874 1505 2896 eum
1525 2868 1622 2904 rogat
1633 2863 1679 2896 D.
