1835 3240
116 187 199 229 656
628 189 799 230 BELLI
831 186 1237 230 ALEXANDRINl

193 301 384 342 infirmum
408 315 496 342 esse
518 303 683 352 sciebat,
702 303 913 356 adgressus
932 302 1107 355 equitatu
1124 301 1362 355 legionarios
1379 315 1421 343 se
1439 302 1674 356 recipientes

145 369 169 410 5
192 369 408 424 complures
442 370 676 410 nouissimos
710 370 747 408 in
771 369 938 409 fluminis
960 369 1057 423 ripis
1079 369 1293 409 interfecit.
1339 366 1439 410 Cum
1461 371 1533 411 hoc
1556 371 1675 411 detri-

194 445 350 488 mento‚
375 438 461 490 quid
487 437 674 477 transitus
698 437 867 477 fluminis
891 437 962 477 uiti
985 437 1297 490 difficultatisque
1319 437 1506 488 haberet,
1540 439 1673 492 cogni-

193 513 272 546 tum
294 512 400 546 esset
417 536 426 554 ,
450 503 667 544 Marcellus
691 512 823 544 castra
846 503 998 545 Baetim
1024 506 1238 553 transfert,
1276 504 1493 558 crebroque
1516 514 1676 559 uterque

192 573 368 626 legiones
392 573 429 611 in
453 572 576 612 aciem
600 573 751 624 educit3
777 587 903 626 neque
926 580 1056 614 tamen
1079 572 1299 626 confligitur
1320 579 1479 625 propter
1499 574 1669 614 locorum

116 641 167 685 61
191 641 449 681 difficultates.
494 638 592 679 Erat
617 640 739 693 copiis
763 640 1008 694 pedestribus
1031 641 1151 680 multo
1174 640 1324 680 firmior
1344 639 1584 680 Marcellus:
1610 643 1676 682 ha-

190 709 306 749 bebat
335 707 435 747 enim
469 714 677 747 ueterauas
707 708 914 760 multisque
946 708 1104 762 proeliis
1128 715 1314 761 expertas
1336 709 1529 762 legiones.
1574 707 1675 749 Cas-

141 777 167 819 2
190 777 270 816 sius
311 776 396 815 lidei
437 775 560 828 magis
591 789 704 828 quam
737 776 874 815 uirtuti
898 776 1096 830 legionum
1119 776 1352 816 confidebat.
1395 774 1555 829 Itaque,
1590 789 1675 816 cum

189 851 319 883 castra
341 843 483 883 castris
507 844 647 884 collata
670 851 829 893 essent,
865 852 904 884 et
925 842 1140 884 Marcellus
1162 844 1288 884 locum
1310 845 1492 884 idoneum
1515 845 1676 884 castello

189 911 381 965 cepisset,
407 925 480 964 quo
503 912 709 965 prohibere
731 926 832 965 aqua
855 910 1071 953 Cassianos
1095 918 1251 966 posset,
1276 910 1483 965 Longinus
1506 911 1672 959 ueritus,

190 993 237 1019 ne
259 993 405 1033 genere
428 980 591 1032 quodam
615 979 830 1020 obsidionis
854 980 1104 1020 clauderetur
1124 980 1165 1019 in
1184 980 1410 1032 regionibus
1428 980 1567 1020 alienis
1585 979 1677 1020 sibi-

192 1061 264 1100 que
286 1047 458 1097 infestis,
476 1055 595 1088 noctu
617 1048 774 1088 silentio
798 1062 849 1088 ex
872 1048 1012 1088 castris
1036 1048 1297 1101 proficiscitur
1319 1048 1512 1102 celerique
1533 1048 1676 1087 itinere

143 1113 167 1153 3
191 1114 320 1156 Vliam
343 1116 560 1165 contendit,
586 1117 687 1169 quod
710 1116 781 1155 sibi
805 1116 917 1155 fidele
941 1130 1030 1156 esse
1054 1116 1232 1169 oppidum
1256 1116 1455 1156 credebat.
1497 1114 1555 1155 Ibi
1578 1115 1674 1155 adeo

188 1183 398 1223 coniuncta
432 1184 542 1237 pouit
572 1184 777 1223 moenibus
801 1191 931 1223 castra
948 1214 957 1231 ,
995 1191 1035 1223 ut
1057 1190 1095 1223 et
1118 1184 1191 1223 loci
1214 1191 1356 1223 natura
1377 1187 1562 1237 (namque
1586 1182 1675 1223 Vlia

187 1251 228 1290 in
261 1251 364 1291 edito
396 1258 528 1290 moute
561 1252 687 1304 posita
711 1257 789 1303 est)
813 1258 852 1290 et
874 1252 955 1304 ipsa
979 1251 1197 1291 munitione
1220 1251 1326 1290 urbis
1348 1252 1517 1304 undique
1539 1251 1585 1290 ab
1609 1265 1675 1303 op-

138 1318 166 1357 4
187 1318 424 1372 pugnatione
479 1325 582 1357 lutus
626 1325 746 1358 esset.
809 1318 927 1358 Hunc
968 1318 1185 1359 Marcellus
1226 1320 1447 1372 insequitur
1487 1325 1525 1359 et
1565 1331 1678 1370 quam

188 1385 367 1440 proxime
397 1393 523 1440 potest
556 1384 685 1426 Vliam
720 1394 850 1426 castra
882 1388 1023 1427 castris
1055 1388 1209 1426 confert
1236 1387 1491 1440 locorumque
1521 1387 1677 1439 cognita

187 1461 354 1504 natura,
391 1468 465 1507 quo
497 1454 668 1494 maxime
700 1469 781 1495 rem
814 1456 1006 1495 deducere
1039 1455 1219 1505 uolebat,
1253 1455 1490 1496 necessitate
1523 1461 1582 1495 est
1612 1455 1676 1494 de-

188 1523 325 1562 ductus
341 1553 350 1571 ,
390 1529 432 1561 ut
454 1536 582 1575 neque
606 1523 838 1576 confligeret
861 1523 991 1576 (cuius
1014 1524 1047 1563 si
1069 1524 1126 1563 rei
1149 1524 1312 1563 facultas
1335 1530 1464 1573 esset,
1488 1524 1675 1563 resistere

186 1590 359 1630 incitatis
392 1590 577 1630 militibus
610 1605 685 1630 non
719 1598 890 1645 poterat)
917 1605 1042 1644 neque
1066 1592 1201 1646 uagari
1226 1589 1407 1632 Cassium
1430 1591 1547 1631 latius
1571 1597 1676 1644 pate·

186 1665 322 1707 retur,
351 1672 399 1698 ne
421 1659 552 1711 plures
575 1659 755 1699 ciuitates
780 1674 824 1699 ea
846 1667 1077 1713 paterentur
1093 1691 1103 1709 ‚
1138 1674 1235 1712 quae
1258 1659 1363 1713 passi
1387 1667 1501 1699 eraut
1523 1658 1676 1700 Cordu-

187 1728 343 1767 benses.
390 1722 577 1766 Castellis
610 1727 761 1767 idoneis
794 1728 890 1767 locis
924 1728 1125 1767 collocatis
1155 1728 1417 1780 operibusque
1445 1727 1675 1767 incircuitu

186 1794 313 1847 oppidi
342 1794 579 1833 continuatis
603 1793 734 1834 Vliam
758 1792 1023 1848 Cassiumque
1055 1795 1338 1835 munitionibus
1361 1795 1516 1834 clausit.
1563 1792 1674 1846 Quae

186 1862 412 1915 priusquam
436 1863 734 1914 perficerentur,
757 1861 960 1916 Longinus
983 1877 1135 1902 omnem
1155 1878 1266 1903 suum
1285 1863 1498 1915 equitatum
1518 1863 1671 1912 emisit.;

189 1943 303 1982 quem
323 1928 397 1968 sibi
420 1930 506 1969 usui
533 1931 614 1970 fore
639 1931 839 1979 credebat,
864 1931 893 1970 si
919 1931 1095 1984 pabulari
1118 1931 1426 1984 frumentarique
1439 1929 1674 1970 Marcellum

187 2011 266 2036 non
289 2003 506 2050 pateretur,
526 2012 665 2051 magno
689 2005 817 2038 autem
843 1999 924 2038 l'ore
942 1998 1232 2051 impedimento,
1249 2000 1280 2039 si
1300 1999 1455 2039 clausus
1475 1998 1676 2037 obsidione

108 2065 164 2109 62
186 2072 225 2105 et
253 2065 404 2105 inutilis
437 2066 703 2105 necessarium
728 2074 977 2106 consumeret
1001 2068 1250 2107 l'rumentum.
1295 2066 1518 2118 Paucisque
1541 2066 1674 2105 diebus

187 2129 304 2173 Cassi
335 2133 479 2174 litteris
512 2135 684 2188 acceptis
716 2148 789 2174 rcx
812 2133 948 2188 Bogud
981 2149 1065 2175 cum
1091 2136 1212 2188 copiis
1234 2135 1344 2174 uenit
1364 2134 1617 2186 adiungitque
1639 2133 1673 2171 ei

185 2200 357 2255 legioni,
393 2216 506 2254 quam
538 2216 670 2242 secum
704 2203 949 2251 adduxerat,
985 2204 1202 2256 complures
1236 2203 1418 2243 cobortes
1442 2201 1673 2240 auxiliarias

187 2268 472 2323 Hispanorum.
508 2269 706 2323 Namque,
729 2278 770 2310 ut
791 2271 829 2310 in
854 2270 1032 2310 ciuilibus
1056 2271 1367 2311 dissensionibus
1387 2269 1564 2309 accidere
1582 2283 1672 2308 con-

139 1726 163 1766 Q(

137 2268 164 2308 10

183 2338 341 2388 sueuit,
378 2338 429 2377 ita
464 2338 700 2392 temporibus
736 2339 811 2378 illis
845 2339 884 2378 in
908 2338 1096 2393 Hispania
1121 2339 1330 2379 nonnullae
1354 2338 1534 2378 ciuitates
1558 2337 1672 2376 rebus

331 2464 342 2495 1
366 2464 549 2504 adgressus
571 2475 604 2496 a.
746 2467 764 2496 2
778 2464 953 2496 interfecit
972 2475 991 2495 a
1013 2465 1108 2496 ‘ms-s.
1126 2462 1168 2504 4‘,
1184 2464 1346 2495 interficit
1363 2463 1476 2495 Aldus
1495 2472 1516 2493 u

184 2515 203 2547 3
223 2515 271 2546 uti
291 2525 310 2546 a
333 2516 349 2546 b
369 2519 403 2546 et
420 2526 579 2556 suppose.
603 2516 710 2546 litatis
730 2527 758 2556 e,
780 2516 941 2547 utilitatis
961 2516 994 2547 cl.
1193 2515 1476 2556 difficultatesque
1495 2524 1528 2544 α.

182 2565 202 2598 9
222 2565 349 2597 collata
369 2566 582 2608 Stephanus.
606 2567 775 2598 collocata
795 2568 894 2599 codd.
1042 2568 1078 2600 13
1092 2566 1201 2599 Vtiam
1222 2568 1297 2608 (a)?
1318 2567 1543 2599 Ciaoeonms.
1564 2563 1674 2596 Yllam

187 2618 330 2660 ‘ubique
348 2619 640 2661 711ss.'etposlea
659 2630 690 2650 a.
839 2630 913 2651 csse
933 2630 999 2651 om.
1025 2620 1055 2650 b.
1200 2619 1239 2651 14
1258 2624 1291 2650 et
1310 2619 1375 2650 loci
1397 2637 1435 2641 —
1455 2616 1531 2659 (15)
1550 2621 1583 2647 et
1602 2616 1676 2657 ipsa

184 2668 320 2709 Aldus;
343 2674 394 2700 est
414 2669 535 2700 loci-
554 2673 589 2699 ut
608 2670 680 2711 ipsa
701 2669 817 2708 codd.2
834 2671 908 2700 nisi
925 2669 1020 2710 quod
1038 2668 1090 2709 (a)
1109 2673 1143 2699 et
1160 2669 1227 2700 loci
1245 2672 1379 2700 seruat.
1526 2668 1564 2699 15
1579 2666 1621 2697 ad
1640 2675 1673 2696 α.

331 2720 371 2753 18
384 2720 523 2752 ualebat
542 2720 572 2750 b.
717 2720 881 2751 deductus
902 2729 989 2760 ego;
1009 2719 1150 2750 edoctus
1170 2730 1189 2751 α
1204 2730 1233 2760 c,
1255 2720 1373 2751 doctus
1394 2720 1434 2760 Ι),-
1455 2719 1622 2750 adductus
1640 2726 1673 2747 η.

330 2773 370 2805 19
383 2773 565 2813 confligere
584 2783 604 2803 a
627 2773 721 2802 ‘mss.
744 2771 786 2809 3’,
806 2771 992 2812 confugere
1014 2772 1044 2802 b.
1187 2771 1225 2804 21
1243 2781 1362 2813 passae
1381 2781 1414 2802 α.
1556 2769 1599 2802 25
1611 2767 1675 2800 sibi

185 2835 204 2856 a
225 2825 242 2856 b
261 2826 280 2856 2
299 2825 403 2865 dete„
423 2834 543 2864 magno
563 2823 628 2855 sibi
648 2821 764 2854 Aldus
784 2832 818 2852 u.
1007 2822 1049 2855 26
1071 2820 1143 2852 fore
1164 2832 1182 2852 α
1204 2822 1220 2852 b
1240 2822 1258 2854 3
1279 2822 1382 2862 dect„
1404 2832 1472 2853 om.
1494 2831 1528 2851 ιι.

185 2875 228 2911 27
246 2876 431 2918 paucisque
450 2885 471 2906 a
492 2875 587 2906 ‘ms-3.
609 2874 651 2915 3³,
673 2873 790 2916 paucis
810 2884 844 2904 u.
1045 2873 1088 2905 28
1105 2872 1202 2905 Cassi
1222 2884 1255 2906 a.
1443 2873 1553 2913 Bogus
1573 2870 1673 2903 codd.

328 2929 370 2963 29
391 2928 515 2969 legioni
534 2945 578 2950 —
595 2926 786 2968 complures
813 2926 993 2965 Jum‘m‘as,
1020 2925 1188 2965 legionem
1215 2944 1258 2950 —
1284 2925 1541 2968 compluresque
1568 2923 1668 2956 codd.

186 2981 225 3012 P.
248 2981 324 3014 199.
468 2979 660 3012 auxiliarlis
679 2989 712 3010 α.
854 2977 892 3010 31
917 2977 1087 3020 Hyspania
1108 2988 1141 3009 a.

1710 919 1748 951 10

1712 1257 1748 1288 15

1707 1598 1749 1630 20

1706 1937 1747 1969 25

1706 2275 1747 2307 30
