<?xml version="1.0" encoding="UTF-8"?>
<!DOCTYPE html PUBLIC "-//W3C//DTD XHTML 1.0 Transitional//EN"
    "http://www.w3.org/TR/xhtml1/DTD/xhtml1-transitional.dtd">
<html xmlns="http://www.w3.org/1999/xhtml" xml:lang="en" lang="en">
 <head>
  <title>
</title>
<meta http-equiv="Content-Type" content="text/html;charset=utf-8" />
  <meta name='ocr-system' content='tesseract 3.04.00' />
  <meta name='ocr-capabilities' content='ocr_page ocr_carea ocr_par ocr_line ocrx_word'/>
</head>
<body>
  <div class='ocr_page' id='page_1' title='image "./commentarii00caesuoft_0163.png"; bbox 0 0 1835 3240; ppageno 0'>
   <div class='ocr_carea' id='block_1_1' title="bbox 722 168 1151 209">
    <p class='ocr_par' dir='ltr' id='par_1_1' title="bbox 722 168 1151 209">
     <span class='ocr_line' id='line_1_1' title="bbox 722 168 1151 209; baseline 0.005 -1"><span class='ocrx_word' id='word_1_1' title='bbox 722 168 1151 209; x_wconf 70' lang='lat'>——153—</span> 
     </span>
    </p>
   </div>
   <div class='ocr_carea' id='block_1_2' title="bbox 199 279 1693 2921">
    <p class='ocr_par' dir='ltr' id='par_1_2' title="bbox 199 279 1693 2921">
     <span class='ocr_line' id='line_1_2' title="bbox 314 279 1684 333; baseline 0.001 -8"><span class='ocrx_word' id='word_1_2' title='bbox 314 284 405 325; x_wconf 90' lang='lat' dir='ltr'>Lib.</span> <span class='ocrx_word' id='word_1_3' title='bbox 431 281 490 323; x_wconf 92' lang='lat' dir='ltr'>Ill</span> <span class='ocrx_word' id='word_1_4' title='bbox 507 312 516 329; x_wconf 82' lang='lat'>‚</span> <span class='ocrx_word' id='word_1_5' title='bbox 541 282 566 321; x_wconf 73' lang='lat'><strong>2</strong></span> <span class='ocrx_word' id='word_1_6' title='bbox 590 282 684 321; x_wconf 87' lang='lat' dir='ltr'>haec</span> <span class='ocrx_word' id='word_1_7' title='bbox 707 282 752 321; x_wconf 83' lang='lat' dir='ltr'>de</span> <span class='ocrx_word' id='word_1_8' title='bbox 776 279 953 322; x_wconf 79' lang='lat' dir='ltr'>Caesare</span> <span class='ocrx_word' id='word_1_9' title='bbox 976 282 1183 333; x_wconf 80' lang='lat' dir='ltr'>leguntur:</span> <span class='ocrx_word' id='word_1_10' title='bbox 1221 288 1230 306; x_wconf 83' lang='lat'>‘</span> <span class='ocrx_word' id='word_1_11' title='bbox 1247 282 1321 322; x_wconf 88' lang='lat' dir='ltr'>His</span> <span class='ocrx_word' id='word_1_12' title='bbox 1353 285 1472 324; x_wconf 88' lang='lat' dir='ltr'>rebus</span> <span class='ocrx_word' id='word_1_13' title='bbox 1504 294 1541 325; x_wconf 86' lang='lat' dir='ltr'>et</span> <span class='ocrx_word' id='word_1_14' title='bbox 1576 288 1684 327; x_wconf 86' lang='lat' dir='ltr'>feriis</span> 
     </span>
     <span class='ocr_line' id='line_1_3' title="bbox 201 348 1684 403; baseline 0.001 -10"><span class='ocrx_word' id='word_1_15' title='bbox 201 352 357 393; x_wconf 88' lang='lat' dir='ltr'>Latinis</span> <span class='ocrx_word' id='word_1_16' title='bbox 380 350 624 402; x_wconf 79' lang='lat' dir='ltr'>comitiisque</span> <span class='ocrx_word' id='word_1_17' title='bbox 655 350 832 389; x_wconf 87' lang='lat' dir='ltr'>omuibus</span> <span class='ocrx_word' id='word_1_18' title='bbox 856 351 1103 403; x_wconf 87' lang='lat' dir='ltr'>perficiendis</span> <span class='ocrx_word' id='word_1_19' title='bbox 1125 348 1188 389; x_wconf 89' lang='lat' dir='ltr'>XI</span> <span class='ocrx_word' id='word_1_20' title='bbox 1210 350 1292 390; x_wconf 85' lang='lat' dir='ltr'>dies</span> <span class='ocrx_word' id='word_1_21' title='bbox 1316 352 1451 391; x_wconf 77' lang='lat' dir='ltr'>tribuit</span> <span class='ocrx_word' id='word_1_22' title='bbox 1473 353 1684 394; x_wconf 85' lang='lat' dir='ltr'>dictatura-</span> 
     </span>
     <span class='ocr_line' id='line_1_4' title="bbox 202 417 1682 474; baseline -0.001 -13"><span class='ocrx_word' id='word_1_23' title='bbox 202 435 274 474; x_wconf 89' lang='lat' dir='ltr'>que</span> <span class='ocrx_word' id='word_1_24' title='bbox 307 434 350 459; x_wconf 86' lang='lat' dir='ltr'>se</span> <span class='ocrx_word' id='word_1_25' title='bbox 385 419 537 458; x_wconf 89' lang='lat' dir='ltr'>abdicat</span> <span class='ocrx_word' id='word_1_26' title='bbox 566 425 604 458; x_wconf 88' lang='lat' dir='ltr'>et</span> <span class='ocrx_word' id='word_1_27' title='bbox 634 417 680 458; x_wconf 88' lang='lat' dir='ltr'>ab</span> <span class='ocrx_word' id='word_1_28' title='bbox 712 417 808 457; x_wconf 87' lang='lat' dir='ltr'>urbe</span> <span class='ocrx_word' id='word_1_29' title='bbox 843 419 1103 471; x_wconf 85' lang='lat' dir='ltr'>proficiscitur</span> <span class='ocrx_word' id='word_1_30' title='bbox 1124 417 1453 472; x_wconf 77' lang='lat' dir='ltr'>Brundisiumque</span> <span class='ocrx_word' id='word_1_31' title='bbox 1486 422 1682 473; x_wconf 78' lang='lat' dir='ltr'>peruenit.</span> 
     </span>
     <span class='ocr_line' id='line_1_5' title="bbox 200 484 1686 540; baseline 0 -13"><span class='ocrx_word' id='word_1_32' title='bbox 200 487 260 527; x_wconf 90' lang='lat' dir='ltr'>Eo</span> <span class='ocrx_word' id='word_1_33' title='bbox 283 487 459 540; x_wconf 83' lang='lat' dir='ltr'>legiones</span> <span class='ocrx_word' id='word_1_34' title='bbox 481 484 562 526; x_wconf 81' lang='lat' dir='ltr'>XII</span> <span class='ocrx_word' id='word_1_35' title='bbox 593 493 631 526; x_wconf 89' lang='lat' dir='ltr'>et</span> <span class='ocrx_word' id='word_1_36' title='bbox 662 486 875 538; x_wconf 79' lang='lat' dir='ltr'>equit-atum</span> <span class='ocrx_word' id='word_1_37' title='bbox 910 501 1061 526; x_wconf 85' lang='lat' dir='ltr'>omnem</span> <span class='ocrx_word' id='word_1_38' title='bbox 1086 487 1224 527; x_wconf 88' lang='lat' dir='ltr'>uenire</span> <span class='ocrx_word' id='word_1_39' title='bbox 1246 487 1432 527; x_wconf 88' lang='lat' dir='ltr'>iusserat.</span> <span class='ocrx_word' id='word_1_40' title='bbox 1499 484 1579 526; x_wconf 85' lang='lat' dir='ltr'>Sed</span> <span class='ocrx_word' id='word_1_41' title='bbox 1602 495 1686 527; x_wconf 83' lang='lat' dir='ltr'>tan-</span> 
     </span>
     <span class='ocr_line' id='line_1_6' title="bbox 199 553 1685 608; baseline -0.001 -13"><span class='ocrx_word' id='word_1_42' title='bbox 199 564 279 595; x_wconf 88' lang='lat' dir='ltr'>tum</span> <span class='ocrx_word' id='word_1_43' title='bbox 303 556 459 595; x_wconf 86' lang='lat' dir='ltr'>nauium</span> <span class='ocrx_word' id='word_1_44' title='bbox 481 554 649 608; x_wconf 81' lang='lat' dir='ltr'>reperit,</span> <span class='ocrx_word' id='word_1_45' title='bbox 686 561 727 593; x_wconf 87' lang='lat' dir='ltr'>ut</span> <span class='ocrx_word' id='word_1_46' title='bbox 749 561 915 606; x_wconf 86' lang='lat' dir='ltr'>anguste</span> <span class='ocrx_word' id='word_1_47' title='bbox 938 553 1020 594; x_wconf 77' lang='lat' dir='ltr'>XV</span> <span class='ocrx_word' id='word_1_48' title='bbox 1044 555 1144 595; x_wconf 80' lang='lat' dir='ltr'>milia</span> <span class='ocrx_word' id='word_1_49' title='bbox 1170 555 1481 608; x_wconf 79' lang='lat' dir='ltr'>legionariorum</span> <span class='ocrx_word' id='word_1_50' title='bbox 1503 555 1685 603; x_wconf 85' lang='lat' dir='ltr'>militum,</span> 
     </span>
     <span class='ocr_line' id='line_1_7' title="bbox 199 620 1687 676; baseline -0.001 -13"><span class='ocrx_word' id='word_1_51' title='bbox 199 622 236 663; x_wconf 90' lang='lat' dir='ltr'>D</span> <span class='ocrx_word' id='word_1_52' title='bbox 259 623 410 676; x_wconf 77' lang='lat' dir='ltr'>equites</span> <span class='ocrx_word' id='word_1_53' title='bbox 433 628 703 674; x_wconf 75' lang='lat' dir='ltr'>transportare</span> <span class='ocrx_word' id='word_1_54' title='bbox 725 629 900 674; x_wconf 79' lang='lat' dir='ltr'>possent.</span> <span class='ocrx_word' id='word_1_55' title='bbox 945 621 1030 661; x_wconf 86' lang='lat' dir='ltr'>Hoc</span> <span class='ocrx_word' id='word_1_56' title='bbox 1055 637 1189 672; x_wconf 86' lang='lat' dir='ltr'>uuum,</span> <span class='ocrx_word' id='word_1_57' title='bbox 1214 623 1345 676; x_wconf 91' lang='lat' dir='ltr'>inopia</span> <span class='ocrx_word' id='word_1_58' title='bbox 1368 623 1549 673; x_wconf 76' lang='lat' dir='ltr'>nauium,</span> <span class='ocrx_word' id='word_1_59' title='bbox 1584 620 1687 663; x_wconf 86' lang='lat' dir='ltr'>Cae-</span> 
     </span>
     <span class='ocr_line' id='line_1_8' title="bbox 199 689 1688 744; baseline -0.001 -14"><span class='ocrx_word' id='word_1_60' title='bbox 199 691 278 731; x_wconf 87' lang='lat' dir='ltr'>sari</span> <span class='ocrx_word' id='word_1_61' title='bbox 301 692 348 730; x_wconf 92' lang='lat' dir='ltr'>ad</span> <span class='ocrx_word' id='word_1_62' title='bbox 373 690 612 730; x_wconf 81' lang='lat' dir='ltr'>celeritatem</span> <span class='ocrx_word' id='word_1_63' title='bbox 636 689 863 729; x_wconf 88' lang='lat' dir='ltr'>conficiendi</span> <span class='ocrx_word' id='word_1_64' title='bbox 887 690 974 729; x_wconf 88' lang='lat' dir='ltr'>belli</span> <span class='ocrx_word' id='word_1_65' title='bbox 999 691 1133 729; x_wconf 89' lang='lat' dir='ltr'>defuit.</span> <span class='ocrx_word' id='word_1_66' title='bbox 1173 690 1307 743; x_wconf 85' lang='lat' dir='ltr'>Atque</span> <span class='ocrx_word' id='word_1_67' title='bbox 1330 691 1400 730; x_wconf 83' lang='lat' dir='ltr'>liae</span> <span class='ocrx_word' id='word_1_68' title='bbox 1422 691 1530 743; x_wconf 83' lang='lat' dir='ltr'>ipsae</span> <span class='ocrx_word' id='word_1_69' title='bbox 1553 691 1688 744; x_wconf 89' lang='lat' dir='ltr'>copiae</span> 
     </span>
     <span class='ocr_line' id='line_1_9' title="bbox 201 757 1687 811; baseline 0.001 -13"><span class='ocrx_word' id='word_1_70' title='bbox 201 760 274 799; x_wconf 91' lang='lat' dir='ltr'>hoc</span> <span class='ocrx_word' id='word_1_71' title='bbox 296 758 625 811; x_wconf 84' lang='lat' dir='ltr'>infrequentiores</span> <span class='ocrx_word' id='word_1_72' title='bbox 647 757 904 811; x_wconf 88' lang='lat' dir='ltr'>imponuntur</span> <span class='ocrx_word' id='word_1_73' title='bbox 919 789 928 806; x_wconf 78' lang='grc'>,</span> <span class='ocrx_word' id='word_1_74' title='bbox 961 758 1061 810; x_wconf 89' lang='lat' dir='ltr'>quod</span> <span class='ocrx_word' id='word_1_75' title='bbox 1091 758 1200 798; x_wconf 85' lang='lat' dir='ltr'>multi</span> <span class='ocrx_word' id='word_1_76' title='bbox 1223 758 1386 798; x_wconf 75' lang='lat' dir='ltr'>Gallicis</span> <span class='ocrx_word' id='word_1_77' title='bbox 1410 766 1468 798; x_wconf 91' lang='lat' dir='ltr'>tot</span> <span class='ocrx_word' id='word_1_78' title='bbox 1488 759 1599 799; x_wconf 87' lang='lat' dir='ltr'>bellis</span> <span class='ocrx_word' id='word_1_79' title='bbox 1623 761 1687 799; x_wconf 85' lang='lat' dir='ltr'>de—</span> 
     </span>
     <span class='ocr_line' id='line_1_10' title="bbox 201 825 1688 880; baseline 0.001 -15"><span class='ocrx_word' id='word_1_80' title='bbox 201 828 400 874; x_wconf 79' lang='lat' dir='ltr'>fecerant⁷</span> <span class='ocrx_word' id='word_1_81' title='bbox 436 826 671 879; x_wconf 84' lang='lat' dir='ltr'>longumque</span> <span class='ocrx_word' id='word_1_82' title='bbox 702 826 779 865; x_wconf 87' lang='lat' dir='ltr'>iter</span> <span class='ocrx_word' id='word_1_83' title='bbox 811 840 863 864; x_wconf 81' lang='lat' dir='ltr'>ex</span> <span class='ocrx_word' id='word_1_84' title='bbox 896 825 1084 879; x_wconf 81' lang='lat' dir='ltr'>Hispania</span> <span class='ocrx_word' id='word_1_85' title='bbox 1120 840 1299 880; x_wconf 86' lang='lat' dir='ltr'>magnum</span> <span class='ocrx_word' id='word_1_86' title='bbox 1332 841 1534 866; x_wconf 88' lang='lat' dir='ltr'>numerum</span> <span class='ocrx_word' id='word_1_87' title='bbox 1568 827 1688 866; x_wconf 87' lang='lat' dir='ltr'>demi-</span> 
     </span>
     <span class='ocr_line' id='line_1_11' title="bbox 200 892 1688 946; baseline 0.001 -13"><span class='ocrx_word' id='word_1_88' title='bbox 200 901 357 941; x_wconf 76' lang='lat' dir='ltr'>nuerat,</span> <span class='ocrx_word' id='word_1_89' title='bbox 382 901 421 934; x_wconf 87' lang='lat' dir='ltr'>et</span> <span class='ocrx_word' id='word_1_90' title='bbox 444 894 577 946; x_wconf 83' lang='lat' dir='ltr'>grauis</span> <span class='ocrx_word' id='word_1_91' title='bbox 601 900 811 933; x_wconf 88' lang='lat' dir='ltr'>autumnus</span> <span class='ocrx_word' id='word_1_92' title='bbox 832 894 871 933; x_wconf 88' lang='lat' dir='ltr'>in</span> <span class='ocrx_word' id='word_1_93' title='bbox 889 892 1031 946; x_wconf 77' lang='lat' dir='ltr'>Apulia</span> <span class='ocrx_word' id='word_1_94' title='bbox 1045 893 1272 946; x_wconf 80' lang='lat' dir='ltr'>circumque</span> <span class='ocrx_word' id='word_1_95' title='bbox 1291 892 1545 934; x_wconf 88' lang='lat' dir='ltr'>Brundisium</span> <span class='ocrx_word' id='word_1_96' title='bbox 1561 908 1611 933; x_wconf 80' lang='lat' dir='ltr'>ex</span> <span class='ocrx_word' id='word_1_97' title='bbox 1626 908 1688 934; x_wconf 89' lang='lat' dir='ltr'>sa-</span> 
     </span>
     <span class='ocr_line' id='line_1_12' title="bbox 200 959 1687 1015; baseline 0.001 -14"><span class='ocrx_word' id='word_1_98' title='bbox 200 962 422 1001; x_wconf 89' lang='lat' dir='ltr'>luberrimis</span> <span class='ocrx_word' id='word_1_99' title='bbox 445 959 599 1001; x_wconf 87' lang='lat' dir='ltr'>Galliae</span> <span class='ocrx_word' id='word_1_100' title='bbox 630 968 744 1014; x_wconf 88' lang='lat' dir='ltr'>atque</span> <span class='ocrx_word' id='word_1_101' title='bbox 771 960 985 1014; x_wconf 85' lang='lat' dir='ltr'>Hispaniae</span> <span class='ocrx_word' id='word_1_102' title='bbox 1018 961 1246 1015; x_wconf 88' lang='lat' dir='ltr'>regionibus</span> <span class='ocrx_word' id='word_1_103' title='bbox 1279 977 1431 1003; x_wconf 88' lang='lat' dir='ltr'>omnem</span> <span class='ocrx_word' id='word_1_104' title='bbox 1465 963 1687 1003; x_wconf 83' lang='lat' dir='ltr'>exercitum</span> 
     </span>
     <span class='ocr_line' id='line_1_13' title="bbox 200 1028 1689 1084; baseline 0.001 -15"><span class='ocrx_word' id='word_1_105' title='bbox 200 1030 424 1069; x_wconf 88' lang='lat' dir='ltr'>ualetudine</span> <span class='ocrx_word' id='word_1_106' title='bbox 447 1030 736 1083; x_wconf 76' lang='lat' dir='ltr'>temptauerat&#39;.</span> <span class='ocrx_word' id='word_1_107' title='bbox 781 1028 857 1069; x_wconf 87' lang='lat' dir='ltr'>Hic</span> <span class='ocrx_word' id='word_1_108' title='bbox 883 1029 1004 1069; x_wconf 89' lang='lat' dir='ltr'>uerba</span> <span class='ocrx_word' id='word_1_109' title='bbox 1029 1029 1185 1084; x_wconf 85' lang='lat' dir='ltr'>‘inopia</span> <span class='ocrx_word' id='word_1_110' title='bbox 1209 1030 1386 1070; x_wconf 65' lang='lat' dir='ltr'>nauium*</span> <span class='ocrx_word' id='word_1_111' title='bbox 1412 1031 1576 1071; x_wconf 84' lang='lat' dir='ltr'>delenda</span> <span class='ocrx_word' id='word_1_112' title='bbox 1599 1045 1689 1071; x_wconf 90' lang='lat' dir='ltr'>esse</span> 
     </span>
     <span class='ocr_line' id='line_1_14' title="bbox 200 1096 1686 1152; baseline 0.001 -15"><span class='ocrx_word' id='word_1_113' title='bbox 200 1096 476 1138; x_wconf 76' lang='lat' dir='ltr'>HotOmannus</span> <span class='ocrx_word' id='word_1_114' title='bbox 499 1098 717 1151; x_wconf 75' lang='lat' dir='ltr'>perspexit:</span> <span class='ocrx_word' id='word_1_115' title='bbox 745 1111 870 1151; x_wconf 87' lang='lat' dir='ltr'>neque</span> <span class='ocrx_word' id='word_1_116' title='bbox 893 1098 995 1138; x_wconf 89' lang='lat' dir='ltr'>enim</span> <span class='ocrx_word' id='word_1_117' title='bbox 1018 1098 1166 1151; x_wconf 77' lang='lat' dir='ltr'>inopia,</span> <span class='ocrx_word' id='word_1_118' title='bbox 1194 1099 1262 1139; x_wconf 90' lang='lat' dir='ltr'>sed</span> <span class='ocrx_word' id='word_1_119' title='bbox 1287 1099 1398 1152; x_wconf 89' lang='lat' dir='ltr'>copia</span> <span class='ocrx_word' id='word_1_120' title='bbox 1413 1100 1567 1139; x_wconf 87' lang='lat' dir='ltr'>nauium</span> <span class='ocrx_word' id='word_1_121' title='bbox 1584 1098 1686 1140; x_wconf 87' lang='lat' dir='ltr'>Cae-</span> 
     </span>
     <span class='ocr_line' id='line_1_15' title="bbox 201 1164 1687 1220; baseline 0.001 -14"><span class='ocrx_word' id='word_1_122' title='bbox 201 1166 281 1206; x_wconf 88' lang='lat' dir='ltr'>sari</span> <span class='ocrx_word' id='word_1_123' title='bbox 303 1166 452 1206; x_wconf 86' lang='lat' dir='ltr'>deerat.</span> <span class='ocrx_word' id='word_1_124' title='bbox 480 1164 557 1206; x_wconf 86' lang='lat' dir='ltr'>Sed</span> <span class='ocrx_word' id='word_1_125' title='bbox 580 1167 747 1206; x_wconf 85' lang='lat' dir='ltr'>alterum</span> <span class='ocrx_word' id='word_1_126' title='bbox 772 1167 892 1206; x_wconf 86' lang='lat' dir='ltr'>multo</span> <span class='ocrx_word' id='word_1_127' title='bbox 914 1166 1076 1219; x_wconf 89' lang='lat' dir='ltr'>grauius</span> <span class='ocrx_word' id='word_1_128' title='bbox 1099 1166 1242 1206; x_wconf 87' lang='lat' dir='ltr'>uulnus</span> <span class='ocrx_word' id='word_1_129' title='bbox 1265 1166 1396 1206; x_wconf 87' lang='lat' dir='ltr'>uerbis</span> <span class='ocrx_word' id='word_1_130' title='bbox 1415 1168 1607 1220; x_wconf 80' lang='lat' dir='ltr'>proximis</span> <span class='ocrx_word' id='word_1_131' title='bbox 1621 1182 1687 1207; x_wconf 89' lang='lat' dir='ltr'>su-</span> 
     </span>
     <span class='ocr_line' id='line_1_16' title="bbox 201 1231 1687 1287; baseline 0.002 -14"><span class='ocrx_word' id='word_1_132' title='bbox 201 1234 420 1287; x_wconf 88' lang='lat' dir='ltr'>perioribus</span> <span class='ocrx_word' id='word_1_133' title='bbox 456 1234 603 1273; x_wconf 85' lang='lat' dir='ltr'>illatum</span> <span class='ocrx_word' id='word_1_134' title='bbox 633 1235 787 1274; x_wconf 82' lang='lat' dir='ltr'>detexit</span> <span class='ocrx_word' id='word_1_135' title='bbox 818 1231 1072 1274; x_wconf 86' lang='lat' dir='ltr'>Ciaccouius.</span> <span class='ocrx_word' id='word_1_136' title='bbox 1116 1233 1258 1287; x_wconf 90' lang='lat' dir='ltr'>Neque</span> <span class='ocrx_word' id='word_1_137' title='bbox 1293 1235 1396 1275; x_wconf 89' lang='lat' dir='ltr'>enim</span> <span class='ocrx_word' id='word_1_138' title='bbox 1428 1233 1582 1276; x_wconf 88' lang='lat' dir='ltr'>Caesar</span> <span class='ocrx_word' id='word_1_139' title='bbox 1603 1233 1687 1276; x_wconf 89' lang='lat' dir='ltr'>XV</span> 
     </span>
     <span class='ocr_line' id='line_1_17' title="bbox 203 1302 1689 1359; baseline 0.001 -18"><span class='ocrx_word' id='word_1_140' title='bbox 203 1302 306 1342; x_wconf 88' lang='lat' dir='ltr'>milia</span> <span class='ocrx_word' id='word_1_141' title='bbox 330 1316 452 1342; x_wconf 89' lang='lat' dir='ltr'>naues</span> <span class='ocrx_word' id='word_1_142' title='bbox 475 1302 628 1355; x_wconf 78' lang='lat' dir='ltr'>cepisse</span> <span class='ocrx_word' id='word_1_143' title='bbox 657 1309 697 1342; x_wconf 87' lang='lat' dir='ltr'>et</span> <span class='ocrx_word' id='word_1_144' title='bbox 717 1310 849 1342; x_wconf 86' lang='lat' dir='ltr'>tamen</span> <span class='ocrx_word' id='word_1_145' title='bbox 874 1302 942 1342; x_wconf 81' lang='lat' dir='ltr'>has</span> <span class='ocrx_word' id='word_1_146' title='bbox 973 1303 1103 1355; x_wconf 86' lang='lat' dir='ltr'>copias</span> <span class='ocrx_word' id='word_1_147' title='bbox 1126 1304 1461 1359; x_wconf 80' lang='lat' dir='ltr'>infrequentiores</span> <span class='ocrx_word' id='word_1_148' title='bbox 1484 1304 1689 1356; x_wconf 86' lang='lat' dir='ltr'>impositas</span> 
     </span>
     <span class='ocr_line' id='line_1_18' title="bbox 205 1369 1691 1425; baseline 0.001 -16"><span class='ocrx_word' id='word_1_149' title='bbox 205 1384 294 1409; x_wconf 89' lang='lat' dir='ltr'>esse</span> <span class='ocrx_word' id='word_1_150' title='bbox 325 1371 498 1410; x_wconf 87' lang='lat' dir='ltr'>scribere</span> <span class='ocrx_word' id='word_1_151' title='bbox 531 1376 698 1422; x_wconf 87' lang='lat' dir='ltr'>poterat.</span> <span class='ocrx_word' id='word_1_152' title='bbox 741 1369 847 1409; x_wconf 87' lang='lat' dir='ltr'>Nam</span> <span class='ocrx_word' id='word_1_153' title='bbox 872 1385 959 1410; x_wconf 89' lang='lat' dir='ltr'>cum</span> <span class='ocrx_word' id='word_1_154' title='bbox 990 1371 1026 1410; x_wconf 89' lang='lat' dir='ltr'>id</span> <span class='ocrx_word' id='word_1_155' title='bbox 1059 1378 1248 1423; x_wconf 85' lang='lat' dir='ltr'>queratur</span> <span class='ocrx_word' id='word_1_156' title='bbox 1270 1371 1317 1411; x_wconf 94' lang='lat' dir='ltr'>ob</span> <span class='ocrx_word' id='word_1_157' title='bbox 1341 1371 1495 1412; x_wconf 89' lang='lat' dir='ltr'>nauium</span> <span class='ocrx_word' id='word_1_158' title='bbox 1520 1372 1691 1425; x_wconf 86' lang='lat' dir='ltr'>inopiam</span> 
     </span>
     <span class='ocr_line' id='line_1_19' title="bbox 205 1436 1689 1493; baseline 0.001 -17"><span class='ocrx_word' id='word_1_159' title='bbox 205 1451 247 1476; x_wconf 84' lang='lat' dir='ltr'>se</span> <span class='ocrx_word' id='word_1_160' title='bbox 270 1452 347 1476; x_wconf 90' lang='lat' dir='ltr'>non</span> <span class='ocrx_word' id='word_1_161' title='bbox 372 1451 506 1476; x_wconf 85' lang='lat' dir='ltr'>omnes</span> <span class='ocrx_word' id='word_1_162' title='bbox 537 1437 705 1484; x_wconf 78' lang='lat' dir='ltr'>milites,</span> <span class='ocrx_word' id='word_1_163' title='bbox 742 1438 804 1489; x_wconf 88' lang='lat' dir='ltr'>qui</span> <span class='ocrx_word' id='word_1_164' title='bbox 827 1436 1026 1478; x_wconf 81' lang='lat' dir='ltr'>Brundisii</span> <span class='ocrx_word' id='word_1_165' title='bbox 1050 1439 1238 1487; x_wconf 77' lang='lat' dir='ltr'>aderaut,</span> <span class='ocrx_word' id='word_1_166' title='bbox 1273 1440 1475 1493; x_wconf 87' lang='lat' dir='ltr'>imponere</span> <span class='ocrx_word' id='word_1_167' title='bbox 1500 1439 1689 1492; x_wconf 76' lang='lat' dir='ltr'>potuisse,</span> 
     </span>
     <span class='ocr_line' id='line_1_20' title="bbox 205 1502 1692 1560; baseline 0.002 -17"><span class='ocrx_word' id='word_1_168' title='bbox 205 1506 335 1558; x_wconf 87' lang='lat' dir='ltr'>plures</span> <span class='ocrx_word' id='word_1_169' title='bbox 359 1519 470 1557; x_wconf 90' lang='lat' dir='ltr'>quam</span> <span class='ocrx_word' id='word_1_170' title='bbox 492 1502 574 1542; x_wconf 83' lang='lat' dir='ltr'>XV</span> <span class='ocrx_word' id='word_1_171' title='bbox 588 1505 694 1544; x_wconf 89' lang='lat' dir='ltr'>milia</span> <span class='ocrx_word' id='word_1_172' title='bbox 716 1506 876 1545; x_wconf 78' lang='lat' dir='ltr'>affuisse</span> <span class='ocrx_word' id='word_1_173' title='bbox 899 1513 1073 1560; x_wconf 83' lang='lat' dir='ltr'>apparet.</span> <span class='ocrx_word' id='word_1_174' title='bbox 1117 1505 1261 1559; x_wconf 88' lang='lat' dir='ltr'>Neque</span> <span class='ocrx_word' id='word_1_175' title='bbox 1284 1508 1442 1546; x_wconf 88' lang='lat' dir='ltr'>omniuo</span> <span class='ocrx_word' id='word_1_176' title='bbox 1466 1515 1598 1547; x_wconf 88' lang='lat' dir='ltr'>certus</span> <span class='ocrx_word' id='word_1_177' title='bbox 1622 1521 1692 1546; x_wconf 91' lang='lat' dir='ltr'>nu-</span> 
     </span>
     <span class='ocr_line' id='line_1_21' title="bbox 203 1572 1692 1627; baseline 0.002 -16"><span class='ocrx_word' id='word_1_178' title='bbox 203 1586 335 1611; x_wconf 85' lang='lat' dir='ltr'>merus</span> <span class='ocrx_word' id='word_1_179' title='bbox 358 1572 648 1623; x_wconf 74' lang='lat' dir='ltr'>infrequentior</span> <span class='ocrx_word' id='word_1_180' title='bbox 677 1573 751 1612; x_wconf 87' lang='lat' dir='ltr'>diei</span> <span class='ocrx_word' id='word_1_181' title='bbox 784 1580 937 1625; x_wconf 78' lang='lat' dir='ltr'>potest,</span> <span class='ocrx_word' id='word_1_182' title='bbox 964 1588 1048 1613; x_wconf 89' lang='lat' dir='ltr'>cum</span> <span class='ocrx_word' id='word_1_183' title='bbox 1073 1575 1155 1627; x_wconf 87' lang='lat' dir='ltr'>ipse</span> <span class='ocrx_word' id='word_1_184' title='bbox 1179 1589 1365 1614; x_wconf 88' lang='lat' dir='ltr'>numerus</span> <span class='ocrx_word' id='word_1_185' title='bbox 1388 1576 1602 1615; x_wconf 82' lang='lat' dir='ltr'>secuudum</span> <span class='ocrx_word' id='word_1_186' title='bbox 1627 1590 1692 1615; x_wconf 89' lang='lat' dir='ltr'>co-</span> 
     </span>
     <span class='ocr_line' id='line_1_22' title="bbox 202 1639 1692 1696; baseline 0.003 -18"><span class='ocrx_word' id='word_1_187' title='bbox 202 1639 303 1693; x_wconf 87' lang='lat' dir='ltr'>piam</span> <span class='ocrx_word' id='word_1_188' title='bbox 327 1646 598 1679; x_wconf 78' lang='lat' dir='ltr'>commutetur.</span> <span class='ocrx_word' id='word_1_189' title='bbox 654 1639 743 1679; x_wconf 79' lang='lat' dir='ltr'>Vidi</span> <span class='ocrx_word' id='word_1_190' title='bbox 761 1670 770 1688; x_wconf 78' lang='lat'>‚</span> <span class='ocrx_word' id='word_1_191' title='bbox 808 1640 870 1692; x_wconf 86' lang='lat' dir='ltr'>qui</span> <span class='ocrx_word' id='word_1_192' title='bbox 899 1641 1032 1680; x_wconf 88' lang='lat' dir='ltr'>uerbis</span> <span class='ocrx_word' id='word_1_193' title='bbox 1066 1647 1204 1694; x_wconf 86' lang='lat' dir='ltr'>‘atque</span> <span class='ocrx_word' id='word_1_194' title='bbox 1236 1642 1308 1682; x_wconf 88' lang='lat' dir='ltr'>hae</span> <span class='ocrx_word' id='word_1_195' title='bbox 1329 1643 1436 1696; x_wconf 86' lang='lat' dir='ltr'>ipsae</span> <span class='ocrx_word' id='word_1_196' title='bbox 1461 1643 1596 1695; x_wconf 87' lang='lat' dir='ltr'>copiae</span> <span class='ocrx_word' id='word_1_197' title='bbox 1619 1643 1692 1683; x_wconf 87' lang='lat' dir='ltr'>hoc</span> 
     </span>
     <span class='ocr_line' id='line_1_23' title="bbox 200 1706 1692 1765; baseline 0.003 -18"><span class='ocrx_word' id='word_1_198' title='bbox 200 1706 531 1759; x_wconf 85' lang='lat' dir='ltr'>infrequentiores</span> <span class='ocrx_word' id='word_1_199' title='bbox 553 1707 825 1760; x_wconf 76' lang='lat' dir='ltr'>imponuntur&#39;</span> <span class='ocrx_word' id='word_1_200' title='bbox 861 1708 906 1747; x_wconf 89' lang='lat' dir='ltr'>dc</span> <span class='ocrx_word' id='word_1_201' title='bbox 931 1709 1134 1749; x_wconf 81' lang='lat' dir='ltr'>duodecim</span> <span class='ocrx_word' id='word_1_202' title='bbox 1158 1710 1378 1762; x_wconf 79' lang='lat' dir='ltr'>legionibus</span> <span class='ocrx_word' id='word_1_203' title='bbox 1402 1711 1477 1750; x_wconf 92' lang='lat' dir='ltr'>dici</span> <span class='ocrx_word' id='word_1_204' title='bbox 1499 1712 1692 1765; x_wconf 89' lang='lat' dir='ltr'>interpre-</span> 
     </span>
     <span class='ocr_line' id='line_1_24' title="bbox 202 1774 1691 1829; baseline 0.003 -14"><span class='ocrx_word' id='word_1_205' title='bbox 202 1782 402 1815; x_wconf 84' lang='lat' dir='ltr'>tarentur:</span> <span class='ocrx_word' id='word_1_206' title='bbox 429 1774 542 1827; x_wconf 86' lang='lat' dir='ltr'>quasi</span> <span class='ocrx_word' id='word_1_207' title='bbox 563 1789 660 1814; x_wconf 89' lang='lat' dir='ltr'>uero</span> <span class='ocrx_word' id='word_1_208' title='bbox 684 1789 753 1815; x_wconf 86' lang='lat' dir='ltr'>eae</span> <span class='ocrx_word' id='word_1_209' title='bbox 776 1790 912 1815; x_wconf 88' lang='lat' dir='ltr'>omnes</span> <span class='ocrx_word' id='word_1_210' title='bbox 936 1778 1141 1829; x_wconf 87' lang='lat' dir='ltr'>impositae</span> <span class='ocrx_word' id='word_1_211' title='bbox 1165 1785 1313 1817; x_wconf 86' lang='lat' dir='ltr'>essent.</span> <span class='ocrx_word' id='word_1_212' title='bbox 1369 1779 1431 1817; x_wconf 84' lang='lat' dir='ltr'>Ad</span> <span class='ocrx_word' id='word_1_213' title='bbox 1453 1780 1691 1819; x_wconf 86' lang='lat' dir='ltr'>seutentiam</span> 
     </span>
     <span class='ocr_line' id='line_1_25' title="bbox 201 1840 1693 1899; baseline 0.004 -17"><span class='ocrx_word' id='word_1_214' title='bbox 201 1849 309 1883; x_wconf 86' lang='lat' dir='ltr'>recte</span> <span class='ocrx_word' id='word_1_215' title='bbox 332 1840 570 1882; x_wconf 89' lang='lat' dir='ltr'>Ciacconius</span> <span class='ocrx_word' id='word_1_216' title='bbox 594 1843 733 1882; x_wconf 83' lang='lat' dir='ltr'>statuit</span> <span class='ocrx_word' id='word_1_217' title='bbox 765 1857 843 1882; x_wconf 90' lang='lat' dir='ltr'>non</span> <span class='ocrx_word' id='word_1_218' title='bbox 878 1841 975 1883; x_wconf 78' lang='lat' dir='ltr'>‘XV</span> <span class='ocrx_word' id='word_1_219' title='bbox 1000 1844 1117 1883; x_wconf 78' lang='lat' dir='ltr'>milia⁷</span> <span class='ocrx_word' id='word_1_220' title='bbox 1142 1842 1358 1885; x_wconf 85' lang='lat' dir='ltr'>Caesarem</span> <span class='ocrx_word' id='word_1_221' title='bbox 1382 1847 1587 1899; x_wconf 80' lang='lat' dir='ltr'>posuisse,</span> <span class='ocrx_word' id='word_1_222' title='bbox 1623 1848 1693 1888; x_wconf 87' lang='lat' dir='ltr'>sed</span> 
     </span>
     <span class='ocr_line' id='line_1_26' title="bbox 202 1910 1692 1965; baseline 0.003 -14"><span class='ocrx_word' id='word_1_223' title='bbox 202 1910 398 1963; x_wconf 89' lang='lat' dir='ltr'>legionum</span> <span class='ocrx_word' id='word_1_224' title='bbox 422 1925 646 1951; x_wconf 89' lang='lat' dir='ltr'>numerum:</span> <span class='ocrx_word' id='word_1_225' title='bbox 683 1911 804 1950; x_wconf 88' lang='lat' dir='ltr'>uerba</span> <span class='ocrx_word' id='word_1_226' title='bbox 826 1918 956 1952; x_wconf 85' lang='lat' dir='ltr'>tamen</span> <span class='ocrx_word' id='word_1_227' title='bbox 992 1912 1323 1965; x_wconf 78' lang='lat' dir='ltr'>‘legionariorum</span> <span class='ocrx_word' id='word_1_228' title='bbox 1348 1914 1534 1954; x_wconf 82' lang='lat' dir='ltr'>militum’</span> <span class='ocrx_word' id='word_1_229' title='bbox 1566 1930 1614 1956; x_wconf 89' lang='lat' dir='ltr'>ne</span> <span class='ocrx_word' id='word_1_230' title='bbox 1636 1917 1692 1956; x_wconf 83' lang='lat' dir='ltr'>le-</span> 
     </span>
     <span class='ocr_line' id='line_1_27' title="bbox 204 1978 1692 2032; baseline 0.005 -15"><span class='ocrx_word' id='word_1_231' title='bbox 204 1978 362 2031; x_wconf 85' lang='lat' dir='ltr'>gionum</span> <span class='ocrx_word' id='word_1_232' title='bbox 385 1979 562 2032; x_wconf 79' lang='lat' dir='ltr'>quidem,</span> <span class='ocrx_word' id='word_1_233' title='bbox 596 1979 665 2018; x_wconf 91' lang='lat' dir='ltr'>sed</span> <span class='ocrx_word' id='word_1_234' title='bbox 700 1978 919 2019; x_wconf 85' lang='lat' dir='ltr'>cohortium</span> <span class='ocrx_word' id='word_1_235' title='bbox 944 1994 1146 2020; x_wconf 87' lang='lat' dir='ltr'>numerum</span> <span class='ocrx_word' id='word_1_236' title='bbox 1170 1981 1410 2022; x_wconf 88' lang='lat' dir='ltr'>declaratum</span> <span class='ocrx_word' id='word_1_237' title='bbox 1436 1983 1557 2024; x_wconf 92' lang='lat' dir='ltr'>fuisse</span> <span class='ocrx_word' id='word_1_238' title='bbox 1581 1984 1692 2024; x_wconf 88' lang='lat' dir='ltr'>euin-</span> 
     </span>
     <span class='ocr_line' id='line_1_28' title="bbox 204 2046 1692 2105; baseline 0.004 -18"><span class='ocrx_word' id='word_1_239' title='bbox 204 2054 311 2087; x_wconf 88' lang='lat' dir='ltr'>cunt.</span> <span class='ocrx_word' id='word_1_240' title='bbox 336 2046 446 2087; x_wconf 88' lang='lat' dir='ltr'>Haec</span> <span class='ocrx_word' id='word_1_241' title='bbox 470 2047 754 2087; x_wconf 85' lang='lat' dir='ltr'>confirmantur</span> <span class='ocrx_word' id='word_1_242' title='bbox 775 2048 908 2088; x_wconf 87' lang='lat' dir='ltr'>uerbis</span> <span class='ocrx_word' id='word_1_243' title='bbox 923 2063 957 2088; x_wconf 80' lang='lat' dir='ltr'>c.</span> <span class='ocrx_word' id='word_1_244' title='bbox 973 2046 1014 2099; x_wconf 81' lang='lat'>6,</span> <span class='ocrx_word' id='word_1_245' title='bbox 1032 2048 1055 2089; x_wconf 83' lang='grc'><strong>3</strong></span> <span class='ocrx_word' id='word_1_246' title='bbox 1081 2049 1322 2103; x_wconf 77' lang='lat' dir='ltr'>‘impositae,</span> <span class='ocrx_word' id='word_1_247' title='bbox 1349 2058 1388 2091; x_wconf 90' lang='lat' dir='ltr'>ut</span> <span class='ocrx_word' id='word_1_248' title='bbox 1403 2065 1520 2105; x_wconf 89' lang='lat' dir='ltr'>supra</span> <span class='ocrx_word' id='word_1_249' title='bbox 1533 2053 1692 2093; x_wconf 91' lang='lat' dir='ltr'>demon-</span> 
     </span>
     <span class='ocr_line' id='line_1_29' title="bbox 201 2114 1688 2173; baseline 0.005 -20"><span class='ocrx_word' id='word_1_250' title='bbox 201 2121 364 2154; x_wconf 86' lang='lat' dir='ltr'>stratum</span> <span class='ocrx_word' id='word_1_251' title='bbox 387 2122 461 2164; x_wconf 90' lang='lat' dir='ltr'>est,</span> <span class='ocrx_word' id='word_1_252' title='bbox 487 2115 665 2169; x_wconf 85' lang='lat' dir='ltr'>legiones</span> <span class='ocrx_word' id='word_1_253' title='bbox 683 2114 789 2155; x_wconf 74' lang='lat' dir='ltr'>VII&#39;.</span> <span class='ocrx_word' id='word_1_254' title='bbox 823 2115 928 2156; x_wconf 88' lang='lat' dir='ltr'>Nam</span> <span class='ocrx_word' id='word_1_255' title='bbox 953 2131 1038 2157; x_wconf 87' lang='lat' dir='ltr'>cum</span> <span class='ocrx_word' id='word_1_256' title='bbox 1061 2117 1239 2172; x_wconf 88' lang='lat' dir='ltr'>legiones</span> <span class='ocrx_word' id='word_1_257' title='bbox 1262 2132 1353 2159; x_wconf 89' lang='lat' dir='ltr'>raro</span> <span class='ocrx_word' id='word_1_258' title='bbox 1376 2119 1515 2173; x_wconf 86' lang='lat' dir='ltr'>plenae</span> <span class='ocrx_word' id='word_1_259' title='bbox 1537 2128 1688 2171; x_wconf 83' lang='lat' dir='ltr'>essent⁷</span> 
     </span>
     <span class='ocr_line' id='line_1_30' title="bbox 200 2182 1687 2242; baseline 0.005 -21"><span class='ocrx_word' id='word_1_260' title='bbox 200 2182 363 2222; x_wconf 88' lang='lat' dir='ltr'>militum</span> <span class='ocrx_word' id='word_1_261' title='bbox 387 2197 567 2233; x_wconf 82' lang='lat' dir='ltr'>numero,</span> <span class='ocrx_word' id='word_1_262' title='bbox 593 2191 685 2237; x_wconf 87' lang='lat' dir='ltr'>quot</span> <span class='ocrx_word' id='word_1_263' title='bbox 708 2184 885 2237; x_wconf 82' lang='lat' dir='ltr'>legiones</span> <span class='ocrx_word' id='word_1_264' title='bbox 909 2185 1092 2234; x_wconf 84' lang='lat' dir='ltr'>fuissent,</span> <span class='ocrx_word' id='word_1_265' title='bbox 1129 2186 1393 2227; x_wconf 83' lang='lat' dir='ltr'>demonstrari</span> <span class='ocrx_word' id='word_1_266' title='bbox 1417 2202 1493 2228; x_wconf 91' lang='lat' dir='ltr'>non</span> <span class='ocrx_word' id='word_1_267' title='bbox 1517 2196 1687 2242; x_wconf 89' lang='lat' dir='ltr'>poterat.</span> 
     </span>
     <span class='ocr_line' id='line_1_31' title="bbox 202 2247 1690 2311; baseline 0.005 -21"><span class='ocrx_word' id='word_1_268' title='bbox 202 2247 280 2289; x_wconf 89' lang='lat' dir='ltr'>Sed</span> <span class='ocrx_word' id='word_1_269' title='bbox 304 2264 351 2290; x_wconf 90' lang='lat' dir='ltr'>ne</span> <span class='ocrx_word' id='word_1_270' title='bbox 372 2251 438 2291; x_wconf 90' lang='lat' dir='ltr'>illo</span> <span class='ocrx_word' id='word_1_271' title='bbox 462 2252 614 2304; x_wconf 87' lang='lat' dir='ltr'>quidem</span> <span class='ocrx_word' id='word_1_272' title='bbox 637 2252 724 2292; x_wconf 89' lang='lat' dir='ltr'>loco</span> <span class='ocrx_word' id='word_1_273' title='bbox 748 2267 883 2292; x_wconf 83' lang='lat' dir='ltr'>uerum</span> <span class='ocrx_word' id='word_1_274' title='bbox 908 2267 1113 2293; x_wconf 88' lang='lat' dir='ltr'>numerum</span> <span class='ocrx_word' id='word_1_275' title='bbox 1135 2255 1348 2307; x_wconf 81' lang='lat' dir='ltr'>legionum,</span> <span class='ocrx_word' id='word_1_276' title='bbox 1375 2271 1474 2309; x_wconf 88' lang='lat' dir='ltr'>quae</span> <span class='ocrx_word' id='word_1_277' title='bbox 1498 2272 1583 2297; x_wconf 87' lang='lat' dir='ltr'>cum</span> <span class='ocrx_word' id='word_1_278' title='bbox 1606 2259 1690 2311; x_wconf 89' lang='lat' dir='ltr'>ipso</span> 
     </span>
     <span class='ocr_line' id='line_1_32' title="bbox 201 2316 1687 2378; baseline 0.005 -20"><span class='ocrx_word' id='word_1_279' title='bbox 201 2316 376 2359; x_wconf 88' lang='lat' dir='ltr'>Caesare</span> <span class='ocrx_word' id='word_1_280' title='bbox 390 2320 649 2369; x_wconf 83' lang='lat' dir='ltr'>traiecerunt,</span> <span class='ocrx_word' id='word_1_281' title='bbox 666 2327 867 2360; x_wconf 89' lang='lat' dir='ltr'>seruatum</span> <span class='ocrx_word' id='word_1_282' title='bbox 882 2335 988 2368; x_wconf 87' lang='lat' dir='ltr'>esse,</span> <span class='ocrx_word' id='word_1_283' title='bbox 1004 2321 1077 2361; x_wconf 88' lang='lat' dir='ltr'>etsi</span> <span class='ocrx_word' id='word_1_284' title='bbox 1090 2321 1191 2362; x_wconf 91' lang='lat' dir='ltr'>idem</span> <span class='ocrx_word' id='word_1_285' title='bbox 1207 2324 1307 2376; x_wconf 88' lang='lat' dir='ltr'>apud</span> <span class='ocrx_word' id='word_1_286' title='bbox 1320 2323 1542 2378; x_wconf 85' lang='lat' dir='ltr'>Appianum</span> <span class='ocrx_word' id='word_1_287' title='bbox 1557 2325 1593 2365; x_wconf 94' lang='lat' dir='ltr'>b.</span> <span class='ocrx_word' id='word_1_288' title='bbox 1610 2326 1687 2366; x_wconf 89' lang='lat' dir='ltr'>ciu.</span> 
     </span>
     <span class='ocr_line' id='line_1_33' title="bbox 199 2383 1690 2448; baseline 0.006 -23"><span class='ocrx_word' id='word_1_289' title='bbox 199 2383 254 2435; x_wconf 81' lang='lat' dir='ltr'>ll,</span> <span class='ocrx_word' id='word_1_290' title='bbox 279 2386 332 2426; x_wconf 85' lang='lat'>54</span> <span class='ocrx_word' id='word_1_291' title='bbox 352 2387 510 2440; x_wconf 79' lang='lat' dir='ltr'>legitur,</span> <span class='ocrx_word' id='word_1_292' title='bbox 536 2402 662 2442; x_wconf 87' lang='lat' dir='ltr'>neque</span> <span class='ocrx_word' id='word_1_293' title='bbox 684 2388 834 2429; x_wconf 88' lang='lat' dir='ltr'>rectius</span> <span class='ocrx_word' id='word_1_294' title='bbox 847 2387 1101 2429; x_wconf 88' lang='lat' dir='ltr'>Plutarchum</span> <span class='ocrx_word' id='word_1_295' title='bbox 1116 2387 1236 2431; x_wconf 86' lang='lat' dir='ltr'>Caes.</span> <span class='ocrx_word' id='word_1_296' title='bbox 1252 2391 1307 2432; x_wconf 83' lang='lat'>37</span> <span class='ocrx_word' id='word_1_297' title='bbox 1328 2393 1498 2446; x_wconf 88' lang='lat' dir='ltr'>quinque</span> <span class='ocrx_word' id='word_1_298' title='bbox 1512 2394 1690 2448; x_wconf 87' lang='lat' dir='ltr'>legiones</span> 
     </span>
     <span class='ocr_line' id='line_1_34' title="bbox 202 2452 1691 2512; baseline 0.005 -18"><span class='ocrx_word' id='word_1_299' title='bbox 202 2468 287 2493; x_wconf 85' lang='lat' dir='ltr'>cum</span> <span class='ocrx_word' id='word_1_300' title='bbox 311 2452 488 2496; x_wconf 83' lang='lat' dir='ltr'>Caesare</span> <span class='ocrx_word' id='word_1_301' title='bbox 510 2458 706 2509; x_wconf 85' lang='lat' dir='ltr'>profectas</span> <span class='ocrx_word' id='word_1_302' title='bbox 730 2457 888 2497; x_wconf 84' lang='lat' dir='ltr'>tradere</span> <span class='ocrx_word' id='word_1_303' title='bbox 910 2457 1012 2497; x_wconf 86' lang='lat' dir='ltr'>ratio</span> <span class='ocrx_word' id='word_1_304' title='bbox 1035 2459 1150 2512; x_wconf 89' lang='lat' dir='ltr'>paulo</span> <span class='ocrx_word' id='word_1_305' title='bbox 1173 2461 1396 2500; x_wconf 86' lang='lat' dir='ltr'>accuratius</span> <span class='ocrx_word' id='word_1_306' title='bbox 1419 2461 1600 2501; x_wconf 85' lang='lat' dir='ltr'>instituta</span> <span class='ocrx_word' id='word_1_307' title='bbox 1624 2463 1691 2502; x_wconf 91' lang='lat' dir='ltr'>do-</span> 
     </span>
     <span class='ocr_line' id='line_1_35' title="bbox 203 2520 1691 2583; baseline 0.007 -23"><span class='ocrx_word' id='word_1_308' title='bbox 203 2521 319 2562; x_wconf 85' lang='lat' dir='ltr'>cebit.</span> <span class='ocrx_word' id='word_1_309' title='bbox 361 2520 409 2563; x_wconf 94' lang='lat' dir='ltr'>C.</span> <span class='ocrx_word' id='word_1_310' title='bbox 437 2524 539 2563; x_wconf 88' lang='lat' dir='ltr'>enim</span> <span class='ocrx_word' id='word_1_311' title='bbox 560 2524 587 2564; x_wconf 77' lang='lat'>2</span> <span class='ocrx_word' id='word_1_312' title='bbox 610 2522 825 2567; x_wconf 84' lang='lat' dir='ltr'>Caesarem</span> <span class='ocrx_word' id='word_1_313' title='bbox 848 2526 1001 2566; x_wconf 85' lang='lat' dir='ltr'>referre</span> <span class='ocrx_word' id='word_1_314' title='bbox 1032 2527 1198 2568; x_wconf 90' lang='lat' dir='ltr'>uidimus</span> <span class='ocrx_word' id='word_1_315' title='bbox 1230 2542 1319 2568; x_wconf 88' lang='lat' dir='ltr'>sese</span> <span class='ocrx_word' id='word_1_316' title='bbox 1341 2529 1543 2570; x_wconf 84' lang='lat' dir='ltr'>duodecim</span> <span class='ocrx_word' id='word_1_317' title='bbox 1569 2531 1691 2583; x_wconf 87' lang='lat' dir='ltr'>legio-</span> 
     </span>
     <span class='ocr_line' id='line_1_36' title="bbox 204 2587 1689 2651; baseline 0.008 -25"><span class='ocrx_word' id='word_1_318' title='bbox 204 2601 272 2628; x_wconf 89' lang='lat' dir='ltr'>nes</span> <span class='ocrx_word' id='word_1_319' title='bbox 294 2587 544 2631; x_wconf 89' lang='lat' dir='ltr'>Brundisium</span> <span class='ocrx_word' id='word_1_320' title='bbox 569 2593 783 2633; x_wconf 86' lang='lat' dir='ltr'>conuenire</span> <span class='ocrx_word' id='word_1_321' title='bbox 806 2593 986 2634; x_wconf 88' lang='lat' dir='ltr'>iussisse.</span> <span class='ocrx_word' id='word_1_322' title='bbox 1020 2592 1089 2634; x_wconf 80' lang='grc' dir='ltr'>ΕΧ</span> <span class='ocrx_word' id='word_1_323' title='bbox 1111 2595 1169 2635; x_wconf 90' lang='lat' dir='ltr'>his</span> <span class='ocrx_word' id='word_1_324' title='bbox 1192 2597 1434 2649; x_wconf 84' lang='lat' dir='ltr'>aliquantum</span> <span class='ocrx_word' id='word_1_325' title='bbox 1457 2605 1545 2651; x_wconf 86' lang='lat' dir='ltr'>post</span> <span class='ocrx_word' id='word_1_326' title='bbox 1566 2598 1689 2651; x_wconf 90' lang='lat' dir='ltr'>ipsius</span> 
     </span>
     <span class='ocr_line' id='line_1_37' title="bbox 206 2651 1690 2712; baseline 0.008 -18"><span class='ocrx_word' id='word_1_327' title='bbox 206 2651 390 2698; x_wconf 81' lang='lat' dir='ltr'>Caesaris</span> <span class='ocrx_word' id='word_1_328' title='bbox 419 2660 702 2712; x_wconf 82' lang='lat' dir='ltr'>profectionem</span> <span class='ocrx_word' id='word_1_329' title='bbox 734 2659 794 2701; x_wconf 84' lang='lat' dir='ltr'>M.</span> <span class='ocrx_word' id='word_1_330' title='bbox 831 2661 1030 2702; x_wconf 90' lang='lat' dir='ltr'>Antonius</span> <span class='ocrx_word' id='word_1_331' title='bbox 1060 2664 1272 2703; x_wconf 83' lang='lat' dir='ltr'>secundum</span> <span class='ocrx_word' id='word_1_332' title='bbox 1313 2673 1570 2705; x_wconf 87' lang='lat' dir='ltr'>commeatum</span> <span class='ocrx_word' id='word_1_333' title='bbox 1611 2673 1690 2705; x_wconf 85' lang='lat' dir='ltr'>tra-</span> 
     </span>
     <span class='ocr_line' id='line_1_38' title="bbox 205 2721 1688 2786; baseline 0.009 -26"><span class='ocrx_word' id='word_1_334' title='bbox 205 2721 315 2762; x_wconf 78' lang='lat' dir='ltr'>duxit</span> <span class='ocrx_word' id='word_1_335' title='bbox 335 2723 530 2777; x_wconf 88' lang='lat' dir='ltr'>legionum</span> <span class='ocrx_word' id='word_1_336' title='bbox 554 2735 740 2780; x_wconf 86' lang='lat' dir='ltr'>quattuor</span> <span class='ocrx_word' id='word_1_337' title='bbox 772 2729 832 2783; x_wconf 89' lang='lat' dir='ltr'>(c.</span> <span class='ocrx_word' id='word_1_338' title='bbox 865 2729 947 2782; x_wconf 74' lang='lat'>29)</span> <span class='ocrx_word' id='word_1_339' title='bbox 979 2744 1179 2784; x_wconf 88' lang='lat' dir='ltr'>nauesque</span> <span class='ocrx_word' id='word_1_340' title='bbox 1208 2732 1249 2772; x_wconf 88' lang='lat' dir='ltr'>in</span> <span class='ocrx_word' id='word_1_341' title='bbox 1273 2731 1424 2772; x_wconf 88' lang='lat' dir='ltr'>ltaliam</span> <span class='ocrx_word' id='word_1_342' title='bbox 1449 2734 1494 2773; x_wconf 87' lang='lat' dir='ltr'>ad</span> <span class='ocrx_word' id='word_1_343' title='bbox 1517 2733 1688 2786; x_wconf 88' lang='lat' dir='ltr'>reliquos</span> 
     </span>
     <span class='ocr_line' id='line_1_39' title="bbox 204 2789 1688 2855; baseline 0.007 -27"><span class='ocrx_word' id='word_1_344' title='bbox 204 2789 347 2830; x_wconf 88' lang='lat' dir='ltr'>milites</span> <span class='ocrx_word' id='word_1_345' title='bbox 370 2796 692 2848; x_wconf 86' lang='lat' dir='ltr'>transportandos</span> <span class='ocrx_word' id='word_1_346' title='bbox 715 2797 881 2837; x_wconf 87' lang='lat' dir='ltr'>remisit.</span> <span class='ocrx_word' id='word_1_347' title='bbox 947 2796 1026 2839; x_wconf 90' lang='lat' dir='ltr'>Sed</span> <span class='ocrx_word' id='word_1_348' title='bbox 1049 2800 1097 2839; x_wconf 85' lang='lat' dir='ltr'>ad</span> <span class='ocrx_word' id='word_1_349' title='bbox 1120 2796 1335 2841; x_wconf 87' lang='lat' dir='ltr'>Caesarem</span> <span class='ocrx_word' id='word_1_350' title='bbox 1360 2801 1489 2855; x_wconf 83' lang='lat' dir='ltr'>plures</span> <span class='ocrx_word' id='word_1_351' title='bbox 1512 2800 1688 2853; x_wconf 84' lang='lat' dir='ltr'>legiones</span> 
     </span>
     <span class='ocr_line' id='line_1_40' title="bbox 203 2863 1688 2921; baseline 0.007 -25"><span class='ocrx_word' id='word_1_352' title='bbox 203 2871 279 2897; x_wconf 91' lang='lat' dir='ltr'>nou</span> <span class='ocrx_word' id='word_1_353' title='bbox 304 2869 580 2911; x_wconf 85' lang='lat' dir='ltr'>peruenerunt.</span> <span class='ocrx_word' id='word_1_354' title='bbox 642 2863 812 2906; x_wconf 86' lang='lat' dir='ltr'>Aestate</span> <span class='ocrx_word' id='word_1_355' title='bbox 844 2879 940 2906; x_wconf 83' lang='lat' dir='ltr'>uero</span> <span class='ocrx_word' id='word_1_356' title='bbox 971 2866 1084 2909; x_wconf 90' lang='lat' dir='ltr'>huius</span> <span class='ocrx_word' id='word_1_357' title='bbox 1116 2869 1209 2909; x_wconf 87' lang='lat' dir='ltr'>anni</span> <span class='ocrx_word' id='word_1_358' title='bbox 1245 2868 1294 2921; x_wconf 79' lang='lat' dir='ltr'>Q.</span> <span class='ocrx_word' id='word_1_359' title='bbox 1323 2867 1563 2909; x_wconf 82' lang='lat' dir='ltr'>Cornificius</span> <span class='ocrx_word' id='word_1_360' title='bbox 1593 2868 1688 2908; x_wconf 90' lang='lat' dir='ltr'>duas</span> 
     </span>
    </p>
   </div>
  </div>
 </body>
</html>
