1835 3240
712 182 823 187 --—
886 155 963 196 145
1024 180 1137 185 ——

186 273 387 326 ‘Reliquis
419 270 678 325 legionibus',
727 270 827 322 quod
861 269 1025 323 primum
1067 268 1208 321 cuique
1238 269 1278 308 in
1314 277 1482 310 mentem
1516 274 1662 323 ueniet,

180 342 333 383 Graece
355 346 462 379 recte
485 339 698 387 diceretur,
724 352 802 377 non
825 338 933 387 item,
958 344 1000 377 ut
1021 336 1208 386 arbitror,
1243 335 1399 376 Latinis
1422 338 1589 391 reliquas
1612 342 1668 382 le-

179 410 316 463 giones
340 421 422 447 ean]
446 407 597 461 copiam
622 406 752 446 dicere
775 406 893 454 licet,
929 419 1027 458 quae
1061 404 1248 444 detractis
1282 404 1413 457 paucis
1441 406 1666 449 cohortibus

179 483 400 530 supererat.
435 474 615 514 Faernus
638 473 808 513 coniecit
832 473 999 513 ‘eductis
1024 473 1276 525 legionibus'3
1312 473 1403 512 mihi
1427 481 1585 527 propter
1606 491 1668 516 se—

177 544 338 597 quentia
372 558 393 582 a
426 539 600 583 Caesare
632 542 822 595 scriptum
842 541 999 581 uidetur
1023 541 1237 595 ‘expeditis
1261 539 1512 594 legionibus’‚
1537 557 1668 595 quam-

179 612 239 651 uis
262 612 298 650 id
323 612 437 664 paulo
459 610 613 664 longius
636 624 657 649 a
680 610 855 649 codicum
878 609 1074 662 scriptura
1097 609 1285 649 discedat.

292 677 339 719 C.
365 678 435 727 85,
461 677 485 717 5
509 676 661 718 Caesar
682 678 721 716 in
745 677 924 717 oratione
947 677 993 716 ad
1013 676 1222 716 Afranium
1238 676 1518 730 Petreiumque
1541 678 1671 720 habita

180 748 286 787 inter
316 746 392 785 alia
423 745 518 786 haec
549 752 854 785 commemorat:
894 743 1061 797 ‘Neque
1084 758 1186 784 nunc
1208 758 1249 784 se
1272 745 1428 785 illorum
1452 746 1669 787 humilitate

180 828 307 867 neque
328 814 457 866 aliqua
480 813 667 866 temporis
691 813 981 866 opportunitate
1005 813 1205 866 postulare
1221 843 1230 860 ,
1267 813 1404 865 quibus
1437 814 1555 854 rebus
1578 829 1670 868 opes

179 889 401 937 augeantur
432 894 552 930 suae,
588 880 655 920 sed
688 894 755 920 eos
785 881 1015 930 exercitus,
1049 895 1146 933 quos
1181 887 1317 920 contra
1349 896 1392 922 se
1423 881 1564 922 multos
1594 882 1670 922 iam

179 964 304 989 annos
328 948 512 995 aluerint,
538 948 639 987 uelle
662 947 818 988 dimitti.
851 946 994 1001 Neque
1010 949 1110 989 enim
1127 963 1202 989 sex
1215 950 1392 1002 legiones
1406 950 1480 990 alia
1494 951 1538 990 de
1553 963 1672 990 causa

182 1017 320 1057 missas
344 1018 383 1056 in
406 1015 636 1070 Hispaniam
661 1016 942 1069 septimamque
964 1016 1017 1055 ibi
1041 1017 1318 1070 conscriptam,
1355 1032 1481 1072 neque
1506 1025 1563 1058 tot
1588 1025 1672 1058 tan-

180 1093 318 1138 tasque
338 1085 476 1124 classis
489 1089 662 1137 parataS‚
689 1097 814 1136 neque
827 1084 1057 1124 summissos
1076 1085 1194 1124 duces
1216 1085 1274 1125 rei
1285 1086 1466 1126 militaris
1489 1086 1667 1139 peritos&

183 1152 329 1193 Verum
352 1166 530 1207 magnam
554 1152 737 1201 classem,
763 1152 901 1191 nedum
927 1152 1056 1206 plures
1080 1167 1240 1207 magnas
1257 1154 1405 1194 classes
1428 1154 1467 1193 in
1483 1152 1674 1206 Hispania

181 1228 338 1274 paratas
360 1234 450 1261 esse
473 1234 662 1273 nusquam
687 1219 950 1272 significatum
974 1227 1049 1260 est.
1094 1219 1198 1260 Nam
1223 1235 1293 1261 eae
1317 1236 1454 1271 naues,
1492 1235 1587 1274 quas
1611 1219 1669 1260 M.

185 1288 315 1328 Varro
338 1287 392 1338 Il,
420 1288 472 1328 18
494 1289 694 1328 faciendas
719 1302 880 1328 curasse
903 1288 1060 1338 dicitur,
1094 1303 1172 1328 non
1195 1291 1398 1330 admodum
1423 1291 1568 1330 multae
1592 1291 1674 1330 sue-

183 1364 295 1395 runt:
320 1354 362 1394 X
380 1355 483 1395 enim
507 1355 699 1405 Gadibus,
726 1356 947 1408 complures
970 1355 1120 1410 Hispali
1145 1357 1389 1398 instituerat.
1435 1356 1587 1398 Contra
1609 1359 1675 1398 de-

184 1424 382 1463 sideratur
402 1423 488 1473 eius
511 1424 568 1463 rei
592 1423 926 1472 commemoratio,
963 1437 1060 1476 quae
1086 1425 1191 1464 nullo
1214 1427 1328 1465 modo
1352 1426 1477 1466 omitti
1500 1434 1670 1480 poterat,

184 1492 449 1540 auxiliorum,
484 1505 647 1543 quorum
682 1491 888 1531 Afranium
922 1499 957 1531 et
989 1490 1188 1532 Petreium
1211 1493 1248 1533 h.
1272 1494 1298 1533 l.
1324 1509 1357 1534 c.
1393 1493 1446 1535 39
1474 1495 1676 1547 octoginta

185 1560 382 1606 cohortes,
407 1557 447 1599 V
470 1559 572 1598 milia
598 1559 783 1611 equitum,
812 1557 1034 1599 Varronem
1058 1558 1111 1608 II,
1140 1559 1191 1600 18
1213 1561 1375 1613 triginta
1399 1563 1582 1602 cohortes
1607 1564 1674 1604 ha-

183 1626 314 1665 buisse
338 1626 523 1665 refertur.
564 1624 700 1679 Itaque
724 1624 939 1666 Caesarem
963 1628 1171 1680 scripsisse
1193 1629 1368 1669 arbitror
1391 1636 1465 1670 <tot
1486 1637 1675 1685 tantaque

183 1692 330 1733 auxilia
344 1694 506 1746 paratis,
533 1694 682 1734 classes
705 1702 850 1744 autem,
877 1701 918 1734 ut
939 1696 1131 1749 permulta
1155 1697 1193 1735 in
1217 1696 1289 1736 hoc
1312 1697 1488 1738 codICum
1511 1713 1672 1753 genere,

184 1775 205 1800 a
226 1761 415 1815 magistro
438 1761 611 1801 mutandi
633 1762 792 1803 libidine
814 1763 961 1816 positas
985 1776 1087 1803 esse.

294 1827 339 1868 In
363 1829 427 1879 iis,
453 1843 551 1882 quae
574 1830 611 1869 in
628 1831 761 1870 eadem
777 1831 1003 1884 oratione}
1021 1829 1048 1871 9
1069 1832 1279 1884 leguntur:
1310 1833 1420 1874 ‘inse
1435 1834 1675 1875 etiam‘aeta-

185 1897 234 1936 tis
267 1897 560 1938 excusationem
585 1898 679 1938 nihil
702 1899 860 1949 ualere,
894 1900 994 1952 quod
1023 1899 1294 1953 superioribus
1317 1901 1429 1942 bellis
1453 1903 1606 1955 probati
1629 1903 1675 1942 ad

186 1965 416 2006 obtinendos
439 1966 641 2006 exercitus
665 1967 910 2018 euocentur’,
944 1968 1136 2022 particula
1162 1969 1291 2021 ‘quod'
1322 1970 1557 2010 sententiam
1590 1984 1678 2024 per-

186 2034 317 2074 uertit.
356 2031 498 2086 Neque
523 2035 625 2074 enim
647 2034 752 2083 inde,
779 2037 880 2088 quod
903 2037 1174 2090 superioribus
1196 2038 1308 2078 bellis
1332 2038 1485 2091 probati
1507 2038 1551 2078 ad
1577 2039 1677 2078 obti-

185 2101 333 2142 nendos
356 2103 558 2142 exercitus
582 2102 865 2152 enecabantur,
903 2105 1004 2144 eflici
1036 2113 1190 2158 poterat
1211 2106 1353 2146 aetatis
1376 2107 1677 2147 excusationem

185 2169 279 2209 nihil
312 2169 464 2220 ualere,
499 2184 583 2210 cum
613 2170 723 2210 multi
756 2171 842 2211 sine
865 2172 981 2211 dubio
1005 2180 1140 2213 essent
1161 2174 1430 2228 superioribus
1454 2174 1566 2215 bellis
1589 2189 1678 2229 pro-

183 2237 262 2277 bati
285 2244 324 2278 et
346 2245 477 2277 tamen
500 2251 546 2278 ea
567 2244 710 2288 aetate,
743 2252 840 2290 quae
860 2241 1161 2281 excusationem
1180 2256 1258 2282 non
1282 2243 1521 2283 admitteret.
1567 2241 1676 2284 Scri-

184 2305 350 2346 bendum
373 2313 459 2346 erat
474 2305 636 2358 ‘quoml
676 2305 779 2345 Tum
794 2307 914 2358 enim,
940 2323 1026 2349 cum
1041 2309 1231 2350 eiusmodi
1253 2310 1428 2351 homines
1441 2317 1674 2359 euocentur‚

186 2388 234 2415 ne
255 2374 396 2415 aetatis
420 2374 571 2427 quidem
596 2374 896 2415 excusationem
920 2377 1069 2417 admitti
1094 2376 1451 2430 queriturCaesar.
1488 2375 1676 2418 Ceterum

186 2445 285 2495 quod
317 2457 371 2483 ex
401 2442 558 2496 optimis
592 2442 704 2482 codd.
738 2443 840 2483 edidi
875 2444 939 2484 ‘in
969 2460 1012 2486 se
1045 2446 1162 2487 etiam
1194 2447 1336 2486 aetatis
1377 2447 1676 2487 excusationem

189 2512 282 2551 nihil
304 2510 474 2557 ualere'‚
510 2517 640 2559 erunt,
671 2510 736 2563 qui
763 2515 828 2551 ‘ne
860 2513 1001 2553 aetatis
1025 2515 1177 2566 quidem
1202 2515 1502 2555 excusationem
1526 2514 1675 2555 ualere’

190 2579 402 2630 requirent.
449 2577 529 2618 Sed
561 2579 694 2618 eadem
727 2579 977 2634 neglegentia
1008 2582 1090 2635 (ita
1114 2583 1216 2622 enim
1239 2582 1471 2636 appellanda
1493 2583 1676 2633 uidetur)

191 2659 282 2685 usus
304 2644 531 2687 estCaesar
548 2646 586 2686 b.
605 2644 709 2686 Gall.
729 2646 781 2699 V,
808 2648 877 2698 5⁶2,
904 2648 925 2688 1
951 2654 1092 2703 ‘neque
1117 2651 1235 2690 etiam
1255 2651 1419 2704 paruulo
1443 2651 1676 2690 detrimento

191 2712 345 2752 illorum
375 2715 501 2755 locum
533 2717 701 2770 relinqui
733 2717 902 2757 uidebat'
936 2724 975 2757 et
1005 2717 1044 2757 b.
1080 2718 1157 2757 cIu.
1191 2716 1224 2767 I,
1261 2719 1300 2765 5,
1336 2718 1355 2757 1
1393 2726 1488 2758 ‘nec
1513 2718 1677 2757 tribunis

194 2778 315 2831 plebis
337 2781 396 2820 sui
418 2783 580 2835 periculi
603 2785 837 2838 deprecandi
868 2799 995 2838 neque
1027 2786 1143 2825 etiam
1167 2786 1337 2826 extremi
1367 2786 1465 2826 iuris
1488 2786 1679 2825 interces-

195 2847 306 2886 sione
329 2847 591 2889 retinendi-
614 2853 777 2893 facultas
802 2853 1013 2903 tribuitur'3
1046 2853 1140 2893 item
1164 2853 1264 2893 Tac.
1282 2867 1375 2892 ann,
1400 2851 1474 2903 ΙΙΙ,
1499 2850 1553 2892 54
1578 2856 1680 2892 ‘cre-

230 2912 346 2946 Caesar,
369 2913 413 2940 ed.
437 2916 574 2952 Nipperd.
1354 2919 1401 2957 10
