1835 3240
637 142 821 187 COMM.
843 143 883 185 11
914 143 1040 186 CAP.
1065 143 1208 186 5—-6,
1642 150 1726 193 295

166 266 287 308 serat,
313 257 631 313 exploratoribus
653 265 691 299 et
711 258 758 298 ab
770 257 909 300 Remis
931 258 1142 312 cognouit,
1167 258 1310 298 flumen
1322 258 1525 312 Axonam,
1550 265 1652 316 quod

167 334 227 369 est
246 327 286 367 in
309 326 500 367 extremis
522 324 738 367 Remorum
761 327 902 367 finibus
917 357 928 377 ,
964 326 1186 367 exercitum
1209 326 1414 366 traducere
1435 330 1652 371 maturauit

164 402 281 447 atque
302 394 354 434 ibi
377 401 509 435 castra
532 395 674 448 posuit.
728 392 840 447 Quae
869 409 934 435 res
968 401 1008 435 et
1036 395 1138 434 latus
1168 407 1288 433 unum
1311 401 1532 435 castrorum
1554 397 1650 450 ripis
1673 398 1698 439 5

166 462 334 502 fluminis
356 463 559 502 muniebat
581 469 643 509 et,
668 469 757 516 post
778 476 866 502 eum
890 476 990 515 quae
1014 469 1162 511 essent,
1189 468 1271 501 tuta
1293 461 1341 502 ab
1365 462 1541 502 hostibus
1562 465 1653 504 red-

119 540 137 570 5
168 530 284 571 debat
305 538 358 580 et,
384 537 624 571 commeatus
647 530 695 570 ab
710 528 848 569 Remis
871 530 1110 582 reliquisque
1133 529 1358 570 ciuitatibus
1379 537 1423 570 ut
1444 530 1530 570 sine
1552 531 1654 584 peri-

94 878 134 911 10

98 1218 135 1251 15

167 599 255 639 culo
287 598 335 638 ad
365 613 452 639 eum
484 598 632 652 portari
666 605 825 651 posset,
862 597 1066 637 efficiebat.
1111 595 1156 636 In
1180 611 1226 637 eo
1251 598 1410 638 ssumine
1431 612 1527 652 pons
1550 605 1651 638 erat.
1676 598 1703 638 6

165 664 225 707 Ibi
247 667 482 720 praesidium
506 666 614 720 ponit
635 672 673 705 et
692 666 733 705 in
755 665 879 705 altera
911 672 1021 718 parte
1053 665 1222 705 fluminis
1247 663 1433 717 Quintum
1455 664 1657 706 Titurium

167 732 356 775 Sabinum
378 735 547 787 legatum
569 748 655 773 cum
678 747 754 774 sex
776 733 1003 773 cohortibus
1026 732 1234 786 relinquit3
1270 740 1401 774 castra
1421 734 1460 774 in
1483 734 1657 775 altitudi-

166 816 255 842 nem
277 802 415 856 pedum
437 809 502 841 XII
525 801 629 841 uallo
652 802 834 854 fossaque
866 801 1135 854 duodeuiginti
1168 802 1306 855 pedum
1337 802 1490 842 munire
1510 801 1634 842 iubet.

164 870 228 913 Ab
260 871 319 911 his
352 870 494 910 castris
528 869 710 923 oppidum
741 867 955 909 Remorum
986 869 1144 909 nomine
1183 867 1337 910 Bibrax
1376 870 1512 922 aberat
1547 869 1655 910 milia
1676 869 1703 913 6

166 952 352 992 passuum
375 945 480 978 octo.
513 935 557 977 Id
581 951 633 978 ex
654 937 797 977 itinere
819 951 960 991 magno
982 937 1129 991 impetu
1142 935 1293 991 Belgae
1316 952 1543 992 oppugnare
1566 951 1657 978 coe-

166 1013 324 1059 perunt.
376 1005 512 1059 Aegre
545 1019 591 1046 eo
621 1005 682 1045 die
713 1012 977 1046 sustentatum
1008 1013 1084 1046 est.
1139 1003 1343 1046 Gallorum
1373 1007 1508 1046 eadem
1539 1013 1658 1059 atque
1678 1004 1708 1045 2

165 1071 378 1127 Belgarum
397 1075 636 1128 oppugnatio
659 1081 719 1114 est
741 1075 854 1115 haec.
889 1073 969 1116 Vbi
990 1074 1242 1114 circumiecta
1264 1074 1513 1114 multitudine
1536 1074 1660 1113 homi-

170 1157 261 1183 num
292 1142 383 1182 totis
415 1142 620 1182 moenibus
654 1143 822 1196 undique
854 1143 895 1183 in
926 1157 1080 1183 murum
1111 1142 1260 1196 lapides
1290 1142 1366 1182 iaci
1398 1142 1528 1196 coepti
1550 1148 1658 1191 sunt,

170 1224 382 1263 murusque
403 1210 677 1251 defensoribus
701 1212 869 1251 nudatus
893 1217 976 1261 est,
1011 1211 1210 1251 testudine
1233 1211 1335 1250 sacta
1366 1217 1499 1264 portas
1521 1223 1661 1251 succe-

170 1279 266 1318 dunt
286 1292 516 1331 murumque
536 1278 744 1318 subruunt.
774 1277 890 1331 Quod
912 1286 991 1319 tum
1017 1279 1130 1320 facile
1153 1278 1284 1319 fiebat.
1319 1277 1422 1319 Nam
1447 1293 1532 1318 cum
1551 1285 1662 1318 tanta
1682 1276 1707 1318 3

171 1346 378 1386 multitudo
399 1345 547 1399 lapides
568 1360 614 1386 ao
637 1346 715 1386 tela
737 1347 991 1397 conicerent,
1016 1347 1058 1387 in
1085 1361 1197 1387 muro
1221 1347 1463 1387 consistendi
1488 1353 1662 1399 potestas

174 1420 260 1454 erat
301 1413 413 1454 nulli.
487 1410 588 1453 Cum
630 1414 746 1454 finem
785 1414 1035 1468 obpugnandi
1074 1429 1156 1455 nox
1186 1415 1371 1464 fecisset,
1413 1412 1541 1454 Iccius
1579 1414 1663 1455 Re-
1683 1413 1711 1454 4

172 1494 281 1531 mus,
327 1494 480 1521 summa
514 1481 720 1522 nobilitate
761 1489 800 1522 et
838 1482 969 1535 gratia
1005 1483 1111 1523 inter
1148 1496 1267 1533 suos,
1306 1482 1372 1535 qui
1411 1489 1492 1522 tum
1522 1482 1662 1537 oppido

319 1611 333 1642 1
355 1616 388 1642 et
407 1622 473 1643 om.
494 1612 583 1644 DE.
739 1613 859 1645 Axona
878 1613 922 1654 d,
943 1613 1122 1644 Anxonam
1143 1623 1179 1653 e,
1199 1611 1359 1644 Xxonam
1377 1623 1424 1644 m.
1438 1623 1498 1654 pr.
1518 1613 1564 1644 A.

173 1664 194 1695 2
211 1662 335 1695 finibus
355 1662 534 1695 Remorum
551 1664 596 1696 A.
807 1667 826 1697 4
846 1665 1009 1696 munitum
1034 1663 1272 1696 Flodoarslas.
1473 1668 1507 1694 et
1525 1668 1602 1705 post
1620 1681 1666 1686 —-

173 1713 337 1745 reddebat
355 1724 423 1745 om.
444 1724 490 1745 m.
507 1724 567 1755 pr.
586 1716 632 1748 A.
813 1725 899 1757 quae
919 1719 1018 1746 erant
1035 1725 1055 1745 a
1069 1714 1151 1755 def
1165 1713 1410 1754 Fsodoardus,
1432 1723 1518 1756 quae
1537 1718 1612 1745 erat
1632 1714 1663 1746 b.

352 1766 371 1798 6
390 1771 530 1808 possent
548 1766 645 1809 (Απ)
657 1769 672 1798 ?
687 1767 715 1798 C
728 1770 743 1798 ?
755 1777 775 1798 a
787 1767 805 1798 b
816 1767 894 1809 ces
903 1766 1130 1799 Flodoardus
1150 1769 1187 1797 et
1202 1776 1250 1797 m.
1270 1776 1339 1797 see.
1359 1766 1404 1798 B.
1596 1766 1669 1798 effi-

175 1819 311 1851 ciebant
328 1828 373 1850 m.
392 1828 449 1860 pr.
470 1829 504 1851 α.
670 1819 746 1852 fons
767 1824 842 1851 erat
860 1820 902 1850 A.
1063 1818 1081 1851 7
1103 1817 1265 1860 Quintum
1284 1818 1416 1859 ABE,
1437 1817 1540 1860 Q.21‚
1561 1819 1675 1861 om.s

174 1869 399 1901 Flodoardus
418 1872 451 1900 et
470 1880 517 1901 m.
532 1879 591 1912 pr.
613 1880 647 1901 α.
780 1871 800 1902 8
819 1880 879 1901 sex
902 1869 986 1907 BE,
1007 1879 1080 1901 v1a
1100 1869 1173 1910 (f).
1295 1870 1518 1911 coortibuss.

177 1922 339 1963 relinquit
356 1922 427 1953 AB
448 1923 528 1958 (hic
547 1933 625 1953 eum
640 1925 773 1964 puncto
791 1923 854 1953 sul>
875 1923 917 1959 n)
936 1922 968 1953 D
981 1922 1039 1961 (E)
1054 1947 1061 1961 ‚
1083 1921 1224 1963 reliquit
1252 1920 1303 1962 (a)
1325 1922 1386 1963 es
1406 1921 1485 1961 (liic
1503 1922 1666 1964 reliquid)

176 1973 416 2005 Flodoardas.
558 1974 741 2005 altitudine
759 1974 832 2007 AB
849 1973 920 2005 CD
942 1973 1139 2005 Vaticanus
1158 1972 1247 2004 3864
1263 1982 1296 2003 α.
1440 1973 1458 2004 9
1478 1973 1601 2015 pedum
1619 1984 1669 2006 ΧΠ

179 2024 372 2067 fossamque
391 2026 512 2068 pedum
530 2037 615 2058 xvm
633 2026 858 2058 Flodoardas
879 2026 1089 2066 Colaeneri,
1110 2027 1212 2057 cuius
1232 2028 1350 2056 tamen
1370 2024 1471 2056 codd.
1494 2036 1534 2057 ea
1549 2051 1557 2067 ‚
1577 2036 1669 2068 quoe

174 2086 284 2118 supra
304 2077 495 2118 leguntur,
517 2080 649 2108 tenent.
839 2076 1017 2108 duodecim
1035 2077 1076 2108 E.
1235 2076 1300 2106 duo
1321 2075 1361 2107 de
1380 2086 1426 2107 xx
1443 2076 1528 2108 ΑΒ.

177 2128 301 2162 muniri
320 2128 365 2160 A.
529 2129 632 2161 iussit
651 2130 683 2160 b.
842 2129 881 2162 10
901 2130 941 2160 ab
961 2129 1046 2172 ipsis
1066 2129 1190 2160 castris
1213 2129 1260 2159 be
1281 2128 1523 2162 Flodoardas.

176 2180 301 2212 Bibrax
319 2181 406 2222 quod
425 2181 548 2213 aberat
564 2180 802 2213 Flodoardus.
1001 2181 1038 2214 11
1062 2180 1152 2222 octo]
1171 2191 1256 2212 xviii
1282 2179 1509 2212 Flodoardus
1543 2180 1671 2212 Colue-

175 2235 274 2273 neri,
301 2233 363 2265 sed
387 2234 486 2265 codd.
509 2236 585 2265 eius
604 2238 679 2265 octo
703 2233 893 2274 praebent.
1079 2232 1113 2263 id
1140 2242 1210 2263 om.
1237 2231 1487 2272 Flodoardus;
1514 2233 1553 2263 in
1578 2232 1611 2262 B
1635 2232 1671 2262 ei

175 2287 257 2316 uoci
271 2289 341 2316 mta
367 2285 465 2326 (εἰς)
493 2296 540 2317 m.
560 2296 629 2317 sec.
649 2287 941 2327 suprascriptum
968 2287 1033 2315 est.
1221 2293 1392 2325 opugnare
1411 2285 1454 2315 B.

179 2336 220 2369 12
237 2341 434 2368 sustentata
449 2337 692 2369 Flodoardus.
854 2341 974 2378 estque
995 2335 1171 2369 Gallorum
1181 2336 1219 2378 s.
1408 2336 1529 2367 eadem
1548 2346 1618 2368 om.
1642 2335 1671 2368 C

178 2386 418 2419 Flodoardus.
587 2387 625 2419 13
646 2391 697 2418 est
716 2396 786 2418 om.
805 2385 1044 2417 Flodoardus.
1202 2385 1286 2417 haec
1309 2385 1380 2418 CD
1393 2386 1424 2418 E
1441 2385 1672 2418 Flodoardus

181 2441 212 2467 et
227 2436 341 2470 deleta
360 2449 377 2470 e
395 2439 446 2480 B,
468 2438 623 2470 deletum
641 2441 678 2470 ire
689 2439 735 2480 s,·
756 2438 818 2470 hac
837 2448 877 2478 α,
899 2448 938 2470 ac
955 2439 1008 2479 A,
1029 2443 1065 2469 at
1084 2438 1204 2470 bede.
1416 2439 1457 2471 14
1474 2438 1670 2480 moenibus]

179 2488 348 2520 mentibus
369 2490 415 2520 bc
433 2493 467 2521 et
478 2500 548 2532 pro
567 2500 647 2522 nar.
669 2490 750 2522 lect.
773 2489 808 2521 d.
972 2490 1006 2521 in
1026 2499 1156 2521 murum
1177 2489 1310 2532 lapides
1328 2489 1671 2531 ABEfFlodoar-

180 2537 244 2569 due
263 2539 341 2571 edd.
361 2545 445 2573 ante
463 2552 484 2573 u
499 2567 507 2583 ‚
527 2553 618 2584 quae
639 2544 748 2574 tacite
767 2541 901 2584 lapides
920 2542 953 2573 in
973 2552 1118 2574 murum.
1246 2542 1286 2574 15
1307 2542 1412 2584 portis
1429 2542 1669 2574 Flodoardus.

288 2594 473 2625 succedunt
490 2594 558 2626 duo
577 2594 666 2627 dett.
687 2598 725 2626 et
737 2594 977 2632 Flodoardus‚
999 2594 1215 2626 succendunt
1232 2594 1378 2635 reliqui.
1524 2594 1564 2627 16
1584 2594 1672 2636 quod

182 2641 263 2682 tum]
284 2644 370 2684 quod
389 2649 456 2677 tam
474 2646 526 2686 A,
558 2647 652 2678 aditu
670 2646 767 2688 apud
781 2645 1026 2678 Flodoardum
1044 2646 1113 2677 duo
1133 2645 1235 2678 codd.
1259 2645 1459 2677 Coluenerz’.

185 2703 328 2736 namque
348 2700 445 2728 tanta
463 2698 793 2740 befFIodoardus.
948 2697 988 2730 17
1009 2697 1187 2729 coicerent
1203 2697 1234 2729 B
1253 2708 1272 2728 n
1292 2707 1399 2739 super
1416 2708 1433 2729 ο
1452 2707 1522 2729 sec.
1543 2707 1589 2729 m.
1610 2696 1672 2728 ad-

183 2747 300 2786 iecta5
319 2748 549 2780 conficiebant
566 2760 582 2780 e
599 2749 847 2791 Flodoardus,
867 2749 1117 2791 coiciebants‚
1139 2748 1348 2780 coniiciebat
1367 2748 1398 2779 b.
1538 2749 1619 2777 ante
1636 2746 1668 2776 in

182 2807 276 2830 muro
294 2798 377 2830 add.
397 2803 435 2831 ut
453 2801 529 2842 bes
538 2801 776 2834 Flodoardus.
919 2805 1075 2843 potestus
1094 2804 1190 2833 esset
1206 2800 1330 2832 iidem.
1465 2799 1505 2831 18
1525 2798 1618 2829 nulla
1637 2798 1667 2828 b.

331 2848 545 2891 obpugnandi
562 2851 604 2883 B.
747 2851 836 2884 lcius
856 2852 899 2892 J),
922 2851 1034 2883 lacius
1054 2852 1072 2884 b
1090 2855 1124 2884 et
1140 2852 1388 2893 suprascripto
1408 2848 1513 2881 letius
1533 2858 1562 2879 c.
