1835 3240
89 904 129 938 10

91 1242 130 1274 15

92 1578 135 1611 20

574 169 757 214 COMM.
781 167 884 213 VIII
914 166 1038 211 CAP.
1062 166 1150 208 9-
1172 167 1236 207 11.
1629 170 1712 213 467

157 303 220 331 11111
241 287 520 334 tabulatorum,
545 285 726 338 pontibus
751 283 927 325 traiectis
947 280 1237 333 constratisque
1249 280 1449 334 coniungi,
1473 296 1638 335 quorum

156 358 305 397 frontes
328 354 497 395 uiminea
519 353 682 394 loricula
704 353 976 392 munirentur:
1009 356 1052 390 ut
1080 349 1127 389 ab
1151 347 1327 388 hostibus
1350 348 1491 401 duplici
1512 351 1634 402 fossa,
1658 353 1686 393 4

155 423 296 477 duplici
320 428 655 476 propugnatorum
670 421 809 460 ordine
824 419 1145 466 defenderentur,
1169 430 1335 470 quorum
1358 416 1458 456 alter
1471 430 1522 456 ex
1546 433 1640 471 pon—

158 491 276 540 tibus,
302 504 377 544 quo
401 489 524 529 tutior
544 488 751 528 altitudine
773 493 903 536 esset,
928 486 1002 526 hoc
1024 485 1208 526 audacius
1231 484 1462 538 longiusque
1484 487 1642 538 permit-

161 565 265 600 teret
285 558 379 607 tela,
404 557 519 606 alter,
543 555 608 609 qui
630 555 788 610 propior
802 554 951 595 hostem
974 554 1014 593 in
1035 553 1121 606 ipso
1143 552 1246 592 uallo
1268 552 1496 593 conlocatus
1519 561 1641 604 esset,

158 633 276 681 ponte
298 626 345 666 ab
366 624 629 666 incidentibus
653 623 741 663 telis
763 628 982 675 tegeretur.
1014 619 1149 660 Portis
1172 621 1278 660 fores
1300 619 1540 673 altioresque
1563 628 1645 661 tur-

157 708 224 735 res
245 693 444 748 imposuit.
487 691 616 731 Huius
650 689 880 730 munitionis
913 688 1057 742 duplex
1087 694 1174 728 erat
1195 687 1418 729 consilium.
1461 687 1646 742 Namque
1668 690 1722 734 10

160 769 199 803 et
220 775 380 816 operum
403 758 712 814 magnitudinem
744 765 785 798 et
811 757 992 797 timorem
1014 769 1125 795 suum
1148 756 1332 809 sperabat
1353 756 1532 797 fiduciam
1555 758 1646 798 bar-

159 830 265 870 baris
287 829 496 870 allaturum
513 857 524 877 ,
555 833 594 866 et
622 840 709 866 cum
741 825 961 879 pabulatum
987 824 1343 877 frumentatumque
1364 824 1519 879 longius
1541 834 1650 867 esset

162 896 486 951 proficiscendum
501 924 511 943 ,
546 893 678 947 paruis
711 893 833 947 copiis
856 898 985 932 castra
1008 890 1225 930 munitione
1247 891 1332 944 ipsa
1352 891 1513 933 uidebat
1533 908 1650 948 posse

161 965 333 1005 defendi.
376 961 538 1002 Interim
561 961 701 1001 crebro
723 960 860 1015 paucis,
879 959 1072 1012 utrimque
1095 959 1418 1012 procurrentibus
1440 960 1544 1001 inter
1559 962 1648 1003 bina
1671 963 1698 1003 2

162 1038 295 1072 eastra
317 1030 455 1085 palude
476 1029 684 1069 interiecta
706 1027 1043 1076 contendebatur3
1069 1039 1184 1079 quam
1206 1033 1335 1066 tamen
1357 1027 1534 1080 paludem
1555 1044 1651 1069 nou-

161 1112 371 1152 numquam
393 1104 463 1137 aut
484 1103 621 1137 nostra
643 1095 790 1137 auxilia
815 1093 1020 1135 Gallorum
1043 1092 1410 1147 Germanorumque
1432 1097 1654 1137 transibant

164 1166 373 1219 acriusque
395 1165 528 1206 hostes
550 1164 883 1218 insequebantur,
919 1169 987 1202 aut
1008 1162 1185 1202 uicissim
1208 1162 1340 1202 hostes
1363 1162 1498 1203 eadem
1521 1170 1652 1205 trans-

163 1233 293 1288 gressi
315 1240 472 1274 nostros
494 1233 653 1288 longius
675 1230 988 1271 summouebant.
1036 1229 1253 1270 Accidebat
1281 1237 1413 1271 autem
1445 1231 1652 1273 cotidianis
1677 1233 1700 1272 3

164 1301 480 1355 pabulationibus
502 1301 559 1348 (id
581 1300 683 1353 quod
705 1299 886 1339 accidere
908 1304 993 1338 erat
1014 1311 1201 1347 neeesse,
1228 1310 1315 1338 cum
1336 1298 1440 1339 raris
1463 1299 1656 1340 disiectis-

166 1383 241 1422 que
253 1382 307 1409 ex
318 1368 507 1409 aedificiis
531 1368 711 1422 pabulum
735 1366 1072 1419 conquireretur),
1098 1373 1140 1405 ut
1159 1366 1354 1419 impeditis
1377 1367 1473 1406 locis
1488 1367 1656 1421 dispersi

166 1437 416 1491 pabulatores
431 1435 832 1485 circumuenirentur3
857 1447 957 1487 quae
970 1447 1050 1483 res,
1077 1433 1151 1473 etsi
1169 1434 1366 1474 mediocre
1379 1434 1655 1476 detrimentum
1677 1435 1704 1476 4

167 1504 432 1544 iumentorum
455 1518 500 1544 ac
523 1517 728 1544 seruorum
755 1502 900 1542 nostris
924 1501 1153 1551 adferebat,
1192 1508 1323 1542 tamen
1344 1502 1485 1542 stultas
1508 1504 1657 1558 cogita-

167 1572 296 1612 tiones
318 1571 798 1619 incitabatbarbarorum,
824 1577 940 1622 atque
953 1583 1000 1609 eo
1014 1569 1155 1623 magiS,
1180 1569 1282 1622 quod
1295 1566 1516 1621 Commius,
1542 1585 1656 1624 quem

167 1645 388 1698 profectum
411 1645 459 1684 ad
480 1643 630 1684 auxilia
653 1641 942 1684 Germanorum
964 1642 1201 1683 arcessenda
1224 1643 1362 1693 docui,
1397 1657 1484 1683 cum
1516 1645 1660 1698 equiti-

167 1718 238 1759 bus
269 1726 459 1769 uenerat3
494 1718 560 1771 qui
592 1718 748 1758 tametsi
781 1730 944 1757 numero
975 1731 1055 1757 non
1087 1716 1251 1772 amplius
1282 1724 1398 1758 erant
1429 1717 1656 1773 quingenti,

168 1799 299 1834 tamen
329 1790 620 1834 Germanorum
655 1792 828 1833 aduentu
859 1791 1016 1832 barbari
1046 1790 1288 1832 nitebantur.
1348 1788 1522 1843 Caesar,
1567 1806 1655 1834 eum
1682 1793 1730 1838 11

313 1985 334 2016 2
354 1985 502 2017 luricula
519 1986 591 2017 AB
605 1985 633 2018 C
646 1984 677 2025 b,
697 1984 803 2016 lorica
821 1985 867 2017 D.
1032 1989 1070 2017 ut
1088 1985 1129 2016 ab
1150 1984 1304 2016 hostibus
1324 1984 1451 2026 duplici
1471 1984 1578 2026 fossa,
1599 1985 1660 2016 ‹lu-

171 2033 252 2077 plici
270 2040 557 2077 propugnatorum
586 2035 703 2067 ordine
733 2034 1007 2067 defenderentur
1024 2035 1055 2067 B
1073 2038 1108 2067 et
1124 2037 1175 2066 sic
1196 2036 1205 2051 ‘
1218 2035 1276 2066 uel
1301 2033 1564 2068 defenderetur⁷
1583 2036 1615 2068 A
1630 2037 1659 2069 C

169 2085 223 2126 D‚·
255 2090 293 2117 ut
320 2086 427 2118 bostis
448 2096 465 2117 a
486 2086 613 2128 duplici
640 2091 928 2129 propugnatorum
948 2086 1068 2118 ordine
1088 2086 1324 2128 depelleretur
1340 2096 1361 2116 a
1375 2095 1392 2116 e
1410 2089 1463 2126 et,
1494 2088 1559 2127 qui
1574 2090 1663 2128 pose

170 2136 405 2179 depelleretur
422 2138 527 2170 addit
545 2138 639 2170 fossa
658 2139 829 2181 dupplici,
851 2150 889 2179 ε,-
909 2144 946 2170 ut
964 2139 1075 2171 hostis
1094 2149 1112 2170 a
1131 2138 1259 2181 duplici
1281 2137 1372 2170 fossa
1392 2138 1517 2180 duplici
1535 2150 1661 2183 propu-

173 2194 352 2231 gnatorum
372 2190 491 2222 ordine
512 2189 760 2222 defenderetur
778 2201 813 2222 u.
833 2191 873 2222 P.
897 2190 972 2223 1¹4.
1183 2189 1202 2222 3
1222 2189 1378 2232 quorum]
1399 2200 1463 2231 quo
1484 2190 1515 2222 b.

171 2242 192 2274 4
210 2241 426 2283 permitteret
444 2241 513 2273 tela
539 2241 569 2273 B
589 2244 624 2272 et
640 2243 693 2272 sic
711 2241 786 2273 ‘uel
802 2242 872 2273 tela
890 2241 1107 2284 permitteret
1124 2251 1207 2273 mss.
1229 2244 1438 2272 constanter
1448 2239 1471 2280 ’;
1500 2241 1571 2273 tela
1589 2252 1662 2284 per-

173 2292 395 2325 mitterentur
414 2294 445 2332 b,
466 2293 533 2324 tela
552 2293 769 2335 permitteret
786 2303 822 2324 u.
1048 2293 1065 2323 5
1086 2292 1142 2334 qui
1161 2291 1255 2324 And.
1278 2292 1408 2332 Ooeon.,
1430 2302 1493 2334 quo
1512 2292 1659 2334 reliqui.

172 2345 213 2377 P.
235 2346 289 2378 58.
432 2345 588 2388 proprior
606 2345 649 2376 B.
790 2344 920 2375 hostem
939 2354 1008 2375 om.
1031 2343 1060 2375 b.
1202 2342 1235 2374 in
1255 2343 1327 2384 ipso
1347 2353 1383 2382 e‚·
1404 2353 1472 2374 om.
1492 2343 1534 2384 B,
1556 2347 1664 2386 atque

178 2398 263 2441 ‘ipso
284 2402 321 2430 et
336 2399 366 2430 in
387 2398 458 2441 ipso
477 2399 611 2430 abe-sta
624 2399 728 2429 mstis
744 2400 780 2428 et
790 2397 866 2429 edd.
879 2395 1117 2438 qm‘busdam'.
1259 2395 1460 2428 conlocatus
1473 2396 1515 2428 B.

176 2449 195 2481 9
214 2449 406 2481 ablaturum
426 2449 457 2480 b.
597 2448 635 2480 11
658 2447 789 2478 interea
812 2448 843 2478 b.
963 2447 1086 2478 crebra
1103 2457 1150 2478 m.
1167 2446 1283 2488 pr.D.
1401 2446 1572 2489 utrimque
1585 2447 1660 2490 (B).

285 2499 326 2531 12
339 2509 587 2542 nonnumquam
599 2499 639 2531 B.
770 2499 809 2530 13
830 2498 960 2530 auxilia
979 2498 1155 2530 Gallorum
1173 2500 1303 2540 03:072„
1325 2498 1454 2530 auxilia
1473 2499 1664 2533 1111163110-

180 2557 252 2579 rum
270 2549 411 2591 reliqui.
581 2550 623 2582 14
642 2547 771 2590 hostes]
792 2549 900 2580 nostri
920 2559 936 2579 e
954 2549 1049 2581 And.
1073 2549 1202 2590 Ooeon„
1223 2549 1339 2582 hostes
1358 2550 1467 2581 nostri
1488 2550 1518 2582 b.

181 2598 291 2640 inseq.
311 2609 350 2631 ac
369 2600 526 2632 uicissem
547 2601 578 2632 b.
719 2600 838 2632 eadem
858 2601 875 2631 b
889 2611 946 2640 ce,
968 2601 1084 2632 eodem
1104 2601 1134 2632 B
1153 2600 1311 2633 ‘ceteri'.
1463 2602 1502 2634 15
1522 2611 1666 2633 summo-

179 2650 308 2683 uebant
324 2651 367 2683 B.
534 2652 573 2685 17
592 2663 635 2685 ex
653 2663 722 2685 om.
745 2653 762 2684 b
776 2663 804 2684 c.
970 2653 1220 2695 impedimentis
1240 2653 1271 2685 B
1292 2653 1387 2684 ‘mss.
1407 2652 1452 2685 7’.
1618 2653 1668 2684 di-

182 2702 291 2744 spersi
312 2702 329 2733 b
343 2712 359 2732 c
371 2701 431 2742 de,
453 2702 617 2745 dispersis
637 2703 666 2735 B
679 2707 713 2735 et
730 2703 877 2745 reliqui.
1019 2704 1060 2736 18
1079 2703 1347 2746 pabulatoriisB
1359 2704 1457 2735 ‘ms-5.
1477 2704 1520 2736 δ’.

184 2754 224 2787 19
244 2753 424 2786 adferebat
438 2755 481 2787 B.
643 2756 688 2791 22
706 2759 817 2787 tamen
838 2755 903 2786 etsi
924 2755 942 2786 b
955 2766 986 2795 e,
1004 2765 1074 2787 non
1093 2766 1123 2787 e.
1282 2755 1458 2798 quingenti
1479 2755 1537 2796 (B)
1559 2754 1666 2787 'mssl

178 2809 328 2848 praeter
345 2814 453 2836 unum
473 2805 560 2846 det„
580 2816 598 2836 o
616 2816 645 2837 e.
804 2805 847 2838 23
868 2805 996 2846 tamen]
1016 2806 1076 2838 sed
1095 2811 1208 2839 tamen
1229 2807 1316 2838 boe.
1470 2805 1668 2839 nitebantur

183 2859 255 2890 ΑΒ
275 2859 370 2890 ‘mss
392 2859 573 2889 innumeri
582 2856 603 2898 ',
624 2857 831 2890 inflabantur
848 2867 869 2889 α
883 2858 900 2889 ὁ
914 2857 1002 2890 cde.

1357 2915 1437 2955 30*
