1835 3240
66 168 147 211 504
628 165 703 207 DE
735 163 923 207 BELLO
958 163 1135 207 ClVILI
1184 200 1194 208 .

143 294 231 321 esse
254 278 521 319 arbitrabatur
542 293 653 332 quam
678 279 839 333 primum
863 278 1002 332 oppido
1026 278 1141 331 potiri
1164 279 1424 332 cohortesque
1447 279 1493 318 ad
1516 292 1559 318 sc
1581 277 1620 318 in

144 357 275 388 castra
298 348 519 396 traducere,
546 361 593 386 ne
617 360 690 399 qua
713 353 779 385 aut
800 345 1074 399 largitionibus
1100 352 1165 384 aut
1187 345 1304 385 animi
1328 346 1623 386 confirmatione

144 422 213 456 aut
235 415 343 456 falsis
367 415 513 454 nuntiis
536 413 785 452 commutatio
809 414 920 453 tieret
941 413 1171 462 uoluntatis,
1200 413 1298 464 quod
1322 427 1437 467 saepe
1459 414 1499 453 in
1521 414 1623 453 bello

94 484 121 526 2
142 484 273 539 paruis
295 482 501 523 momentis
525 480 653 534 magni
677 495 792 520 casus
814 481 1122 528 intercederent,
1150 487 1279 519 tamen
1300 481 1467 529 ueritus,
1492 494 1539 520 ne
1554 480 1623 520 mi-

143 553 252 593 litum
276 550 441 591 introitu
473 555 511 588 et
542 548 726 587 nocturni
760 548 945 601 temporis
974 548 1131 588 licentia
1163 547 1342 601 oppidum
1367 548 1616 601 diriperetur,

145 634 229 668 eos,
256 618 319 671 qui
344 622 550 665 uenerant,
576 616 773 656 collaudat
794 622 909 668 atque
932 616 971 655 in
994 616 1174 669 oppidum
1198 615 1371 663 dimittit,
1397 623 1526 667 portas
1543 630 1623 655 mu-

95 687 119 728 3
141 700 283 739 rosque
307 684 512 724 adseruari
533 683 654 723 iubet.
698 681 786 736 Ipse
809 683 857 722 iis
880 683 1079 736 operibus,
1106 697 1205 736 quae
1230 684 1357 722 facere
1380 683 1621 733 instituerat,

143 755 284 795 milites
308 751 479 805 disponit
502 766 578 791 non
602 751 721 791 certis
744 751 880 803 spatiis
902 751 1138 791 intermissis
1154 781 1163 799 ,
1197 757 1238 790 ut
1269 757 1355 790 erat
1376 750 1623 805 superiorum

144 823 293 862 dierum
317 819 560 859 consuetudo
576 850 585 868 ,
611 819 678 858 sed
704 819 902 872 perpetuis
925 819 1072 872 uigiliis
1094 818 1431 871 stationibusque,
1470 825 1512 857 ut
1534 832 1626 858 con-

96 890 122 930 4
145 890 299 943 tingant
319 888 424 928 inter
446 901 488 927 se
510 893 627 940 atque
650 901 802 926 omnem
828 887 1081 926 munitionem
1106 886 1313 939 expleant,
1350 885 1526 925 tribunos
1559 886 1628 925 mi-

143 957 251 996 litum
275 963 314 995 et
336 956 557 1010 praefectos
573 955 842 994 circummittit
863 961 977 1007 atque
1002 954 1196 1002 hortatur,
1222 968 1298 993 non
1322 954 1444 993 solum
1469 953 1516 992 ab
1539 966 1627 992 eru-

143 1024 340 1079 ptionibus
363 1029 555 1072 caueant,
581 1023 651 1062 sed
675 1023 788 1062 etiam
812 1022 1054 1075 singulorum
1079 1021 1278 1061 hominum
1301 1021 1474 1061 occultos
1498 1022 1627 1061 exitus

98 1092 122 1133 5
144 1092 372 1133 ads-eruent.
427 1089 568 1143 Neque
591 1104 687 1130 uero
710 1097 786 1130 tam
809 1090 975 1130 remisso
998 1104 1043 1129 ac
1064 1089 1249 1142 languido
1273 1089 1401 1129 animo
1425 1089 1626 1142 quisquam

97 1157 124 1200 6
146 1159 317 1200 omnium
343 1159 431 1208 fuit,
457 1159 519 1211 qui
543 1172 588 1198 ea
611 1166 725 1198 nocte
748 1158 1034 1210 conquieuerit.
1069 1156 1199 1196 Tanta
1217 1163 1486 1197 eratsuminae
1498 1171 1626 1197 rerum

147 1226 370 1281 expectatio
388 1257 398 1276 ,
432 1233 473 1266 ut
503 1227 604 1266 alius
636 1227 675 1265 in
697 1225 811 1265 aliam
835 1232 984 1278 partein
1008 1231 1138 1264 mente
1160 1231 1276 1276 atque
1299 1224 1429 1263 animo
1453 1224 1629 1264 trahere-

147 1303 213 1335 tur
230 1325 238 1341 ,
265 1294 353 1347 quid
376 1294 471 1346 ipsis
496 1291 809 1333 Corfiniensibus
826 1322 836 1341 ,
861 1292 949 1344 qnid
973 1291 1148 1331 Domitio
1164 1323 1173 1340 ,
1199 1291 1288 1343 quid
1312 1289 1481 1331 Lentulo
1497 1322 1507 1341 ,
1541 1291 1630 1344 quid

70 1363 123 1407 22
143 1362 305 1414 reliquis
329 1361 552 1408 accideret,
590 1360 653 1413 qui
678 1373 851 1413 quosque
875 1366 1039 1399 euentus
1063 1359 1308 1412 exciperent.
1354 1357 1507 1411 Quarta
1532 1359 1631 1412 uigi-

146 1430 195 1469 lia
219 1429 380 1469 circiter
413 1427 608 1468 Lentulus
631 1426 819 1480 Spinther
841 1428 886 1467 de
918 1442 1026 1466 muro
1050 1442 1135 1466 cum
1160 1427 1305 1480 uigiliis
1329 1427 1632 1479 custodibusque

146 1497 292 1538 nostris
306 1497 564 1549 colloquitur:
590 1496 708 1545 uelle,
733 1496 765 1535 si
789 1495 861 1535 sibi
877 1496 1144 1548 fiatpotestas,
1171 1493 1384 1535 Caesarem
1399 1494 1627 1534 conuenire.

98 1566 124 1606 2
146 1565 269 1607 Facta
293 1572 486 1619 potestate
509 1578 560 1604 ex
584 1564 723 1619 oppido
746 1564 938 1613 mittitur,
973 1577 1098 1616 neque
1129 1563 1175 1602 ab
1208 1576 1254 1602 eo
1288 1563 1394 1616 prius
1420 1561 1633 1602 Domitiani

99 1634 124 1674 3
147 1634 290 1674 milites
315 1633 545 1682 discedunt,
570 1647 685 1685 quam
708 1632 745 1671 in
769 1639 1019 1685 conspectum
1044 1628 1232 1671 Caesaris
1257 1632 1484 1670 deducatur.
1531 1628 1631 1670 Cum

147 1716 194 1742 eo
217 1702 264 1741 de
288 1702 416 1741 salute
439 1715 508 1741 sua
530 1702 646 1755 agit,
682 1706 772 1739 orat
792 1707 909 1755 atque
932 1700 1137 1748 obsecrat,
1172 1706 1211 1738 ut
1234 1699 1306 1738 sibi
1331 1705 1489 1752 parcat,
1522 1704 1630 1738 uete-

146 1783 307 1822 remque
329 1768 540 1809 amicitiam
563 1775 845 1808 commemorat
867 1765 1133 1820 Caesarisque
1163 1767 1203 1806 in
1233 1781 1275 1806 se
1304 1765 1488 1806 beneficia
1512 1779 1633 1818 expo-

103 1837 128 1877 4
151 1838 232 1887 nit,
267 1851 366 1890 quae
398 1843 513 1876 erant
543 1835 740 1876 maxima:
776 1836 877 1888 quod
908 1849 977 1889 per
999 1849 1084 1875 enin
1117 1835 1156 1874 in
1180 1835 1384 1888 collegium
1409 1834 1632 1887 pontificum

147 1911 335 1952 uenerat,
371 1905 470 1958 quod
495 1903 734 1958 prouinciam
759 1902 989 1957 Hispaniam
1013 1917 1062 1943 ex
1087 1909 1268 1955 praetura
1295 1902 1506 1950 habuerat,
1532 1901 1633 1953 quod

100 1973 125 2014 5
147 1973 187 2013 in
210 1972 397 2027 petitione
429 1972 657 2011 consulatus
689 1978 776 2010 crat
797 1971 1039 2010 subleuatus.
1086 1967 1210 2010 Cuius
1241 1970 1458 2010 orationem
1481 1967 1635 2008 Caesar

146 2041 393 2093 interpellat:
420 2054 462 2079 se
486 2054 563 2079 non
586 2039 765 2078 maleficii
789 2053 906 2078 causa
929 2052 981 2078 ex
1003 2038 1203 2092 prouincia
1227 2052 1454 2090 egressum,
1487 2036 1555 2076 scd
1578 2036 1633 2075 uti

148 2122 191 2149 se
213 2122 233 2148 a
258 2108 503 2148 contumeliis
526 2107 771 2147 inimicorum
797 2107 1039 2155 defenderet,
1068 2113 1107 2146 ut
1129 2107 1306 2145 tribunos
1329 2105 1450 2158 plebis
1472 2104 1510 2143 in
1533 2117 1577 2142 ea
1591 2116 1633 2143 re

148 2190 200 2216 ex
223 2176 383 2216 ciuitate
407 2176 593 2229 expulsos
616 2175 657 2214 in
679 2189 789 2214 suam
813 2175 1042 2227 dignitatem
1064 2174 1309 2222 restitueret,
1335 2179 1377 2212 ut
1397 2186 1440 2212 se
1454 2178 1493 2211 et
1514 2185 1634 2224 popu-

149 2244 225 2283 lum
249 2243 474 2283 Romanum
507 2243 676 2283 factione
707 2257 920 2296 paucorum
953 2256 1181 2296 oppressum
1204 2242 1244 2281 in
1267 2241 1486 2281 libertatem
1509 2238 1635 2278 uindi-

101 2310 128 2352 6
151 2318 274 2352 caret.
310 2308 435 2351 Cuius
459 2311 637 2351 oratione
660 2312 912 2351 confirmatus
925 2309 1136 2360 Lentulus,
1165 2317 1205 2349 ut
1226 2310 1264 2349 in
1288 2308 1467 2363 oppidum
1486 2306 1635 2347 reuerti

293 2460 313 2490 4
333 2459 583 2491 interciderent
603 2460 634 2490 b.
777 2460 795 2492 7
817 2459 996 2491 adseruari
1015 2469 1048 2490 α.
1191 2458 1241 2489 his
1260 2467 1292 2488 a.
1459 2456 1494 2488 il
1518 2454 1565 2497 et]
1585 2459 1636 2486 at-

151 2521 216 2553 que
235 2511 265 2542 b.
412 2511 450 2543 13
470 2512 655 2544 adseruent
671 2523 705 2544 α.
870 2522 951 2544 uero
969 2512 1144 2551 Faernus,
1166 2520 1204 2541 eo
1224 2509 1324 2541 codd.
1490 2507 1530 2539 14
1549 2517 1636 2538 sum-

150 2573 225 2595 mae
244 2563 403 2604 Lipsius,
426 2574 552 2595 sumnia
573 2564 675 2596 codd.
820 2563 858 2596 15
877 2562 1072 2605 expectatio
1090 2572 1123 2594 α.
1293 2561 1329 2593 17
1350 2559 1551 2600 exciperent
1569 2558 1633 2597 bc,

151 2617 312 2658 excipent
330 2625 363 2646 α.
564 2616 702 2647 circiter
720 2614 841 2654 uigilia
861 2616 878 2646 b
896 2625 929 2646 u.
1132 2612 1171 2646 21
1194 2615 1378 2653 conspectu
1397 2620 1417 2641 a
1433 2610 1449 2641 b
1463 2620 1491 2641 c.

151 2668 194 2700 22
214 2667 286 2707 agit
306 2665 368 2698 Th.
388 2664 586 2706 Bentletns,
606 2676 675 2697 om.
697 2665 798 2697 codd.
818 2665 859 2697 P.
882 2664 959 2696 136.
1160 2667 1198 2693 ut
1215 2662 1279 2693 sibi
1299 2672 1318 2693 α
1338 2661 1416 2693 edd.
1437 2664 1519 2692 aute
1535 2659 1636 2699 Ald„

152 2718 217 2750 sibi
238 2722 274 2749 ut
292 2717 406 2750 Aldus
424 2727 457 2747 υ.
621 2718 662 2750 25
683 2717 891 2760 Hyspaniam
911 2726 945 2747 α.
1125 2724 1167 2746 ex
1187 2713 1407 2755 praefectura
1425 2723 1446 2744 a
1461 2713 1492 2744 b.

151 2771 194 2804 26
213 2769 383 2812 peticione
402 2777 435 2798 α.
576 2772 651 2799 erat
669 2769 730 2808 ab,
751 2768 791 2798 ab
812 2777 850 2799 eo
871 2771 946 2798 erat
963 2776 999 2798 u.
1141 2763 1358 2807 subleuatus]
1379 2764 1583 2796 sublimatus
1604 2763 1634 2794 b.

296 2822 339 2855 28
358 2821 392 2853 iu
411 2830 450 2853 ea
468 2831 505 2852 re
524 2821 615 2861 abc,
638 2830 676 2851 ea
696 2830 732 2852 re
752 2830 787 2851 u.
968 2817 1010 2851 30
1031 2816 1180 2849 factione
1199 2827 1380 2860 paucorum
1399 2825 1435 2856 a,
1454 2824 1637 2858 paucorum

157 2874 307 2908 factione
327 2872 404 2905 edd.
546 2871 584 2904 31
608 2871 655 2902 uti
676 2870 755 2912 (a)?
772 2873 808 2902 et
825 2879 905 2901 cum
923 2877 992 2900 uno
1012 2867 1081 2900 det.
1102 2878 1136 2900 u.

1662 893 1700 925 10

1666 1231 1703 1264 15

1663 1569 1705 1603 20

1664 1907 1705 1939 25

1667 2245 1708 2277 30
