1835 3240
565 155 748 200 COMM.
774 155 872 200 VIII
894 154 1018 198 CAP.
1042 154 1243 196 45-47.
1639 154 1722 198 487

165 272 400 321 deuicisset‚
434 283 522 311 cum
543 271 692 312 duabus
715 269 936 324 legionibus
957 269 998 310 in
1019 281 1107 309 eam
1129 274 1278 321 partem
1301 264 1456 308 Galliae
1476 276 1536 309 est
1556 283 1646 322 pro-

167 342 318 388 fectus,
354 345 397 379 ut
426 338 481 380 ibi
513 346 736 379 extremum
758 345 912 391 tempus
935 342 1186 378 consumeret
1206 334 1463 375 aestiuorum.
1515 334 1644 388 Quam
1665 337 1693 376 2

163 422 246 449 rem
268 406 386 447 sicuti
418 413 551 447 cetera
581 406 767 447 celeriter
787 405 1033 458 feliciterque
1055 403 1242 445 confecit.
1302 400 1489 455 Namque
1510 416 1646 443 omnes

162 473 403 528 Aquitaniae
425 475 607 515 ciuitates
640 474 792 528 legatos
823 473 872 513 ad
894 470 1110 513 Caesarem
1142 471 1335 512 miserunt
1355 469 1590 522 obsidesque
1611 470 1648 510 ei

117 552 135 582 5
167 542 372 583 dederunt.
417 540 570 595 Quibus
600 541 718 583 rebus
739 541 862 595 gestis
891 540 976 593 ipse
1006 539 1178 593 equitum
1199 537 1396 593 praesidio
1416 536 1649 578 Narbonem
1671 535 1696 576 3

162 611 363 665 profectus
385 618 461 660 est,
486 610 706 650 exercitum
734 622 804 663 per
824 608 977 662 legatos
998 607 1038 647 in
1061 606 1224 647 hiberna
1245 605 1431 647 deduxit:
1466 611 1651 658 quattuor
1669 603 1697 644 4

162 678 339 733 legiones
361 678 401 718 in
421 676 561 732 Belgio
589 676 813 718 conlocauit
841 690 930 716 cum
951 673 1012 715 M.
1035 674 1213 715 Antonio
1244 681 1282 714 et
1305 672 1354 715 C.
1386 671 1588 714 Trebonio
1611 678 1651 712 et

163 743 212 787 P.
239 745 401 787 Vatinio
422 745 565 799 legatis
579 776 589 795 ,
615 745 709 785 duas
730 744 909 798 legiones
930 743 972 784 in
992 742 1181 783 Haeduos
1201 742 1390 792 deduxit,
1423 753 1587 794 quorum
1608 738 1650 779 iu

163 813 269 854 omni
292 812 422 854 Gallia
450 827 640 853 summam
664 826 755 853 esse
777 812 1053 852 auctoritatem
1075 810 1251 860 sciebat,
1285 810 1382 851 duas
1412 809 1454 850 in
1475 806 1649 848 Turonis

92 888 133 920 10
164 881 213 921 ad
235 881 331 922 fines
345 879 562 922 Carnutum
576 881 720 935 posuit,
747 893 847 933 quae
870 892 1024 919 omnem
1045 878 1150 919 illam
1173 878 1376 931 regionem
1399 875 1650 917 coniunctam

90 1226 130 1258 15

89 1565 131 1599 20

163 946 326 990 Oceano
339 949 606 999 continerent,
632 949 728 988 duas
749 948 920 1000 reliquas
942 947 982 987 in
992 945 1251 987 Lemouicum
1275 944 1415 985 finibus
1432 958 1511 984 non
1532 943 1650 998 longe

160 1015 207 1056 ab
228 1016 443 1066 Aruernis,
468 1030 518 1057 ne
540 1030 616 1070 qua
638 1029 728 1070 pars
749 1013 904 1056 Galliae
925 1028 1052 1055 uacua
1072 1014 1120 1054 ab
1144 1013 1326 1055 exercitu
1349 1019 1470 1053 esset.
1495 1011 1652 1052 Paucos
1674 1009 1699 1050 5

160 1083 242 1124 dies
263 1084 349 1138 ipse
369 1084 410 1124 in
422 1084 626 1138 prouincia
639 1090 832 1134 moratus,
857 1097 945 1123 cum
958 1082 1143 1123 celeriter
1165 1094 1300 1122 omnes
1323 1086 1542 1120 conuentus
1564 1092 1652 1132 per-

161 1152 433 1202 cucurrisset,
456 1152 630 1207 publicas
653 1151 954 1192 controuersias
975 1156 1211 1204 cognosset,
1241 1149 1342 1190 hene
1364 1147 1516 1188 meritis
1539 1159 1652 1200 prae-

160 1220 238 1259 mia
267 1220 473 1261 tribuisset
502 1220 789 1274 (cognoscendi
820 1220 924 1261 enim
952 1219 1164 1259 maximam
1197 1217 1422 1258 facultatem
1457 1214 1648 1263 habebat,
1672 1211 1699 1253 6

164 1288 268 1340 quali
300 1288 464 1341 quisque
496 1288 638 1328 fuisset
666 1288 798 1328 animo
828 1288 869 1328 in
897 1288 1020 1328 totius
1053 1286 1208 1328 Galliae
1251 1285 1496 1333 defectione,
1537 1295 1652 1338 quam

164 1355 408 1396 sustinuerat
430 1355 615 1396 fidelitate
636 1363 752 1409 atque
775 1356 935 1396 auxiliis
958 1354 1188 1410 prouinciae
1208 1353 1353 1405 illius),
1379 1352 1438 1392 his
1461 1349 1653 1391 confectis

163 1423 282 1463 rebus
305 1424 351 1463 ad
373 1423 551 1477 legiones
572 1424 613 1464 in
625 1422 807 1478 Belgium
828 1437 870 1464 se
884 1419 1650 1477 recipithibernatqueNemetocennae.

163 1488 221 1530 Ibi
234 1489 667 1546 cognoscitCommium
680 1492 911 1532 Atrebatem
925 1490 1074 1545 proelio
1096 1504 1183 1530 cum
1205 1489 1379 1542 equitatu
1400 1501 1472 1528 suo
1492 1492 1655 1526 conten·
1675 1484 1732 1529 47

164 1558 282 1598 disse.
322 1557 430 1599 Nam
453 1573 541 1600 cum
562 1560 763 1600 Antonius
784 1560 825 1600 in
847 1559 1010 1600 hiberna
1031 1559 1222 1608 uenisset,
1247 1556 1464 1610 ciuitasque
1482 1552 1655 1594 Atreba-
1674 1550 1703 1593 2

164 1628 244 1661 tum
266 1621 307 1661 in
330 1622 455 1662 officio
477 1630 600 1673 esset,
626 1620 845 1673 Commius,
871 1623 937 1676 qui
958 1622 1168 1677 postillam
1182 1619 1513 1668 uulnerationem‚
1538 1630 1655 1670 quam

164 1697 283 1737 supra
305 1685 628 1735 commemoraui,
653 1699 810 1739 semper
830 1685 879 1725 ad
900 1698 1037 1725 omnes
1059 1690 1189 1723 motus
1212 1688 1372 1736 paratus
1395 1680 1478 1721 suis
1501 1679 1654 1720 ciuibus

307 1774 323 1807 1
344 1773 479 1808 Galliae
496 1777 528 1808 Β
547 1777 643 1808 ‘mss.
665 1777 767 1818 longe
780 1773 971 1818 plurimi',
992 1785 1062 1807 om.
1083 1785 1145 1806 eu.
1302 1773 1323 1807 2
1342 1777 1379 1805 ut
1397 1771 1443 1804 ibi
1461 1770 1540 1804 BA
1560 1769 1658 1801 ‘reli-

164 1824 258 1867 qut’,
280 1826 337 1858 ubi
356 1837 373 1857 e
394 1827 510 1859 Ooeon.
652 1829 670 1861 3
690 1829 793 1861 sicuti
811 1829 870 1860 Be
890 1828 985 1859 (νῆες.
1000 1825 1191 1869 plerique',
1213 1825 1304 1858 sicut
1320 1835 1358 1857 u.
1515 1827 1657 1854 caetera

165 1878 239 1919 (B)·
381 1879 402 1911 4
419 1880 461 1911 ad
480 1880 662 1912 Caesarem
681 1881 712 1912 B
731 1879 912 1922 ‘reliqui'‚
934 1880 976 1911 ad
996 1889 1071 1911 eum
1092 1880 1109 1910 b
1122 1878 1214 1910 cde.
1357 1878 1375 1908 5
1389 1875 1540 1917 equitum
1559 1883 1658 1916 prae-

165 1930 253 1963 sidio
271 1930 302 1962 B
323 1930 519 1973 ίρῐεὲνίᾳιιεζ·
549 1943 625 1965 cum
643 1933 795 1974 equitum
814 1932 989 1976 praesidio
1009 1942 1030 1963 a
1049 1933 1094 1971 (is
1114 1928 1319 1972 equitatum)
1340 1929 1357 1960 b
1378 1928 1450 1967 (lzz'c
1468 1925 1657 1968 equitatus)

166 1983 228 2023 cd,
250 1993 324 2015 cum
343 1985 516 2025 praesidio
536 1985 685 2027 equitum
704 1998 734 2018 e.
876 1982 1072 2017 Nar-bonam
1093 1983 1110 2014 b
1125 1982 1228 2014 ceA.
1392 1979 1411 2011 6
1430 1982 1594 2020 quattuor
1610 1977 1652 2018 B,

166 2044 236 2065 non
250 2039 410 2076 quatuor.
554 2036 571 2068 7
584 2035 779 2067 conlocauit
790 2036 834 2067 B.
975 2034 1090 2067 Marco
1108 2043 1177 2064 sec.
1192 2043 1239 2064 m.
1251 2032 1294 2064 B.
1437 2028 1478 2060 G.
1491 2037 1653 2069 supra-sc.

165 2097 235 2119 sec,
254 2097 302 2118 m.
323 2087 377 2118 aio
395 2088 439 2120 B.
579 2088 600 2120 8
617 2087 736 2120 Publio
754 2098 824 2120 sec.
844 2097 891 2119 m.
913 2087 954 2118 B.
1111 2083 1252 2116 Vatinio
1271 2081 1397 2123 legatis
1417 2081 1448 2113 B
1468 2080 1562 2111 ‘msa
1580 2079 1657 2120 ple-

164 2135 293 2179 rique‘5
312 2136 451 2170 Vatinio
463 2137 578 2170 Tullio
598 2140 723 2181 legatis
745 2140 762 2170 b
776 2149 822 2170 ce
841 2138 889 2180 (is
908 2139 1035 2179 legato,
1054 2140 1098 2168 ut
1117 2136 1213 2168 ‘mssa
1234 2134 1294 2177 5')‚
1315 2132 1454 2166 Vatinio
1473 2130 1559 2173 etQ.
1573 2130 1658 2162 Tul-

165 2189 211 2221 lio
230 2189 354 2229 legatis
364 2190 479 2222 Aldus
496 2199 532 2222 u.
674 2191 826 2231 legiones
842 2190 873 2222 B
890 2190 985 2221 ‘nv-ss.
1002 2188 1157 2229 plurimi
1167 2187 1187 2227 ’‚
1209 2197 1275 2218 om.
1298 2195 1361 2217 eu.
1504 2181 1655 2214 Haeduis

164 2250 185 2272 α
199 2241 247 2271 bc
265 2239 419 2281 (Heduos
438 2240 486 2283 e).
631 2241 774 2273 deduxit
790 2242 821 2273 B
834 2240 912 2280 CA,
935 2239 1031 2271 dedit
1048 2239 1102 2278 D;
1122 2237 1303 2269 constituit
1320 2246 1341 2268 α
1356 2237 1373 2268 b
1386 2245 1443 2275 ce,
1463 2234 1559 2266 misit
1576 2242 1656 2265 cum

165 2290 258 2323 And.
276 2291 390 2323 Ooeon.
405 2303 442 2324 u.
581 2293 599 2325 9
614 2292 764 2325 Turonis
779 2292 796 2324 b
810 2303 827 2324 c
838 2292 861 2324 d
872 2302 911 2332 c‚·
931 2290 1089 2323 Turones
1107 2288 1282 2331 ‘7·eliquz·’,
1299 2287 1455 2320 Torones
1467 2287 1510 2319 B.

167 2341 207 2374 10
225 2342 317 2374 illam
334 2343 365 2375 B
383 2343 509 2384 ΕΒΑ,
530 2354 600 2375 οηι.
620 2354 682 2375 eu.
902 2343 938 2375 ll
962 2341 1085 2373 finibus
1105 2340 1164 2382 (B)
1177 2341 1208 2373 A
1229 2339 1405 2382 ‘reliqui‘,
1425 2339 1510 2370 fines
1531 2337 1654 2370 bede.

311 2395 353 2429 12
370 2395 442 2438 ipse
461 2405 588 2437 paucos
607 2396 682 2428 dies
701 2397 760 2428 be.
910 2394 950 2427 13
970 2393 1202 2436 percurrisset
1220 2393 1252 2425 b.
1415 2392 1457 2425 14
1476 2395 1658 2432 cognosset

168 2444 253 2485 DA,
272 2451 458 2485 cognoscet
474 2446 516 2487 Β,
538 2451 765 2487 cognosceret
786 2446 835 2485 C,-
856 2445 1074 2485 cognouisset
1092 2444 1139 2485 (e)
1153 2454 1189 2476 u.
1346 2443 1386 2476 15
1407 2443 1572 2475 habuerat
1591 2442 1609 2473 b
1623 2451 1653 2473 e.

313 2495 352 2528 16
373 2495 498 2529 fuisset
514 2498 627 2529 animo
646 2498 680 2529 in
700 2501 763 2529 tot.
783 2495 874 2528 Gall.
896 2495 966 2527 def.
986 2495 1017 2527 B
1044 2495 1266 2537 ‘plere‘que'5
1287 2494 1398 2526 animo
1417 2494 1452 2526 in
1471 2492 1657 2536 rempubli-

169 2555 240 2577 cam
260 2546 384 2579 fuisset
400 2552 463 2580 tot.
484 2548 575 2581 Gall.
597 2548 668 2581 (les.
689 2549 740 2581 cd
756 2552 811 2589 et,
841 2550 908 2589 quz'
922 2547 1118 2589 republica,
1141 2547 1159 2578 b
1177 2550 1231 2587 et,
1260 2548 1323 2588 qui
1338 2545 1378 2577 R.
1399 2544 1458 2586 P.‚
1479 2555 1510 2577 e.

173 2597 211 2629 17
231 2597 282 2629 his
302 2609 330 2638 e,
350 2609 419 2630 om·
438 2600 564 2634 BCD.
742 2599 909 2633 confectis
928 2599 1031 2631 rebus
1051 2599 1082 2631 B
1099 2599 1177 2631 edd.
1198 2601 1283 2631 ante
1300 2597 1398 2638 Ald.‚
1419 2597 1522 2629 rebus
1540 2596 1657 2629 confe-

172 2648 236 2680 ctis
255 2658 272 2679 e
289 2648 402 2681 Aldus
419 2660 464 2683 u.-
483 2652 597 2684 ‘rebus
616 2651 786 2684 confectis
805 2650 865 2683 uel
882 2649 1052 2682 confectis
1072 2650 1172 2682 rebus
1187 2648 1377 2693 plerz‘que'.
1545 2647 1585 2680 18
1603 2656 1655 2678 re-

173 2699 263 2741 cepit
282 2699 341 2732 be.
503 2703 766 2747 hiberuauitque
785 2704 858 2743 eA,
880 2702 1113 2745 hiemauitque
1133 2703 1164 2734 b.
1326 2699 1602 2733 Nemotocennae
1623 2699 1654 2731 b.

313 2752 357 2785 20
375 2751 583 2788 Adrebatum
601 2756 644 2788 Β.
810 2755 850 2791 21
872 2755 904 2786 in
924 2765 993 2787 om.
1017 2754 1048 2786 b.
1227 2758 1324 2786 esset
1341 2754 1372 2785 B
1392 2752 1566 2793 ‘reliqum
1585 2761 1655 2783 ma-

173 2808 270 2836 neret
288 2804 306 2836 b
319 2803 407 2836 cde-
593 2808 638 2842 22
655 2806 920 2840 commemoraui
941 2806 1134 2848 ‘mss.sere
1153 2804 1296 2844 omms',
1317 2800 1654 2836 commemorauimus

174 2857 234 2898 (Β)
249 2859 303 2889 ἵε.
