1835 3240
86 152 170 195 360
611 154 684 197 DE
718 155 906 199 BELLO
939 155 1187 200 GALLICO

115 266 142 306 4
164 274 420 308 consuerunt.
463 267 524 309 Eo
546 270 807 323 proficiscitur
828 284 915 309 cum
939 269 1180 322 legionibus:
1205 270 1331 311 locum
1353 272 1500 326 reperit
1522 287 1634 328 egre-

162 335 226 389 gie
247 343 389 377 natura
411 343 526 390 atque
550 351 666 390 opere
687 336 903 385 munitum3
942 343 1072 376 tamen
1095 337 1196 377 hunc
1218 339 1367 379 duabus
1390 354 1440 380 ex
1462 342 1637 395 partibus

116 401 140 442 5
164 416 388 456 oppugnare
412 404 627 443 contendit.
681 403 828 442 Hostes
851 403 1049 457 paulisper
1069 404 1210 444 morati
1233 406 1396 446 militum
1419 416 1641 449 nostrorum

162 470 347 523 impetum
390 485 467 511 non
498 471 670 510 tulerunt
698 483 864 523 seseque
895 471 970 510 alia
1011 485 1060 511 ex
1105 479 1215 525 parte
1254 465 1381 525 oppidi
1422 475 1637 516 eiecerunt.

115 534 142 576 6
162 535 335 591 Magnus
357 538 407 578 ibi
432 551 618 577 numerus
641 538 794 591 pecoris
815 545 996 591 repertus
1011 570 1021 588 ,
1054 539 1240 591 multique
1262 540 1301 580 in
1326 541 1413 593 suga
1436 551 1526 583 sunt
1546 558 1638 584 con·
1671 553 1689 583 5

87 603 144 648 22
163 605 347 659 prehensi
369 613 484 657 atque
506 605 721 644 interfecti.
765 604 865 645 Dum
890 606 985 647 haec
1007 606 1045 646 in
1071 606 1131 647 his
1154 606 1250 647 locis
1273 615 1478 660 geruntur,
1505 607 1641 652 Cassi·

161 673 363 713 uellaunus
386 672 432 711 ad
456 668 642 712 Cantium
657 704 667 722 ,
692 674 792 726 quod
816 687 906 714 esse
929 674 974 714 ad
999 687 1108 714 mare
1129 688 1246 728 supra
1269 676 1639 728 demonstrauimus,

161 740 298 793 quibus
320 739 547 792 regionibus
570 747 755 793 quattuor
774 755 890 795 reges
910 748 1136 795 praeerant,
1152 739 1405 795 Cingetorix,
1424 740 1639 795 Caruilius,

163 807 470 860 Taximagulus,
496 805 710 860 Segouax,
737 808 895 848 nuntios
919 809 1038 848 mittit
1059 816 1174 862 atque
1197 809 1254 849 his
1276 810 1466 863 imperat,
1501 811 1554 850 uti
1579 826 1643 852 co-

160 875 259 915 actis
283 874 460 914 omnibus
484 875 607 928 copiis
642 882 772 915 castra
795 876 951 916 naualia
975 877 1020 916 de
1042 877 1255 931 improuiso
1278 878 1508 918 adoriantur
1528 885 1643 932 atque
1675 887 1689 920 1

113 941 139 982 2
162 949 400 996 oppugnent.
433 940 467 982 li
489 943 633 983 eumad
656 950 787 983 castra
809 944 1028 993 uenissent,
1054 946 1177 985 nostri
1197 945 1399 998 eruptione
1424 947 1522 985 facta
1546 947 1644 987 mul-

161 1010 211 1049 tis
234 1023 367 1050 eorum
391 1009 639 1061 interfectis,
666 1018 778 1065 capto
801 1012 916 1052 etiam
940 1012 1058 1052 nobili
1081 1013 1178 1054 duee
1200 1012 1445 1066 Lugotorige
1468 1027 1561 1053 suos
1584 1014 1643 1053 in-

114 1074 138 1116 3
163 1077 334 1118 columes
356 1078 616 1131 reduxerunt.
671 1076 996 1120 Cassiuellaunus
1033 1080 1103 1120 hoc
1127 1081 1274 1134 proelio
1297 1080 1475 1121 nuntiato
1498 1088 1556 1121 tot
1578 1081 1643 1122 de-

160 1145 355 1186 trimentis
379 1145 573 1199 acceptis,
610 1146 776 1187 uastatis
809 1147 972 1197 finibus,
1008 1149 1180 1188 maxime
1210 1149 1323 1188 etiam
1355 1155 1554 1201 permotus
1578 1150 1643 1189 de-

160 1213 331 1253 fectione
353 1213 579 1264 ciuitatum,
616 1214 767 1266 legatos
791 1229 862 1268 per
885 1215 1113 1256 Atrebatem
1138 1214 1356 1256 Commium
1380 1217 1425 1256 dc
1449 1217 1645 1256 deditione
1680 1225 1715 1257 Γ

110 1279 138 1320 4
159 1281 206 1321 ad
229 1278 443 1322 Caesarem
466 1281 596 1320 mittit.
642 1278 816 1332 Caesar,
852 1297 936 1322 cum
969 1284 1241 1324 constituisset
1263 1285 1435 1324 hiemare
1456 1283 1496 1323 in
1519 1285 1644 1324 conti-

160 1350 267 1389 nenti
292 1356 451 1403 propter
471 1349 698 1403 repentinos
712 1348 865 1391 Galliae
888 1358 1032 1401 motus,
1059 1365 1185 1404 neque
1208 1351 1371 1391 multum
1394 1350 1558 1391 aestatis
1580 1365 1645 1391 su-

158 1424 353 1470 peresset,
378 1424 494 1470 atque
516 1417 553 1457 id
578 1417 689 1457 facile
703 1418 857 1458 extrahi
875 1432 990 1471 posse
1011 1418 1276 1472 intellegeret,
1302 1418 1457 1458 obsides
1479 1418 1645 1472 imperat

158 1491 212 1534 et,
238 1485 327 1538 quid
350 1485 389 1524 in
403 1499 528 1525 annos
552 1485 726 1538 singulos
750 1486 956 1540 uectigalis
972 1486 1110 1540 populo
1128 1484 1306 1526 Romano
1320 1484 1525 1526 Britannia
1549 1499 1645 1539 pen-

1697 887 1717 919 0

1699 1234 1718 1256 ’δ

114 1550 138 1591 5
162 1552 288 1602 deret,
314 1553 544 1603 constituit3
569 1553 772 1593 interdicit
794 1561 908 1607 atque
929 1554 1097 1608 imperat
1118 1551 1435 1603 Cassiuellauno,
1461 1567 1509 1593 ne
1526 1551 1645 1593 Man·
1674 1560 1718 1594 20

84 1618 140 1663 23
160 1620 345 1661 dubracio
366 1635 442 1661 neu
463 1620 773 1662 Trinobantibus
796 1629 950 1662 noceat.
996 1620 1209 1663 Obsidibus
1232 1622 1402 1676 acceptis
1425 1622 1644 1662 exercitum

109 1686 137 1728 2
157 1689 309 1729 reducit
331 1689 377 1729 ad
401 1703 531 1739 mare,
568 1703 691 1729 naues
722 1690 873 1729 inuenit
902 1690 1089 1730 refectas.
1140 1689 1215 1729 His
1237 1689 1438 1739 deductis,
1474 1690 1576 1743 quod
1605 1696 1645 1729 et

158 1756 403 1809 captiuorum
427 1771 608 1810 magnum
633 1771 836 1797 numerum
871 1757 1062 1807 habebat,
1098 1764 1137 1797 et
1166 1758 1377 1797 nonnullae
1410 1763 1642 1811 tempestate

158 1824 408 1877 deperierant
430 1839 575 1875 naues,
611 1825 761 1864 duobus
799 1824 1077 1865 commeatibus
1112 1825 1330 1865 exercitum
1354 1831 1560 1878 reportare
1581 1823 1642 1863 in-

110 1889 135 1931 3
157 1891 298 1931 stituit.
343 1892 404 1932 Ae
427 1892 484 1932 sic
507 1893 663 1942 accidit,
688 1893 745 1932 uti
768 1907 819 1932 ex
843 1899 951 1932 tanto
975 1892 1132 1932 nauium
1155 1906 1317 1932 numero
1341 1900 1400 1932 tot
1422 1891 1642 1945 nauigatio-

157 1958 272 2000 nibus
294 1973 421 2013 neque-
453 1960 524 2000 hoc
558 1974 684 2013 neque
713 1960 916 2013 superiore
946 1974 1049 2000 anno
1081 1960 1159 2000 ulla
1182 1960 1340 2000 omnino
1363 1960 1504 2009 nauis,
1541 1972 1640 2013 quae

109 2025 135 2066 4
157 2027 299 2067 milites
321 2035 513 2082 portaret,
540 2028 858 2079 desideraretur,
898 2034 938 2068 at
968 2042 1021 2068 ex
1051 2029 1099 2069 iis
1115 2060 1125 2079 ,
1162 2042 1258 2081 quae
1282 2028 1420 2068 inanes
1443 2041 1495 2067 ex
1517 2027 1640 2067 conti-

156 2096 264 2136 nenti
288 2096 333 2136 ad
358 2110 444 2136 eum
466 2096 765 2136 remitterentur
796 2103 835 2136 et
865 2096 1007 2149 prioris
1031 2102 1270 2136 commeatus
1294 2095 1485 2148 expositis
1507 2095 1638 2134 militi-

155 2162 228 2203 bus
253 2170 292 2204 et
313 2179 409 2218 quas
432 2172 567 2219 postea
591 2162 796 2205 Labienus
819 2163 1018 2204 faciendas
1043 2170 1249 2204 curauerat
1273 2176 1435 2203 numero
1449 2168 1524 2211 LX,
1549 2175 1639 2215 per-

1672 1899 1692 1933 ω

1697 1899 1715 1931 υ(

301 2291 315 2322 1
338 2292 490 2333 repperit
510 2293 550 2322 B.
692 2292 709 2323 5
730 2290 957 2333 conprehensi
975 2291 1017 2322 B.
1168 2290 1186 2322 ὓ
1207 2300 1280 2322 cum
1301 2290 1383 2321 haee
1402 2287 1432 2320 Β
1453 2288 1548 2320 ἤνιδε.
1572 2288 1636 2320 ll'.

300 2343 332 2374 in
353 2343 394 2373 iis
414 2343 454 2374 B.
597 2343 615 2374 8
635 2347 796 2385 quattuor
813 2343 864 2383 B,
885 2353 954 2374 non
974 2347 1128 2384 quatuor.
1270 2341 1457 2373 Cartuilius
1476 2341 1507 2371 b.

157 2395 176 2427 9
196 2394 353 2435 Segouax
372 2395 444 2426 AB
458 2395 525 2426 CD
540 2396 557 2426 b
571 2406 605 2435 e,
628 2395 784 2435 Segonax
805 2406 839 2426 u.
981 2400 1082 2437 atque
1101 2395 1142 2426 iis
1162 2396 1204 2426 B.
1372 2394 1409 2425 12
1427 2393 1637 2433 Lugotorige

156 2445 261 2487 A(B)
275 2446 360 2485 CD,
382 2445 588 2486 Legotorige
608 2457 649 2485 α,-
671 2446 891 2487 Cingetorige
911 2457 927 2477 e
947 2446 1042 2477 ''tress.
1064 2445 1233 2487 quz'dmn'.
1344 2444 1383 2476 ’15
1403 2444 1593 2475 ciuitatium
1606 2454 1636 2475 e.

266 2497 303 2528 1ss
324 2497 563 2528 constituisset
581 2497 730 2528 hiemare
750 2499 779 2528 B
798 2501 831 2528 et
849 2497 1002 2538 1·ellqm';
1022 2497 1204 2528 statuisset
1222 2496 1383 2535 hiemem,
1403 2495 1542 2526 adsevlo
1561 2504 1637 2534 age-

155 2559 190 2580 re
208 2552 291 2589 post
307 2553 430 2589 motus,
454 2550 470 2580 b
485 2550 569 2581 ede.
752 2549 789 2581 19
811 2549 888 2591 quid
909 2560 948 2588 e,·
969 2549 1055 2590 quod
1074 2559 1119 2580 m.
1138 2558 1194 2590 pr.
1216 2551 1252 2580 et
1268 2552 1347 2589 quot
1364 2558 1431 2578 see.
1455 2548 1500 2587 B,
1523 2547 1632 2589 ‘quod

159 2599 218 2630 uel
235 2604 315 2641 quot
333 2610 416 2631 mss.
431 2600 617 2641 plerique,
639 2600 701 2631 sed
719 2601 806 2641 quod
826 2599 1067 2631 vetustior-es&
1279 2598 1431 2629 Britania
1450 2598 1492 2630 B.

157 2651 199 2685 20
219 2651 471 2683 Casuuettauno
491 2652 532 2682 B.
704 2650 962 2692 Mandubragio,
983 2651 1099 2682 delela
1118 2661 1138 2691 g
1156 2654 1189 2682 et
1207 2662 1223 2682 c
1241 2661 1309 2681 see.
1331 2661 1376 2682 m.
1396 2660 1571 2692 saprum„
1593 2650 1634 2682 B.

299 2702 338 2735 21
361 2701 636 2734 Trenouantibus
656 2702 698 2733 B.
841 2707 961 2733 noceat
978 2703 1008 2732 B
1026 2701 1160 2742 reliqui
1177 2705 1213 2732 el
1227 2712 1293 2732 see.
1314 2712 1360 2734 711.
1381 2712 1422 2742 α,
1444 2701 1570 2733 belluni
1590 2701 1639 2733 fa-

157 2753 226 2785 ciat
244 2763 264 2785 a
278 2753 338 2785 de.
478 2753 520 2786 22
540 2753 581 2784 iis
602 2752 757 2784 deductis
777 2753 818 2784 B.
959 2752 1001 2787 23
1021 2753 1232 2794 captiuorum
1252 2752 1283 2783 in
1303 2763 1458 2794 magnum
1477 2752 1522 2785 A.

157 2807 199 2839 ‘24
219 2807 398 2848 deportare
419 2805 510 2838 bde.
651 2805 879 2838 constituite.
998 2806 1039 2837 25
1059 2815 1097 2837 ac
1117 2805 1145 2837 si
1164 2816 1210 2836 m.
1226 2816 1283 2847 pr.
1310 2807 1348 2838 Β.
1481 2805 1523 2839 26
1544 2804 1636 2837 nulla

155 2860 186 2892 A
201 2859 217 2890 b
231 2859 292 2891 de.
434 2860 475 2893 27
495 2863 594 2899 atque
614 2868 652 2889 ex
675 2857 715 2889 iis
737 2859 766 2890 b.
907 2858 948 2891 29
967 2857 1137 2889 Lauieuus
1156 2857 1187 2889 A
1203 2857 1243 2890 (f.
