1835 3240
717 167 1090 209 —9—

167 286 282 325 derus
303 283 345 323 in
366 280 533 323 Wachl.
559 279 652 334 phil.
689 279 716 319 l.
751 294 813 330 c.,
849 295 936 321 cum
967 281 1008 321 in
1039 280 1182 334 optimo
1215 281 1347 322 codice
1369 281 1650 337 Bongarsiano

163 351 288 405 primo
310 349 497 403 scriptum
520 347 572 388 sit
596 352 606 371 ⁶
623 349 982 402 comparentibus’,
1014 349 1056 388 in
1077 348 1236 401 reliquis
1259 349 1372 388 bonis
1396 357 1436 390 et
1458 351 1650 405 plerisque

164 417 427 459 deterioribus
465 421 474 439 ‘
491 416 838 469 comparantibus'.
892 415 966 456 His
995 416 1117 469 igitur
1144 416 1277 456 uerbis
1300 417 1334 456 si
1358 417 1519 457 credere
1541 418 1648 469 licet,

163 484 675 526 omniacommentariorum
689 480 1023 524 Caesarianorum
1037 485 1306 538 supplementa
1325 484 1371 523 ab
1397 498 1473 523 uno
1497 485 1653 524 eodem-

162 567 235 610 que
259 553 414 593 homine
436 553 581 605 scripta
603 558 707 591 sunt.
764 549 887 592 Cuius
910 566 1053 592 nomen
1075 551 1109 592 si
1132 551 1378 605 quaerim11S‚
1412 552 1453 591 in
1475 551 1654 592 codicum

162 621 316 674 quidem
341 618 675 661 Caesariauorum
704 620 852 660 maiore
880 627 992 673 parte
1015 619 1284 660 oblitteratum
1308 619 1652 673 deprehendimus.

159 687 266 730 Nam
288 689 389 742 quod
411 694 575 728 octauus
599 688 908 728 commentarius
929 688 975 727 de
994 686 1096 727 bello
1118 686 1271 728 Gallico
1292 687 1332 727 in
1352 688 1459 727 calce
1478 686 1656 728 Parisini

162 758 275 812 primi
297 765 336 797 et
355 754 686 797 Vratislauiensis
718 756 858 809 primi,
893 755 1121 808 quibuscum
1144 755 1388 798 Vossianum
1420 755 1585 809 primum
1616 761 1655 795 et

160 824 464 879 Egmondanum
494 823 719 864 consentire
750 837 803 864 ex
835 825 1070 877 cognatione
1103 825 1243 864 horum
1276 824 1453 863 codicum
1476 829 1655 863 statuen-

161 893 251 933 dum
274 900 354 943 est,
387 892 480 932 item
502 892 644 932 bellum
667 890 985 932 Alexandrinum
1010 899 1048 931 et
1070 891 1301 932 Africanum
1323 892 1363 931 in
1385 890 1569 932 Parisino
1591 904 1655 931 se-

163 960 288 1001 cundo
303 990 313 1010 ,
348 960 395 1000 de
427 974 502 1012 quo
534 960 619 999 solo
643 973 696 999 ex
719 960 918 1000 codicibus
941 960 1016 1000 fide
1039 959 1166 1013 dignis
1188 960 1228 1000 in
1252 960 1322 1000 hac
1344 966 1455 1014 parte
1478 965 1651 1009 constat,

163 1027 264 1069 Gaio
288 1025 456 1068 Caesari
480 1027 730 1078 tribuuntur,
763 1028 926 1067 eandem
960 1028 1039 1067 uim
1072 1028 1189 1068 habet
1219 1034 1337 1080 atque
1359 1027 1394 1067 si
1416 1026 1511 1067 nihil
1531 1027 1571 1067 in
1595 1026 1656 1066 his

162 1097 361 1137 codicibus
385 1097 430 1136 de
453 1095 627 1136 auctoris
650 1095 809 1136 nomine
831 1097 1081 1145 traderetur,
1116 1096 1154 1136 id
1187 1097 1287 1149 quod
1319 1096 1365 1135 (16
1385 1095 1489 1135 bello
1512 1094 1658 1148 Hispa-

162 1165 291 1206 niensi
319 1164 358 1204 in
388 1162 573 1204 Parisino
605 1164 776 1204 secundo
818 1171 858 1204 et
890 1164 1194 1207 Vindobonensi
1235 1164 1360 1218 primo
1400 1165 1546 1203 factum
1578 1169 1654 1203 est.

160 1231 267 1274 Nam
296 1239 364 1273 aut
393 1233 597 1273 inuentum
630 1232 671 1272 in
704 1233 922 1286 exemplari
954 1247 1097 1273 nomen
1127 1239 1317 1272 mutatum
1349 1246 1371 1272 a
1393 1231 1568 1272 librariis
1591 1239 1658 1271 aut

163 1301 269 1341 nullo
290 1301 452 1341 inuento
475 1300 537 1348 id,
563 1301 664 1354 quod
686 1300 734 1341 iis
756 1300 962 1354 placebat,
988 1302 1157 1355 positum
1181 1315 1269 1342 esse
1292 1309 1462 1355 apparet.
1504 1298 1656 1341 Verum

162 1369 202 1409 in
223 1367 408 1409 Parisino
440 1369 613 1408 secundo
645 1374 810 1408 octauus
841 1369 940 1409 liber
971 1370 1016 1409 de
1047 1369 1150 1410 bello
1174 1368 1326 1410 Gallico
1358 1369 1470 1409 initio
1503 1368 1657 1421 quidem

165 1437 338 1490 ineptum
362 1449 504 1476 nomen
539 1434 616 1475 ‘A.
651 1434 774 1475 Hirtii
805 1434 984 1477 Pansae'
1007 1437 1239 1490 inscriptum
1263 1437 1405 1484 habet,
1430 1436 1530 1488 quod
1553 1436 1655 1475 idem

164 1504 253 1544 huic
275 1504 376 1544 libro
399 1502 701 1556 Oudendorpius
731 1504 866 1543 nescio
896 1518 1010 1560 quam
1042 1511 1152 1544 recte
1182 1504 1222 1544 in
1254 1504 1539 1544 uetustioribus
1570 1504 1657 1558 qui-

162 1572 325 1612 busdam
348 1572 547 1612 codicibus
570 1571 782 1624 ascriptum
807 1585 896 1611 esse
917 1573 1064 1621 refert,
1098 1573 1166 1612 sed
1188 1572 1226 1612 in
1251 1573 1327 1612 fine
1350 1573 1434 1612 eius
1459 1585 1659 1611 commen-

164 1640 252 1680 tarii
277 1640 316 1679 in
339 1639 404 1679 illo
427 1639 560 1679 codice
582 1638 634 1678 A.
660 1638 779 1678 Hirtii
803 1653 945 1679 nomen
968 1640 1127 1694 legitur,
1163 1640 1366 1693 eidemque
1389 1639 1535 1680 homini
1557 1639 1590 1679 is
1613 1639 1660 1680 li-

162 1707 236 1748 ber
264 1707 306 1747 in
327 1705 605 1760 Bongarsiano
637 1707 763 1761 primo
794 1714 833 1747 et
863 1704 1122 1760 Scaligerano
1152 1708 1353 1748 tribuitur.
1406 1706 1494 1748 Hoc
1525 1714 1656 1748 autem

164 1775 434 1816 testimonium
465 1775 640 1815 codicum
664 1776 846 1816 diuersae
869 1775 1034 1829 originis
1052 1806 1062 1825 ‚
1088 1783 1130 1816 ut
1151 1776 1254 1816 infra
1279 1776 1498 1817 uidebimus
1514 1806 1525 1825 ⁷
1559 1775 1660 1829 opti-

163 1858 313 1884 morum
337 1844 594 1883 confirmatur
622 1857 642 1883 a
667 1841 886 1893 Suetonio,
920 1844 982 1897 qui
1016 1844 1086 1884 uit.
1115 1842 1235 1885 Caes.
1271 1859 1306 1884 c.
1332 1843 1386 1884 56
1407 1843 1579 1884 Hirtium
1612 1844 1660 1884 de

165 1909 355 1953 Caesaris
379 1912 671 1952 commentariis
694 1913 923 1966 praedicare
945 1912 1015 1962 ait,
1041 1927 1140 1965 quae
1162 1912 1203 1952 in
1225 1913 1341 1967 epist.
1366 1913 1412 1953 ad
1435 1910 1549 1952 Balb.
1572 1912 1610 1965 ᾗ,
1634 1911 1660 1953 5

165 1980 313 2034 scripta
343 1988 449 2021 sunt.
512 1979 650 2034 Itaque
683 1995 769 2021 cum
802 1987 967 2020 octauus
999 1981 1101 2021 liber
1133 1982 1179 2022 de
1208 1981 1247 2021 b.
1282 1979 1388 2021 Gall.
1413 1979 1537 2021 Hirtii
1570 1993 1661 2021 esse

166 2048 454 2089 existimandus
486 2049 559 2099 sit,
593 2049 627 2089 si
659 2049 694 2090 is
723 2062 820 2089 uere
851 2049 898 2089 de
929 2063 973 2090 se
1004 2063 1075 2099 ea,
1110 2064 1210 2105 quae
1241 2063 1357 2103 supra
1388 2063 1441 2090 ex
1470 2049 1585 2103 epist.
1610 2048 1660 2089 ad

164 2114 281 2158 Balb.
301 2118 431 2171 posui,
455 2117 604 2167 retulit,
631 2117 749 2158 etiam
766 2117 1005 2171 reliquorum
1026 2117 1139 2158 trium
1158 2118 1531 2158 commentariorum
1554 2117 1659 2158 idem

164 2193 303 2226 auctor
323 2185 450 2226 uideri
473 2186 642 2227 debebit.
687 2185 748 2227 De
782 2201 858 2240 qua
888 2194 1017 2227 tamen
1048 2201 1093 2227 re
1123 2187 1198 2227 iam
1222 2186 1393 2240 antiquis
1416 2185 1660 2240 temporibus

165 2254 450 2295 dubitationem
482 2254 630 2295 illatam
664 2268 756 2296 6556
787 2256 948 2296 scimus.
1012 2254 1120 2296 Idem
1154 2256 1257 2296 enim
1291 2253 1510 2295 Suetonius
1542 2254 1660 2308 paulo

166 2330 256 2363 ante
279 2323 325 2362 de
350 2319 538 2363 Caesaris
570 2325 864 2365 commentariis
894 2324 991 2364 haec
1014 2324 1174 2364 scribit:
1223 2322 1428 2376 ‘Reliquit
1460 2330 1499 2363 et
1525 2336 1660 2363 rerum

165 2404 324 2431 suarum
355 2391 659 2432 commentarios
692 2390 834 2433 Gallici
873 2393 1079 2446 ciuilisque
1121 2392 1214 2432 belli
1244 2389 1491 2444 Pompeiani.
1554 2390 1660 2431 Nam

163 2457 434 2499 Alexandrini
461 2459 667 2513 Africique
708 2468 748 2501 et
778 2459 1057 2515 Hispaniensis
1098 2461 1274 2501 incertus
1307 2467 1445 2500 auctor
1476 2466 1560 2499 est:
1595 2457 1660 2499 alii

168 2523 335 2580 Oppium
358 2534 520 2580 putant,
554 2528 619 2568 alii
642 2528 813 2569 Hirtium
829 2560 839 2578 ⁷
873 2530 937 2582 qui
971 2530 1087 2570 etiam
1112 2528 1256 2570 Gallici
1286 2529 1379 2569 belli
1400 2527 1659 2568 nouissimum

167 2594 518 2648 imperfectumque
541 2597 682 2637 librum
706 2598 989 2651 suppleuerit’.
1034 2597 1146 2638 Haec
1178 2597 1300 2637 uerba
1333 2610 1430 2637 caue
1460 2596 1516 2635 ita
1537 2596 1660 2635 inter-

170 2663 351 2714 preteris,
378 2670 422 2703 ut
443 2665 697 2706 coniunctiuo
723 2666 994 2720 ‘suppleuerit'
1019 2666 1235 2720 significari
1257 2672 1371 2719 putes
1391 2665 1508 2705 etiam
1526 2663 1658 2704 octaui

168 2728 259 2769 libri
290 2731 336 2771 de
364 2731 403 2771 b.
438 2730 545 2772 Gall.
578 2733 772 2774 incertum
813 2741 1017 2775 auctorem
1047 2733 1240 2776 Suetonio
1271 2734 1399 2774 uisum
1432 2746 1535 2773 esse.
1598 2729 1659 2770 Ita

172 2796 272 2837 enim
294 2798 425 2853 inepte
446 2802 560 2854 paulo
583 2809 672 2856 post
699 2802 823 2843 uerba
845 2817 898 2844 ex
919 2803 1034 2858 epist.
1069 2805 1118 2845 ad
1139 2802 1256 2845 Balb.
1281 2801 1401 2842 Hirtii
1435 2814 1524 2841 esse
1554 2799 1659 2839 dice-

169 2871 255 2906 ret:
289 2873 328 2906 et
348 2867 381 2908 si
402 2867 443 2908 in
463 2868 530 2910 illa
550 2872 749 2913 sententia
771 2872 925 2926 fuisset,
951 2880 1134 2914 octauum
1161 2872 1303 2913 librum
1326 2868 1574 2911 adiunxisset
1594 2880 1658 2908 re-
