1835 3240
724 189 1119 229 —53—

184 308 261 341 tur.
305 298 411 342 Sane
443 302 481 342 id
511 303 565 342 ita
595 302 642 342 ab
675 302 745 341 hac
775 314 818 340 re
840 300 1009 340 alienum
1032 306 1116 348 est,
1151 306 1193 340 ut
1214 300 1334 341 mirer
1354 299 1599 344 Schneidero
1619 306 1659 345 iu

182 376 351 409 mentem
376 368 548 410 uenisse.
604 367 827 422 Simplicius
850 367 1020 407 dixisset
1039 367 1141 407 bello
1164 375 1302 408 contra
1322 368 1570 411 Ariouistum
1592 386 1659 425 ge-

181 437 303 476 rendo
325 435 511 478 Haeduos
543 451 620 476 non
650 435 791 476 mereri
825 435 870 473 de
900 433 1118 485 Romanis,
1152 435 1219 475 sed
1250 434 1453 477 Romanos
1486 438 1532 479 de
1554 437 1658 479 Hae-

183 504 267 544 duis
282 535 292 554 ,
327 504 391 557 qui
413 504 601 544 auxilium
623 503 669 542 ab
691 502 768 543 illis
799 502 1129 555 imploraucrant,
1163 509 1205 541 ut
1225 501 1419 543 Ariouisti
1442 505 1592 545 iniuriis
1615 507 1659 546 li-

180 571 428 612 berarentur.
467 570 601 611 Nihilo
624 570 752 609 miuus
774 575 880 609 recte
904 568 1056 610 Haedui
1078 570 1222 623 optime
1244 578 1439 611 merentes
1462 572 1656 613 dicuntur.

181 637 322 691 Neque
343 640 444 679 enim
468 639 570 678 facto
592 638 718 677 solum
741 637 838 676 bene
860 637 1003 677 mereri
1025 638 1131 688 licet,
1156 638 1224 678 sed
1246 637 1380 688 etiam,
1405 638 1470 678 ubi
1491 640 1574 680 eius
1596 655 1660 681 co-

180 706 243 760 pia
265 706 416 756 deficit,
450 706 579 746 animo
607 712 647 746 et
668 705 886 745 uoluntate.
931 702 996 745 Cf.
1023 702 1110 745 Cic.
1136 719 1205 759 pro
1226 703 1363 746 Plane.
1390 705 1468 756 33,
1492 705 1548 747 80
1572 708 1660 760 ‘qui

180 780 272 814 sunt
293 773 383 814 boni
405 773 535 822 ciues,
561 773 623 826 qui
646 773 759 822 belli,
790 773 853 826 qui
876 773 976 813 domi
1001 773 1047 813 de
1069 774 1193 826 patria
1216 774 1315 814 bene
1338 781 1558 824 merentes,
1585 775 1660 815 nisi

181 842 244 894 qui
267 841 415 894 patriae
436 841 625 882 beneficia
646 840 956 881 meminerunt?'
979 839 1026 880 In
1047 841 1368 895 inscriptionibus
1391 849 1520 882 autem
1545 843 1659 883 etiam

179 916 353 949 mortuos
374 909 474 949 bene
494 916 690 949 merentes
714 909 787 948 dici
811 915 944 948 notum
974 915 1048 948 est.

293 973 341 1016 C.
367 975 436 1025 51,
463 975 482 1015 1
506 977 547 1016 in
570 976 628 1017 his
651 977 806 1017 uerbis:
844 974 1062 1016 ‘Postridie
1094 977 1178 1016 eius
1200 976 1275 1016 diei
1298 974 1451 1017 Caesar
1471 978 1659 1031 praesidi-

180 1057 240 1083 um
264 1044 438 1096 utrisque
460 1044 629 1094 castris,
664 1044 764 1098 quod
796 1044 891 1084 satis
924 1058 1012 1084 esse
1040 1044 1167 1084 uisum
1190 1052 1274 1092 est,
1305 1045 1490 1098 reliquit,
1524 1060 1658 1086 omnes

179 1111 324 1151 alarios
346 1112 385 1152 in
409 1119 622 1166 conspectu
646 1113 813 1152 hostium
839 1126 908 1166 pro
932 1112 1070 1152 castris
1093 1113 1307 1152 minoribus
1331 1113 1559 1162 constituit,
1585 1128 1659 1166 quo

179 1179 306 1219 minus
330 1181 573 1220 multitudine
606 1181 771 1231 militum
794 1180 1102 1235 legionariorum
1124 1194 1193 1233 pro
1216 1181 1382 1220 hostium
1405 1193 1568 1220 numero
1592 1195 1660 1220 ua-

180 1245 308 1296 lebat,
344 1254 386 1287 ut
417 1248 462 1288 ad
498 1248 669 1302 speeiem
703 1247 836 1288 alariis
868 1249 1088 1297 uteretur’‚
1113 1249 1296 1301 frequens
1321 1248 1432 1287 codd.
1458 1248 1656 1297 mendum,

178 1315 278 1366 quod
301 1322 408 1355 recte
429 1315 505 1356 iam
527 1316 743 1356 sustulerat
758 1314 978 1365 Manutius,
1003 1315 1058 1355 ita
1080 1322 1122 1355 ut
1146 1316 1262 1368 ‘quod
1285 1315 1427 1355 minus'
1448 1315 1658 1365 scriberet,

177 1382 338 1421 reduxit.
354 1380 637 1423 Schneiderus.
670 1382 866 1424 Nimirum
889 1383 964 1423 iam
983 1382 1287 1437 Oudendorpius
1309 1397 1355 1423 eo
1378 1382 1541 1423 artificio
1563 1396 1660 1422 usus

178 1455 277 1497 erat,
303 1457 346 1489 ut
366 1451 487 1490 uerba
513 1455 603 1503 ‘quo
626 1452 773 1492 minus'
796 1451 1005 1492 reserenda
1028 1452 1180 1491 diceret
1201 1451 1249 1490 ad
1270 1451 1397 1490 altera
1421 1454 1432 1473 ⁶
1447 1463 1493 1489 eo
1516 1449 1659 1502 magis'

176 1517 445 1569 superioribus
479 1519 718 1572 cogitatione
750 1520 968 1560 adicienda.
1032 1516 1111 1558 Sed
1144 1532 1190 1558 eo
1222 1517 1346 1570 magis
1379 1517 1549 1569 aliquam
1577 1530 1659 1557 rem

176 1584 284 1634 fieri,
319 1599 395 1637 quo
423 1587 550 1627 minus
572 1588 699 1628 altera
721 1588 787 1627 fiat
802 1618 812 1636 ,
848 1594 928 1626 tum
951 1586 1105 1626 demum
1126 1592 1234 1624 recte
1258 1585 1332 1624 dici
1354 1591 1540 1637 apparet,
1574 1597 1660 1623 cum

176 1652 338 1692 uerbum
361 1654 630 1705 gradationem
652 1654 804 1707 recipit.
866 1651 1067 1694 Constitui
1089 1660 1217 1692 autem
1240 1665 1364 1703 neque
1386 1650 1510 1704 magis
1534 1664 1659 1702 neque

177 1719 306 1759 minus
329 1721 532 1773 quicquam
556 1728 698 1774 potest.
743 1719 881 1773 Itaque
903 1720 1107 1760 dicendum
1139 1719 1279 1759 fuisset
1321 1723 1391 1759 ‘eo
1424 1718 1554 1772 plnres
1577 1719 1658 1757 ala-

177 1786 258 1827 rios
282 1788 512 1838 constituit,
537 1803 611 1841 quo
634 1789 799 1838 minus',
833 1788 932 1840 quod
964 1794 1094 1827 tamen
1129 1787 1189 1826 hic
1221 1787 1335 1840 plane
1367 1786 1536 1826 alienum
1568 1793 1654 1825 est:

176 1867 312 1894 omnes
333 1856 435 1895 enim
459 1856 603 1897 alarios
619 1852 772 1895 Caesar
794 1855 1068 1895 constituerat.
1094 1853 1148 1894 Et
1170 1868 1219 1894 ne
1242 1855 1326 1906 quis
1348 1854 1487 1893 melius
1510 1867 1554 1893 se
1575 1866 1658 1893 rem

176 1921 322 1962 habere
345 1923 560 1973 existimet,
585 1938 670 1963 cum
693 1923 887 1963 sententia
907 1923 961 1963 ita
984 1924 1274 1962 conformetur:
1311 1926 1377 1961 ‘ut
1399 1935 1444 1961 eo
1466 1920 1590 1974 magis
1611 1921 1659 1961 ad

176 1990 346 2042 speciem
369 1991 503 2031 alariis
526 1998 719 2041 uteretur,
745 2005 819 2043 quo
842 1991 999 2039 minus',
1024 2004 1103 2029 non
1124 2004 1192 2043 pro
1214 1989 1393 2042 portione
1415 1989 1578 2029 alterius
1600 1989 1657 2028 rei

176 2057 395 2110 augebatur
415 2059 590 2112 species,
626 2059 695 2098 sed
718 2058 942 2098 constitutis
966 2058 1118 2097 demum
1142 2057 1275 2097 alariis
1298 2056 1534 2105 accedebat,
1569 2070 1656 2096 eum

177 2131 294 2165 antea
315 2139 394 2165 non
417 2126 569 2167 fuisset.
620 2125 747 2166 Recte
779 2126 901 2180 igitur
921 2123 1126 2165 Manutius
1159 2139 1313 2165 causam
1343 2139 1365 2164 a
1396 2121 1572 2164 Caesare
1603 2124 1657 2163 si-

176 2192 396 2245 gnificatam
419 2207 507 2234 esse
529 2193 734 2234 iudicauit.
759 2192 866 2233 Idem
888 2194 1068 2233 mendum
1093 2200 1154 2233 est
1175 2193 1212 2232 b.
1238 2193 1313 2232 ciu.
1331 2190 1406 2242 Ill,
1431 2190 1501 2240 58,
1525 2191 1551 2231 4
1576 2195 1657 2230 ‘co-

176 2259 370 2313 gebantur
390 2257 570 2315 Corcyra
600 2268 717 2314 atque
738 2260 966 2301 Acarnania
997 2261 1176 2314 pabulum
1208 2267 1465 2314 supportare,
1504 2262 1658 2311 quoque

176 2334 263 2368 erat
284 2328 367 2368 eius
389 2329 447 2368 rei
469 2329 597 2369 minor
613 2330 739 2382 copia,
765 2330 911 2369 hordeo
934 2330 1161 2381 adaugere',
1186 2328 1251 2368 ubi
1272 2328 1364 2368 item
1382 2325 1562 2380 gradatio
1578 2339 1657 2365 non

176 2394 395 2448 adaugendi
417 2396 561 2442 uerbo,
593 2398 661 2437 sed
690 2397 826 2438 hordei
857 2411 1018 2437 numero
1041 2396 1240 2436 conuenit.
1305 2392 1385 2434 Sed
1416 2394 1488 2433 hoc
1518 2392 1656 2433 iamin

175 2460 294 2503 Leid.
319 2477 400 2504 sec.
426 2464 671 2504 emendatum
693 2472 799 2504 erat:
826 2464 989 2504 eorund.
1016 2478 1156 2503 comm.
1181 2462 1216 2513 I,
1241 2461 1311 2511 52,
1334 2461 1362 2501 4
1382 2475 1453 2500 nos
1477 2459 1657 2500 correxi-

176 2545 262 2572 mus
297 2531 545 2573 ‘ciuitatibus
577 2556 628 2561 ——
645 2562 655 2582 ,
690 2533 792 2585 quod
814 2532 941 2572 minor
964 2538 1049 2570 erat
1070 2531 1255 2570 frumenti
1278 2529 1413 2583 copia,
1446 2540 1564 2581 pecus
1586 2527 1657 2565 im-

175 2597 366 2652 perabat'.
409 2599 524 2653 Apud
547 2598 655 2639 Hirt.
679 2600 717 2639 b.
744 2598 847 2640 Gall.
874 2596 987 2648 VIII,
1011 2597 1053 2647 9,
1078 2598 1103 2638 4
1124 2605 1236 2638 recte
1257 2598 1387 2638 editur
1410 2596 1538 2636 ‘alter'
1574 2597 1657 2645 (or—

177 2665 268 2717 do),
302 2666 390 2720 ‘qui
412 2667 570 2720 propior
590 2667 741 2707 hostem
762 2667 804 2707 in
824 2666 909 2720 ipso
932 2667 1033 2706 uallo
1058 2666 1270 2706 collocatus
1293 2671 1396 2706 esset
1411 2665 1448 2703 ἰ
1479 2663 1519 2703 in
1542 2661 1655 2701 codd.

176 2732 229 2773 ibi
252 2747 402 2787 quoque
424 2734 614 2787 scriptum
637 2741 697 2774 est
720 2738 811 2787 ‘quo
835 2735 1019 2788 propior'.

292 2799 341 2842 C.
366 2800 435 2852 53,
460 2801 487 2842 2
508 2815 560 2842 ex
581 2801 737 2842 Heinsii
760 2805 984 2842 coniectura
1007 2801 1141 2854 posui:
1177 2800 1250 2840 ‘Ibi
1271 2798 1455 2854 perpauci
1477 2805 1544 2837 aut
1564 2796 1658 2836 uiri-

177 2868 250 2910 bus
271 2869 409 2910 confisi
431 2875 591 2911 tranare
612 2870 900 2911 contenderunt
920 2876 988 2910 aut
1009 2869 1190 2910 lintribus
1211 2867 1383 2910 inuentis
1399 2865 1474 2907 sibi
1490 2864 1657 2905 salutem
