1835 3240
104 160 184 205 27ss
624 156 698 199 DE
730 155 920 199 BELLo
955 155 1204 199 GALLlco

179 274 269 328 quid
291 272 329 312 in
352 285 424 313 sua
446 269 598 322 Gallia,
633 286 747 324 quam
778 271 880 311 bello
903 271 1088 321 uicisset,
1123 279 1193 312 aut
1213 269 1380 312 Caesari
1411 279 1478 313 aut
1500 271 1658 311 omnino

101 344 157 388 35
178 343 317 397 populo
338 339 520 380 Romano
543 340 691 393 negotii
713 346 834 378 esset.
873 338 948 379 His
969 339 1173 392 responsis
1195 341 1243 380 ad
1275 338 1489 380 Caesarem
1518 339 1656 379 relatis

130 411 158 452 2
177 410 318 450 iterum
341 408 388 449 ad
410 421 495 448 eum
520 404 673 447 Caesar
693 406 846 459 legatos
868 420 953 445 cum
978 406 1252 457 liis,‚mandatis
1282 406 1424 447 mittit:
1460 405 1657 459 Quoniam

179 485 286 519 tanto
317 491 388 517 suo
421 475 627 529 populique
656 472 825 513 Romani
850 474 1039 514 beneficio
1061 475 1254 520 adfectus,
1279 488 1365 513 cum
1386 475 1426 514 in
1449 476 1655 515 consulatu

178 560 250 587 suo
271 558 347 585 rex
369 550 483 595 atque
506 542 654 581 amicus
677 556 699 581 a
720 547 861 581 senatu
883 541 1098 594 appellatus
1122 548 1250 591 esset,
1283 541 1382 581 hanc
1404 542 1476 582 sibi
1499 542 1660 595 populo·
1683 549 1700 579 5

179 627 253 667 que
284 612 464 653 Romano
487 609 654 663 gratiam
684 610 880 656 referret,
913 610 1016 649 utin
1040 609 1288 662 conloquium
1312 609 1448 649 uenire
1469 610 1656 649 inuitatus

177 687 412 735 grauaretur
441 691 569 729 neque
601 677 646 716 de
678 677 873 716 communi
895 690 938 716 re
961 677 1163 717 dicendum
1186 678 1258 717 sibi
1282 684 1321 716 et
1342 677 1657 731 cognoscendum

130 749 154 791 3
178 755 348 804 putaret,
374 746 470 785 haec
492 758 599 793 esse,
624 758 723 797 quae
745 744 791 784 ab
814 758 860 784 eo
883 746 1119 798 postularet:
1149 746 1328 799 primum,
1355 758 1403 784 ne
1427 759 1540 798 quam
1561 745 1658 784 mul-

177 817 383 858 titudinem
407 812 604 852 hominum
627 812 793 865 amplius
817 819 927 852 trans
948 811 1130 852 Rhenum
1153 813 1192 852 in
1216 812 1384 852 Galliam
1408 812 1655 861 traduceret3

178 885 317 925 deinde
349 881 529 929 obsides,
564 893 660 932 quos
693 879 856 919 haberet
884 880 931 920 ab
953 879 1145 931 Haeduis,
1179 882 1360 921 redderet
1385 878 1660 933 Sequanisque
1694 886 1734 918 10

176 952 444 1006 permitteret,
477 955 534 994 ut,
569 961 665 1000 quos
686 947 740 987 illi
764 947 969 997 haberent,
997 949 1198 989 uoluntate
1221 949 1305 988 eius
1327 949 1493 988 reddere
1514 947 1593 987 illis
1613 946 1659 986 li-

177 1026 309 1068 ceret3
334 1031 436 1057 neue
460 1015 645 1055 Haeduos
667 1015 812 1056 iniuria
833 1016 1065 1064 lacesseret,
1101 1030 1200 1056 neue
1223 1016 1281 1056 his
1304 1016 1499 1068 sociisque
1521 1028 1659 1055 eorum

129 1089 155 1129 4
176 1088 323 1128 bellum
345 1086 527 1126 inferret.
562 1081 604 1124 Si
626 1083 664 1124 id
686 1084 740 1123 ita
763 1083 947 1133 fecisset,
984 1084 1057 1123 sibi
1081 1084 1296 1138 populoque
1318 1082 1500 1123 Romano
1523 1096 1662 1136 perpe-

176 1163 281 1196 tuam
303 1154 470 1208 gratiam
494 1159 611 1205 atque
634 1151 847 1192 amicitiam
869 1166 956 1192 cum
979 1165 1025 1191 eo
1049 1153 1241 1191 suturam:
1268 1151 1300 1191 si
1318 1151 1654 1204 nonimpetraret‚

177 1237 282 1272 sese,
308 1221 489 1275 quoniam
512 1220 569 1260 M.
585 1219 778 1269 Messala,
803 1218 863 1259 M.
880 1218 1028 1260 Pisone
1050 1219 1274 1260 consulibus
1297 1226 1459 1260 senatus
1482 1218 1661 1259 censuis-
1695 1225 1734 1257 15

177 1298 254 1340 set,
279 1290 352 1339 uti,
377 1289 610 1343 quicumque
635 1286 804 1327 Galliam
830 1287 1072 1341 prouinciam
1095 1287 1304 1340 optineret,
1332 1287 1433 1339 quod
1457 1287 1661 1326 commodo

175 1357 414 1411 reipublicae
447 1358 577 1396 facere
600 1363 757 1409 posset,
794 1354 981 1394 Haeduos
995 1358 1238 1407 “ceterosque
1260 1356 1406 1394 amicos
1429 1354 1557 1408 populi
1578 1352 1662 1394 Ro-

99 1426 156 1471 36
179 1426 285 1466 mani
316 1425 569 1473 defenderet,
605 1437 648 1464 se
682 1422 937 1463 Haeduorum
971 1421 1139 1462 iniurias
1161 1436 1240 1462 non
1262 1422 1548 1476 neglecturum.
1597 1421 1662 1462 Ad

177 1495 274 1534 haec
295 1492 522 1533 Ariouistus
555 1491 781 1545 respondit:
815 1488 882 1530 Ius
905 1504 993 1530 esse
1015 1489 1124 1539 belli⁷
1158 1497 1225 1539 ut,
1260 1490 1324 1542 qui
1348 1489 1559 1539 uicissent,
1591 1489 1658 1539 iis,

177 1577 276 1618 quos
298 1561 507 1610 uicissent,
540 1560 865 1613 quemadmodum
888 1558 1048 1605 uellent,
1073 1557 1335 1611 imperarent:
1366 1556 1460 1597 item
1483 1557 1662 1611 populum
1692 1564 1735 1597 20

176 1631 402 1673 Romanum
427 1628 542 1668 uictis
565 1640 642 1666 non
665 1626 712 1665 ad
735 1626 898 1666 alterius
921 1625 1228 1679 praescriptum,
1262 1625 1330 1664 sed
1352 1624 1399 1663 ad
1420 1637 1533 1664 suum
1556 1623 1661 1664 arbi-

129 1702 155 1742 2
178 1700 294 1740 trium
316 1698 513 1751 imperare
536 1708 766 1734 consuesse.
820 1691 862 1733 Si
884 1693 968 1747 ipse
999 1693 1140 1747 populo
1162 1691 1343 1732 Romano
1366 1706 1444 1731 non
1466 1692 1660 1745 praescri-

176 1768 310 1813 beret,
344 1763 665 1819 quemadmodum
688 1775 760 1801 suo
792 1760 877 1800 iure
900 1767 1094 1809 uteretur,
1133 1774 1211 1799 non
1234 1766 1416 1812 oportere
1439 1773 1528 1800 sese
1550 1775 1572 1799 a
1594 1774 1662 1813 po-

131 1835 155 1876 3
179 1835 267 1889 pulo
288 1832 471 1873 Romano
502 1832 542 1871 in
571 1845 642 1871 suo
671 1830 756 1870 iure
777 1828 959 1882 inpediri.
1004 1827 1190 1867 Haeduos
1222 1826 1318 1877 sibi,
1354 1827 1537 1880 quoniam
1568 1827 1662 1868 belli

178 1905 375 1944 fortunam
399 1905 660 1953 temptassent
682 1905 721 1938 et
743 1896 861 1937 armis
887 1895 1091 1949 congressi
1121 1909 1166 1935 ac
1195 1894 1369 1948 superati
1402 1902 1559 1945 essent,
1594 1896 1664 1935 sti-
1694 1902 1736 1935 25

130 1973 155 2012 4
178 1969 401 2026 pendiarios
434 1980 522 2008 esse
555 1968 695 2006 factos.
746 1963 934 2018 Magnam
959 1961 1174 2003 Caesarem
1205 1963 1387 2003 iniuriam
1409 1963 1565 2012 faeere,
1598 1963 1662 2016 qui

131 2039 156 2080 5
178 2053 248 2080 suo
272 2037 445 2078 aduentu
466 2033 676 2087 uectigalia
697 2032 772 2072 sibi
794 2033 991 2072 deteriora
1014 2033 1178 2071 faceret.
1232 2029 1408 2071 Haeduis
1440 2045 1483 2071 se
1506 2031 1663 2071 obsides

177 2106 420 2148 redditurum
443 2117 521 2143 non
545 2115 649 2151 esse,
685 2115 812 2154 neque
833 2101 881 2140 iis
911 2114 1037 2153 neque
1060 2113 1194 2139 eorum
1217 2098 1335 2139 sociis
1357 2099 1503 2138 iniuria
1520 2098 1663 2139 bellum

178 2175 411 2222 inlaturum,
445 2172 540 2212 siin
565 2184 611 2210 eo
634 2176 865 2219 manerent,
899 2168 998 2221 quod
1030 2166 1310 2216 conuenisset,
1352 2166 1664 2220 stipendiumque

321 2342 342 2374 2
370 2341 490 2373 relatis
516 2339 644 2372 Dresd.
661 2350 720 2381 pr.
741 2343 779 2370 εἰ
804 2338 912 2371 Vc‘nd.
933 2349 1025 2378 sec.;
1052 2338 1175 2378 legatis
1196 2337 1224 2368 B
1244 2348 1260 2368 e
1290 2337 1449 2378 ‘optimi'
1476 2335 1661 2376 Schnez'd„

180 2395 250 2426 alii
267 2396 508 2434 corruptior-a.
649 2392 669 2422 4
688 2391 846 2422 adfectus
865 2391 906 2422 B.
1059 2391 1076 2422 6
1097 2390 1313 2431 conloquium
1331 2390 1416 2420 AB.
1566 2389 1586 2420 8
1605 2388 1663 2419 ho—

179 2446 304 2477 minum
323 2444 574 2476 multitudinem
593 2452 714 2474 errore
731 2453 766 2473 u.
938 2441 979 2474 10
999 2441 1126 2472 Heduis
1144 2441 1186 2471 B.
1353 2439 1393 2472 12
1411 2439 1560 2471 sociisue
1580 2439 1664 2480 (B)?

178 2496 315 2527 Fae‘mz'
331 2497 537 2526 coniectura
551 2493 718 2534 Scaliger
735 2496 842 2533 atque
861 2503 895 2523 11.
1053 2492 1091 2523 13
1111 2490 1191 2532 sibi]
1211 2490 1263 2520 sui
1281 2490 1325 2521 D.
1482 2490 1662 2532 populique

181 2546 228 2578 Ro
247 2546 279 2577 D
293 2546 324 2577 b.
572 2545 611 2577 15
631 2544 720 2586 sese]
742 2545 831 2576 scire
851 2554 927 2575 sese
948 2544 966 2575 b
982 2544 1015 2575 d.
1193 2542 1239 2574 M.
1260 2541 1383 2573 Pisone
1405 2541 1663 2584 Glandorpius,

180 2598 301 2631 Pisone
321 2597 362 2638 Ε,
381 2597 421 2629 L.
443 2597 511 2638 (sie
530 2597 558 2628 B
575 2606 735 2638 suprase.
757 2596 790 2636 o)
810 2596 869 2627 uel
886 2595 989 2626 Lucio
1009 2595 1129 2627 Pisone
1148 2595 1294 2635 reliqui.
1456 2594 1495 2625 16
1517 2594 1666 2635 quicum-

182 2659 245 2691 que
264 2648 307 2681 B.
424 2647 629 2690 prouiutiam
645 2656 703 2687 pr.
716 2656 761 2677 m.
781 2646 823 2677 B.
907 2645 1076 2687 optineret
1090 2646 1131 2676 B.
1229 2644 1268 2676 19
1289 2643 1354 2682 his.
1369 2653 1450 2684 quos
1469 2644 1581 2675 ABD
1595 2643 1665 2684 Es.

325 2700 366 2733 20
386 2699 475 2730 idem
494 2698 524 2730 B
543 2699 637 2729 ‘mss.
659 2696 810 2734 nouem',
831 2696 864 2728 id
883 2694 900 2728 ὅ
922 2696 962 2736 C,
982 2697 1013 2727 id
1034 2702 1086 2728 est
1104 2697 1176 2728 Ae.
1341 2696 1383 2729 23
1409 2705 1486 2727 sese
1504 2696 1555 2735 A‚·
1581 2706 1617 2727 se
1636 2696 1666 2727 B

183 2756 218 2784 et
233 2751 381 2792 reliqui.
522 2749 566 2782 24
584 2747 732 2789 inpediri
749 2747 791 2778 B.
901 2747 943 2781 25
962 2747 1222 2789 stipendiorios,
1242 2745 1304 2777 sed
1323 2754 1341 2775 a
1359 2745 1669 2787 antepenultimae

181 2812 358 2844 supra-ec„
379 2801 421 2833 B.
541 2800 584 2831 28
602 2809 709 2840 neque
729 2798 781 2829 his
802 2797 956 2837 ABEs.
1089 2797 1224 2828 iniuriis
1245 2798 1275 2828 b.
1417 2797 1458 2830 29
1480 2797 1666 2828 inlaturum

182 2853 334 2895 ABEf.
476 2850 697 2882 conuenisset
714 2849 771 2890 (B)
788 2848 880 2890 OD,
901 2848 1139 2880 conuenissent
1155 2849 1220 2891 Af
1232 2852 1268 2880 et
1284 2857 1329 2878 m.
1347 2856 1405 2888 pr.
1426 2847 1470 2879 E.
