1835 3240
90 897 130 930 10

89 1233 129 1266 15

689 169 882 215 CAPVT
912 170 967 213 59
976 194 1029 201 —
1038 168 1109 211 61.
1356 174 1358 177 ’
1637 169 1722 212 697

168 292 443 326 ueteranarum
466 283 663 337 legionum
695 292 845 339 partem
877 283 1096 325 cohortium
1127 281 1406 331 collocauerat‚
1441 290 1646 336 praeterea

164 366 216 392 ex
237 351 407 391 tironum
430 365 576 405 paucas
599 353 813 393 adiecerat.
875 351 1052 392 Tertiam
1073 357 1202 391 autem
1225 349 1348 390 aciem
1370 349 1410 389 in
1442 350 1644 391 sinistrum
1666 351 1691 392 3

164 433 277 458 suum
308 432 430 458 cornu
463 420 684 460 contulerat
713 426 753 459 et
783 432 906 471 usque
939 419 986 458 ad
1016 418 1115 458 aciei
1145 430 1240 457 suae
1267 416 1430 456 mediam
1453 416 1646 469 legionem

163 492 402 540 porrexerat
423 493 463 526 et
482 487 535 527 ita
558 487 863 535 conlocauerat,
896 486 951 525 uti
982 485 1184 525 sinistrum
1208 499 1319 525 suum
1351 498 1473 524 cornu
1503 486 1647 538 triplex

169 560 291 593 esset.
351 551 394 594 Id
416 568 463 594 eo
485 554 650 594 consilio
674 555 843 602 fecerat,
878 553 980 605 quod
1001 566 1114 592 suum
1138 553 1318 592 dextrum
1341 551 1442 591 latus
1465 552 1647 592 munitio·
1668 553 1693 593 4

162 621 276 661 nibus
299 621 571 670 adiuuabatur,
596 621 800 661 sinistrum
822 627 966 666 autem,
999 619 1194 672 equitatus
1218 619 1383 659 hostium
1407 618 1647 659 multitudini

162 689 215 728 uti
244 688 375 729 resisti
407 695 564 742 posset,
599 687 823 737 laborabat,
858 687 1070 739 eodemque
1105 700 1219 726 suum
1256 700 1408 726 omnem
1432 686 1645 739 equitatum

164 757 384 796 contulerat
405 763 466 805 et,
499 756 600 809 quod
630 755 664 795 ei
696 769 832 809 parum
863 753 1104 804 confidebat,
1140 755 1335 808 praesidio
1367 754 1426 794 his
1452 754 1646 807 equitibus
1669 754 1694 796 5

162 823 354 878 legionem
386 829 416 863 V
446 823 701 877 praemiserat
732 823 938 879 leuemque
967 828 1204 862 armaturam
1226 822 1330 862 inter
1352 821 1503 874 equites
1524 822 1648 863 inter-

162 898 362 945 posuerat.
416 888 657 944 Sagittarios
688 891 800 931 uarie
830 890 1051 944 passimque
1076 889 1172 930 locis
1195 889 1314 930 certis
1337 889 1584 943 maximeque
1605 890 1646 930 in

163 958 349 999 cornibus
380 958 659 999 collocauerat.
733 956 800 999 Sic
830 965 1088 1011 utrorumque
1120 957 1320 998 exercitus
1359 957 1541 997 instructi
1570 972 1647 998 non
1670 957 1721 1003 61

161 1026 246 1078 plus
268 1039 451 1079 passuum
475 1032 555 1065 CCC
578 1025 786 1066 interiecto
809 1025 935 1079 spatio
950 1056 961 1075 ,
1005 1026 1106 1078 quod
1127 1025 1295 1064 forsitan
1323 1031 1414 1064 ante
1436 1024 1472 1064 id
1495 1032 1647 1079 tempus

161 1093 349 1133 acciderit
370 1106 595 1146 numquam,
631 1094 722 1146 quin
745 1094 1014 1144 dimicaretur,
1049 1107 1069 1133 a
1095 1106 1210 1133 mane
1232 1106 1354 1145 usque
1386 1092 1433 1131 ad
1458 1092 1592 1132 horam
1613 1100 1647 1133 X

163 1160 223 1199 die
246 1160 519 1215 perstiterunt.
549 1159 732 1214 ⁴Iamque
755 1159 909 1202 Caesar
930 1175 1017 1201 eum
1039 1160 1260 1201 exercitum
1283 1160 1388 1199 intra
1410 1160 1647 1201 munitiones
1668 1160 1696 1200 2

162 1240 252 1267 suas
274 1229 463 1268 reducere
487 1228 695 1281 coepisset,
720 1228 848 1268 subito
872 1229 1082 1268 uniuersus
1105 1227 1301 1280 equitatus
1323 1227 1490 1267 ulterior
1506 1226 1649 1268 Numi-

165 1295 299 1335 darum
325 1293 660 1348 Gaetulorumque
692 1295 776 1336 sine
800 1296 923 1336 frenis
946 1295 992 1335 ab
1015 1295 1155 1335 dextra
1178 1301 1290 1349 parte
1312 1308 1354 1335 se
1377 1309 1537 1335 mouere
1559 1309 1649 1349 pro·

162 1363 325 1416 piusque
347 1360 535 1404 Caesaris
557 1371 683 1404 castra
699 1394 709 1412 ,
745 1377 842 1416 quae
866 1371 979 1403 erant
1000 1364 1039 1403 in
1063 1363 1185 1411 colle,
1221 1376 1264 1403 se
1286 1363 1468 1403 conferre
1501 1363 1646 1416 eoepit,

160 1431 336 1470 frenatus
359 1439 489 1472 autem
512 1430 683 1472 Labieni
706 1445 825 1485 eques
848 1431 887 1471 in
909 1431 994 1471 loco
1016 1444 1248 1485 permanere
1271 1431 1527 1485 legionesque
1550 1430 1648 1470 deti-

160 1511 279 1538 nere:
314 1513 399 1538 cum
423 1499 553 1539 subito
575 1513 665 1554 pars
689 1499 885 1552 equitatus
911 1497 1100 1540 Caesaris
1123 1513 1208 1539 cum
1232 1499 1311 1539 leui
1334 1506 1532 1539 armatura
1555 1512 1648 1538 eon·
1670 1497 1696 1538 3

161 1571 221 1606 tra
236 1564 425 1607 Gaetulos
447 1567 599 1607 iniussu
620 1581 665 1607 ac
688 1573 836 1607 temere
854 1567 1009 1621 longius
1024 1567 1225 1621 progressi
1240 1567 1496 1621 paludemque
1520 1573 1648 1606 trans-

160 1633 286 1685 gressi
309 1635 594 1675 multitudinem
617 1635 786 1675 hostium
807 1636 918 1689 pauci
940 1635 1136 1675 sustinere
1158 1649 1237 1675 non
1259 1641 1471 1688 potuerunt
1494 1634 1649 1686 leuique
1669 1632 1698 1674 4

165 1708 362 1741 armatura
386 1703 540 1742 deserta
562 1703 661 1756 pulsi
685 1703 1035 1756 conuulneratique
1057 1717 1135 1743 uno
1159 1704 1286 1756 equite
1308 1703 1454 1743 amisso
1469 1734 1479 1752 ,
1513 1701 1647 1742 multis

161 1768 270 1820 equis
299 1770 468 1820 sauciis,
502 1769 602 1810 leuis
633 1778 859 1811 armaturae
880 1776 1009 1810 XXVII
1032 1770 1173 1811 occisis
1204 1771 1251 1810 ad
1284 1784 1376 1811 suos
1398 1771 1645 1824 refugerunt.

162 1833 252 1887 Quo
284 1838 456 1877 seeundo
486 1839 657 1891 equestri
689 1839 838 1892 proelio
874 1840 976 1879 sacto
1000 1835 1133 1892 Scipio
1165 1838 1203 1878 in
1229 1845 1361 1878 eastra
1383 1838 1509 1878 laetus
1532 1844 1648 1878 nocte
1670 1834 1695 1876 5

111 1911 124 1928 ·”
159 1904 288 1957 copias
310 1905 486 1945 reduxit.
532 1904 646 1958 Quod
668 1907 867 1961 proprium
892 1906 1075 1960 gaudium
1099 1906 1373 1960 [bellantibus]
1398 1907 1557 1946 fortuna
1579 1904 1648 1944 tri-

305 1984 319 2016 1
341 1989 584 2017 ueteranarum
603 1986 773 2027 legionum
794 1991 923 2028 partem
939 1985 1231 2029 Oudendorpius;
1252 1986 1325 2018 Fere
1345 1996 1459 2018 earum
1479 1985 1649 2025 legionum

158 2039 291 2077 partem
311 2036 340 2076 b,
364 2035 435 2067 fere
456 2037 486 2067 in
508 2047 622 2068 earum
641 2037 809 2077 legionum
827 2042 922 2079 parte
939 2037 992 2078 (a)
1012 2048 1047 2068 u.
1198 2036 1447 2078 collocauerat]
1467 2036 1649 2068 ordinaue-

157 2089 211 2116 rat
231 2086 261 2117 b.
403 2087 424 2120 2
437 2087 583 2118 tironum
603 2087 718 2128 codd„
732 2088 879 2119 tironum
897 2087 1088 2127 legionibus
1104 2098 1139 2119 τι.
1281 2097 1407 2130 paucos
1423 2087 1600 2118 adiecerat
1613 2087 1643 2127 b,

158 2136 333 2168 adiecerat
350 2147 477 2179 paucas
496 2148 530 2170 a.
671 2143 783 2170 autem
803 2139 843 2169 ad
864 2139 1001 2170 tertiam
1020 2139 1128 2170 aciem
1146 2148 1166 2169 a
1179 2138 1209 2169 b.
1348 2138 1367 2170 3
1380 2138 1644 2169 contuleranta.

301 2189 321 2221 4
333 2196 537 2231 porrexerat
550 2196 584 2223 et
595 2191 641 2223 ita
654 2189 903 2232 collocauerat]
918 2190 1152 2222 collocauerat
1166 2194 1199 2221 et
1212 2190 1259 2222 ita
1271 2190 1495 2221 ordinauerat
1506 2189 1523 2221 b
1537 2189 1645 2230 (conl.

157 2239 209 2281 a).
374 2242 550 2274 sinistrum
570 2254 676 2275 cornu
697 2244 727 2283 b,
748 2242 880 2274 sinistri
901 2242 954 2274 sui
972 2252 1096 2274 cornus
1115 2251 1136 2273 a
1155 2245 1191 2273 et
1207 2242 1339 2274 sinistri
1359 2242 1411 2273 sui
1431 2242 1538 2272 etiam
1553 2251 1646 2272 unus

158 2292 228 2323 det.
387 2294 404 2324 5
425 2298 518 2325 esset
535 2304 603 2326 om.
624 2305 645 2326 α
663 2295 683 2326 2
702 2294 790 2325 dett.
949 2293 1052 2335 quod]
1073 2298 1110 2325 ut
1127 2293 1229 2325 codd.
1378 2293 1396 2324 fi
1417 2292 1648 2323 adiuuabatur

157 2342 210 2382 (a)
230 2343 260 2383 b,
276 2343 459 2375 adiuuaret
477 2355 504 2376 c.
649 2344 667 2377 7
681 2345 796 2376 resisti
814 2354 835 2375 a
854 2345 870 2375 b
886 2355 915 2385 c,
936 2345 1099 2376 resistere
1118 2355 1153 2376 η.
1296 2343 1476 2375 laborabat
1493 2344 1514 2377 2
1533 2342 1645 2382 dett„-

157 2393 294 2426 laborat
311 2396 328 2426 b
341 2405 358 2426 c
376 2399 413 2427 εἴ
429 2406 519 2428 corr.
542 2406 576 2436 α,
592 2396 725 2428 laboret
742 2399 825 2428 ante
844 2406 936 2428 corr.
956 2407 990 2428 a.
1131 2397 1151 2429 8
1164 2396 1192 2428 is
1211 2406 1244 2427 a.
1391 2395 1430 2428 10
1444 2395 1644 2436 sagittarios

158 2446 282 2486 passim
301 2447 455 2490 locisque
475 2449 579 2480 certis
598 2449 742 2480 maxime
762 2448 996 2480 collocauerat
1015 2449 1047 2480 b.
1243 2448 1281 2481 11
1302 2453 1447 2491 utroque
1468 2449 1499 2480 b.

161 2496 202 2528 12
220 2503 297 2529 ante
316 2509 384 2530 om.
407 2500 438 2532 b.
581 2501 620 2533 13
633 2500 802 2532 acciderit
819 2510 840 2531 a
858 2501 877 2531 2
897 2500 999 2540 dett„
1021 2500 1198 2531 acciderat
1215 2510 1251 2531 u.
1389 2509 1560 2542 nunquam
1580 2502 1643 2541 (a).

304 2551 346 2583 14
363 2552 416 2583 die
435 2563 455 2584 α
474 2563 504 2593 e,
524 2553 591 2584 diei
610 2563 646 2584 u.
827 2553 903 2583 dum
922 2552 1023 2584 codd.
1042 2552 1084 2583 P.
1108 2552 1160 2584 16.
1331 2552 1421 2584 intra
1440 2552 1646 2584 munitiones

161 2611 241 2632 suas
260 2602 425 2634 reducere
443 2614 464 2635 a
475 2603 687 2646 Stephanus,
702 2603 867 2635 reducere
881 2603 972 2634 intra
983 2603 1188 2634 munitiones
1202 2612 1282 2635 suas
1297 2607 1436 2634 ceterae
1448 2604 1526 2635 edd.
1539 2616 1549 2635 :
1565 2612 1645 2634 suas

161 2664 230 2685 om.
253 2654 284 2685 b.
427 2655 467 2687 16
480 2656 520 2687 ab
540 2656 662 2688 dextra
680 2660 777 2698 parte
796 2665 871 2697 ego,
888 2655 929 2686 ad
947 2655 1102 2687 dextram
1122 2659 1251 2697 partem
1265 2655 1366 2687 codd.
1381 2655 1571 2696 (dexteram
1589 2653 1642 2695 α).

160 2705 201 2736 Ρ.
221 2705 299 2738 222.
442 2706 483 2738 18
496 2706 649 2739 detinere
668 2707 941 2749 ego5destinere
961 2717 994 2747 a,
1008 2706 1196 2738 destituere
1217 2707 1255 2746 b‚·
1269 2706 1435 2738 distinere
1454 2716 1476 2737 u
1496 2708 1530 2736 et
1549 2714 1642 2736 corr.

162 2767 194 2788 a.
345 2757 388 2790 20
406 2759 632 2801 transgressi]
652 2759 823 2802 progressi
842 2769 876 2790 α.
1017 2759 1061 2791 22
1079 2758 1218 2790 deserta
1237 2768 1312 2799 ego,
1335 2756 1462 2789 deserti
1482 2766 1522 2787 ac
1540 2755 1643 2787 codd.

162 2808 201 2839 P.
222 2808 301 2838 ¹222.
447 2809 489 2841 24
508 2809 539 2840 in
558 2814 672 2841 castra
690 2810 801 2841 laetus
819 2819 852 2849 α,
874 2808 985 2840 laetus
1005 2809 1037 2840 in
1058 2813 1173 2841 castra
1192 2809 1269 2841 edd.
1412 2809 1453 2839 25
1473 2806 1643 2839 claudium

161 2869 180 2889 ιι
201 2870 217 2889 e
236 2858 268 2899 d,
290 2859 436 2891 cladium
457 2861 485 2891 Ι).
629 2860 865 2903 [bellantibus]
884 2861 924 2892 P.
944 2861 1010 2894 222
1029 2864 1124 2892 eaetr.
