1835 3240
739 197 1137 239 -46—

198 314 312 369 plane
332 313 528 354 indoctus.
570 311 675 352 Nam
697 311 744 353 de
766 312 805 352 b.
831 309 936 350 Gall.
960 307 1045 360 ΙΠ,
1077 308 1157 359 20,
1191 308 1218 350 2
1237 308 1418 353 Narboni
1441 320 1480 354 et
1501 312 1674 354 Tolosae

197 381 356 422 tertium
387 381 568 434 oppidum
598 379 740 420 adiecit
772 377 1062 427 Carcasonem,
1094 377 1141 417 de
1163 391 1237 430 quo
1258 377 1344 418 loco
1367 379 1516 431 dicam,
1549 394 1675 434 neque

197 448 432 490 Heracleam
456 448 647 500 quandam
671 442 863 485 Sinticam
887 445 1007 485 fuisse
1028 445 1253 498 ignorauit,
1288 446 1363 486 etsi
1394 460 1479 487 eam
1512 449 1610 488 falso
1631 448 1670 488 b.

196 517 273 557 ciu.
298 514 383 565 III,
410 515 486 563 79,
512 514 536 553 3
559 513 856 553 commemorari
878 512 1053 565 putauit:
1089 520 1128 553 et
1158 513 1257 566 quod
1280 515 1444 554 eorund.
1470 529 1612 555 comm.
1635 513 1670 565 I,

197 583 274 631 16,
308 583 329 623 1
365 583 406 623 in
437 581 616 621 omnibus
647 580 846 619 codicibus
879 580 1026 634 legitur
1058 585 1240 634 ‘recepto
1262 577 1397 621 Firmo
1430 583 1674 635 expulsoque

193 650 405 697 Lentulo⁷‚
431 663 516 688 cum
541 646 756 688 Caesarem
778 647 987 701 scripsisse
1008 656 1220 702 appareat,
1245 655 1287 688 ut
1309 649 1461 698 editur,
1489 655 1499 673 ‘
1515 657 1673 703 recepto

192 718 382 767 Asculo',
415 721 545 769 potest
574 727 670 755 sane
699 715 794 754 illud
826 716 989 768 petitum
1021 729 1109 756 esse
1141 730 1192 756 ex
1223 716 1386 770 epistola
1408 715 1586 769 Pompeii
1607 730 1669 770 ap.

193 784 281 827 Cic.
306 785 353 824 ad
380 783 467 823 Att.
493 780 615 830 VIII,
652 781 704 821 12
733 780 792 832 B,
827 782 875 832 1,
908 783 973 834 qui
1005 779 1218 823 Caesarem
1249 781 1385 822 Firmo
1420 797 1673 838 progressum

192 853 345 895 scribit.
398 848 504 890 Satis
534 855 664 889 autem
695 850 855 902 antiquo
878 856 1054 904 tempore
1077 850 1380 891 commentarios
1403 848 1590 891 Caesaris
1612 851 1672 891 in-

191 920 407 974 terpolatos
437 930 524 957 esse
553 916 643 956 inde
672 923 851 966 constat,
888 918 989 970 quod
1019 916 1288 966 Flodoardus,
1331 918 1502 971 scriptor
1531 917 1671 958 decimi

190 987 360 1035 saeculi,
394 984 584 1024 nonnulla
615 997 668 1024 ex
696 984 885 1024 eiusmodi
908 982 1094 1026 Caesaris
1117 985 1250 1025 codice
1270 985 1311 1024 in
1332 985 1537 1025 historiam
1559 999 1670 1025 suam

190 1054 382 1096 ecclesiae
403 1051 615 1092 Remensis
646 1053 870 1092 transtulit:
904 1059 944 1091 et
963 1051 1188 1093 Parisinum
1220 1053 1432 1093 secundum
1463 1053 1669 1092 undecimo

187 1121 347 1163 saeculo
369 1119 558 1173 scriptum
581 1132 668 1159 esse
690 1133 806 1172 supra
829 1119 1033 1160 retulimus
1048 1150 1058 1170 ‚
1093 1120 1345 1173 eiusdemque
1378 1121 1520 1160 aetatis
1544 1120 1670 1160 codex

188 1189 301 1230 huius
326 1187 495 1228 familiae
525 1193 710 1227 seruatur
739 1187 777 1226 in
801 1186 997 1228 Vaticana
1024 1187 1284 1238 bibliotheca,
1315 1187 1382 1227 ubi
1414 1194 1476 1227 est
1504 1200 1669 1228 numero

187 1263 250 1298 ter
271 1255 498 1296 millesimus
521 1255 821 1295 trecentesimus
843 1255 1056 1296 uicesimus
1080 1262 1257 1308 quartus.

301 1321 465 1363 Praeter
486 1322 580 1362 haec
603 1323 678 1363 duo
701 1323 873 1363 codicum
896 1337 1041 1377 genera
1067 1324 1194 1363 nullus
1217 1329 1300 1373 est,
1335 1322 1400 1376 qui
1430 1336 1499 1376 per
1519 1335 1562 1362 se
1583 1321 1667 1375 ipse

186 1390 402 1431 testimonii
424 1391 536 1431 fidem
559 1390 713 1430 afferat.
766 1389 947 1431 Maxima
969 1405 1058 1445 pars
1081 1392 1322 1444 reliquorum
1345 1390 1541 1439 codicum,
1568 1403 1666 1442 quos

183 1472 262 1498 uno
284 1458 440 1498 nomine
463 1457 680 1498 deteriores
709 1458 988 1512 appellabimus
1003 1489 1013 1509 ‚
1049 1471 1184 1499 omnes
1215 1458 1518 1498 commentarios
1540 1456 1668 1497 conti-

183 1532 277 1578 net,
314 1539 387 1566 sex
409 1533 497 1566 octo
519 1526 640 1566 libros
663 1526 709 1565 de
730 1526 832 1566 bello
856 1524 1008 1566 Gallico
1024 1557 1034 1576 ,
1069 1527 1143 1566 duo
1175 1533 1339 1580 septem.
1391 1524 1459 1565 Ex
1490 1526 1538 1565 iis
1555 1555 1565 1574 ,
1600 1524 1666 1577 qui

183 1599 272 1633 octo
305 1593 608 1634 commentarios
640 1593 686 1632 de
716 1593 818 1633 bello
842 1591 996 1633 Gallico
1031 1593 1369 1646 complectuntur,
1405 1591 1571 1645 optimus
1605 1597 1666 1630 est

181 1659 482 1713 Bongarsianus
504 1660 713 1709 secundus,
739 1660 807 1700 sed
829 1663 917 1712 quia
940 1673 1184 1712 nequaquam
1205 1665 1435 1699 constanter
1455 1672 1540 1698 cum
1562 1658 1665 1698 inte-

180 1728 262 1783 gris
294 1727 492 1768 consentit
523 1740 649 1779 neque
680 1727 777 1767 satis
819 1733 1003 1767 accurate
1036 1741 1058 1766 a
1091 1725 1265 1766 Grutero
1296 1726 1460 1766 collatus
1491 1732 1577 1776 est,
1620 1731 1663 1765 ut

180 1802 289 1836 certo
312 1795 358 1835 de
380 1808 426 1834 eo
449 1794 623 1835 iudicare
646 1794 786 1844 liceat,
820 1808 906 1834 cum
929 1794 1006 1834 illis
1028 1794 1268 1846 coniungere
1290 1793 1418 1843 nolui3
1452 1793 1662 1833 uehemen-

179 1869 242 1904 ter
262 1863 436 1916 corrupti
459 1869 552 1902 sunt
582 1861 617 1901 hi
654 1861 822 1914 quinque
852 1876 903 1902 ex
925 1876 1003 1902 uno
1025 1862 1158 1901 codice
1181 1860 1388 1914 descripti:
1433 1858 1661 1913 Gottorpia-

179 1944 252 1971 nus
275 1930 360 1970 siue
382 1929 624 1969 Hauniensis
655 1929 778 1979 alter,
809 1927 1021 1970 Leidensis
1055 1929 1218 1979 tertius,
1246 1927 1467 1968 Vossianus
1499 1926 1656 1976 tertius,

177 1996 506 2039 Vratislauiensis
528 1998 739 2046 secunduS‚
764 1995 1004 2037 Bonnensis.
1041 1996 1172 2049 Atque
1195 1996 1234 2036 hi
1256 1996 1408 2048 quidem
1431 2007 1483 2033 ex
1503 1994 1659 2048 integro

178 2065 310 2106 codice
332 2063 506 2105 Parisini
529 2064 642 2118 primi
665 2070 702 2104 et
724 2064 897 2104 affinium
920 2063 1037 2104 simili
1067 2067 1175 2114 (nam
1198 2077 1246 2103 ne
1267 2063 1307 2102 in
1330 2062 1389 2101 his
1411 2061 1564 2113 quidem
1587 2075 1658 2102 ex-

177 2138 301 2173 trema
323 2132 445 2172 uerba
467 2146 501 2171 c.
525 2131 582 2172 22
602 2131 691 2171 libri
712 2130 791 2172 Vll
813 2132 1040 2185 leguntur),
1075 2131 1143 2171 sed
1166 2129 1317 2170 librarii
1338 2129 1499 2169 libidine
1521 2130 1658 2183 depra-

176 2207 269 2241 uato
310 2199 502 2254 originem
545 2200 713 2239 ducunt:
758 2212 892 2239 eorum
934 2198 1110 2238 codicum
1142 2198 1255 2237 liuius
1293 2197 1474 2251 generis,
1518 2197 1656 2249 quibus

176 2281 311 2308 omnes
334 2266 603 2307 commentarii
626 2266 903 2315 continentur,
939 2267 1033 2305 haec
1063 2272 1123 2305 est
1144 2264 1354 2319 singularis
1377 2264 1555 2303 condicio
1570 2294 1580 2312 ,
1615 2271 1658 2303 ut

175 2334 217 2374 in
239 2334 346 2374 libris
369 2334 416 2374 de
437 2334 537 2374 bello
560 2332 713 2373 Gallico
736 2334 840 2373 ducti
871 2333 951 2373 sint
980 2333 1054 2386 ipsi
1077 2345 1229 2385 quoque
1252 2344 1304 2371 ex
1325 2331 1480 2385 integro
1505 2331 1652 2380 codice,

175 2401 215 2442 in
236 2401 397 2453 reliquis
427 2415 522 2441 uero
555 2414 605 2440 ex
638 2400 890 2453 interpolato.
944 2399 987 2440 ld
1017 2400 1108 2439 inde
1138 2399 1402 2439 certissimum
1433 2405 1518 2447 est,
1553 2398 1656 2450 quod

174 2469 290 2523 longe
312 2467 486 2521 plurimis
509 2468 605 2508 locis
628 2468 814 2507 librorum
847 2468 893 2507 de
923 2466 1025 2506 bello
1049 2466 1199 2506 Gallico
1232 2479 1366 2505 omnes
1389 2465 1528 2518 reliqui
1550 2466 1655 2505 codi-

175 2550 241 2578 ces
263 2551 285 2576 a
305 2535 401 2575 solis
423 2535 670 2589 interpolatis
694 2536 920 2584 discedunt,
956 2536 996 2574 in
1018 2533 1311 2574 commentariis
1333 2540 1461 2573 autem
1484 2533 1530 2573 de
1552 2533 1653 2573 bello

175 2604 281 2644 ciuili
312 2603 454 2656 quique
483 2617 550 2643 eos
579 2609 799 2655 sequuntur
830 2603 1046 2642 deteriores
1078 2602 1118 2641 in
1141 2601 1320 2640 omnibus
1342 2600 1654 2653 interpolationi-

174 2671 245 2712 bus
276 2684 361 2710 cum
392 2670 639 2724 interpolatis
671 2670 924 2710 consentiunt
946 2677 983 2709 et
1004 2683 1095 2709 raro
1116 2669 1171 2708 ita
1192 2668 1239 2707 ab
1261 2668 1309 2708 iis
1331 2668 1577 2721 discrepant,
1611 2673 1654 2706 ut

174 2752 254 2779 non
275 2737 524 2777 librariorum
554 2737 736 2777 iudicium
766 2737 832 2776 uel
862 2749 1037 2777 errorem
1058 2749 1266 2789 agnoscas.
1329 2734 1439 2775 Haec
1469 2748 1534 2775 res
1564 2734 1652 2774 ideo

174 2806 331 2847 uidetur
351 2805 543 2845 accidisse
557 2835 567 2855 ,
593 2805 709 2858 quod,
735 2818 821 2845 cum
843 2804 881 2844 hi
903 2804 1057 2844 codices
1079 2803 1349 2844 scriberentur
1372 2806 1525 2856 (neque
1547 2802 1651 2843 enim

175 2874 290 2925 ullus,
316 2873 363 2914 de
385 2887 460 2926 quo
482 2879 651 2923 constet,
675 2873 873 2914 saeculum
896 2878 1074 2925 quartum
1096 2871 1285 2912 decimum
1307 2870 1501 2923 excedit),
1527 2869 1651 2910 omni-
