1835 3240
930 159 1015 201 ⁹⁶³0
1073 183 1185 190 ..-

216 268 373 309 nomina
396 270 536 310 ibidem
559 277 771 325 ponuntur,
796 273 968 312 tironum
993 273 1114 313 fuisse
1136 287 1302 316 necesse
1325 283 1399 316 est.
1433 275 1520 317 Eae
1542 276 1582 316 111
1603 277 1707 318 eodi—

217 336 326 376 cibus
355 338 601 392 appellantur
637 338 782 389 XXX,
817 338 1023 389 XXVIII,
1056 339 1221 392 XXIX,
1245 341 1405 383 XXVI.
1449 343 1596 384 Verum
1634 345 1704 385 tri-

217 404 363 444 cesima
379 405 481 459 legio
504 407 574 445 hoc
590 414 963 459 temporeueterana
978 416 1077 448 erat.
1113 409 1211 449 Eam
1235 412 1335 451 enim
1360 411 1587 464 legionema
1606 410 1710 453 Cae-

215 485 306 512 sare
327 473 401 512 iam
425 488 528 513 anno
551 474 605 513 49
628 472 678 526 Q.
706 471 848 514 Cassio
871 473 1056 529 Longino
1087 477 1127 517 in
1160 478 1348 517 ulteriore
1370 477 1567 531 Hispania
1595 480 1711 519 attri-

217 538 349 580 butam
374 547 411 580 et
433 541 546 594 paulo
578 548 669 580 ante
701 542 741 581 in
762 540 877 582 Italia
909 544 1172 598 conscriptam
1203 559 1289 585 esse
1313 544 1419 584 Hirt.
1445 545 1482 584 b.
1509 545 1630 586 Alex.
1657 544 1709 584 53

219 614 324 647 extr.
350 609 474 648 refert
496 610 566 660 (ef.
593 608 662 659 54,
686 609 728 648 2.
755 610 822 657 57,
850 609 871 650 1
897 618 936 651 et
957 610 1018 660 3).
1067 611 1203 665 Itaque
1233 628 1303 667 pro
1327 627 1370 653 ea
1395 613 1568 665 quintam
1592 620 1631 652 et
1652 613 1710 653 ui-

219 675 402 715 cesimam
435 677 544 729 posui
578 691 664 716 cum
697 685 857 731 propter
887 680 1114 720 mutationis
1146 681 1397 729 facilitatem,
1432 687 1511 720 tum
1545 681 1632 733 quia
1655 681 1709 720 ita

208 744 312 796 *ordo
335 743 533 796 legionum
556 745 594 784 in
623 746 763 786 dextra
785 753 918 800 parte,
944 748 1153 789 uicesimae
1177 756 1316 789 sextae
1338 756 1378 789 et
1402 748 1614 789 uicesimae
1639 762 1709 788 no-

217 824 318 861 nae,
351 813 565 865 respondet
596 814 723 853 ordini
751 815 914 855 alterius
948 817 1069 869 partis
1093 817 1317 871 legionum,
1351 816 1565 857 uicesimae
1597 816 1710 869 quin-

217 885 280 918 tae
313 886 351 919 et
391 880 601 920 uicesimae
643 888 821 923 octauae.
870 882 999 925 Vnam
1033 885 1203 924 tironum
1237 884 1455 937 legionem,
1495 885 1606 924 cuius
1640 899 1712 924 no-

217 961 305 988 men
339 962 374 996 c,
410 947 464 989 60
504 962 584 988 11011
617 949 775 1002 ponitur
814 951 1011 1004 (quinque
1043 953 1145 992 euim
1178 967 1263 992 cum
1296 950 1471 992 Caesare
1503 953 1542 992 in
1573 951 1711 1005 Africa

218 1015 341 1056 fuisse
373 1017 571 1068 ostendi),
607 1031 691 1056 cum
725 1017 791 1057 illa
819 1032 884 1059 res
917 1027 1147 1073 gereretur,
1173 1021 1213 1060 in
1247 1022 1451 1073 praesidiis
1478 1021 1709 1061 collocatam

218 1083 340 1123 fuisse
379 1086 626 1124 statuendum
667 1093 743 1126 est.
803 1085 1019 1128 Praeterea
1058 1088 1207 1128 duobus
1249 1088 1347 1128 locis
1390 1090 1546 1129 nomina
1587 1089 1711 1143 legio-

218 1166 309 1192 num
333 1167 410 1192 nou
433 1160 540 1192 recta
562 1154 602 1194 in
626 1153 825 1194 codicibus
848 1163 1004 1195 seruata
1029 1163 1136 1195 sunt.
1182 1155 1229 1195 C.
1247 1158 1349 1196 enim
1363 1155 1417 1197 62
1439 1158 1534 1197 haec
1556 1157 1596 1197 in
1609 1156 1706 1197 Par.

219 1233 301 1260 sec.
328 1228 367 1260 et
389 1219 503 1260 Leid.
529 1235 588 1274 pr.
614 1221 823 1274 leguntur:
861 1221 1050 1262 ‘Interim
1077 1220 1207 1264 Varus
1240 1224 1429 1271 classem,
1462 1240 1572 1277 quam
1597 1232 1714 1265 antea

221 1285 365 1327 Vticae
388 1288 526 1327 hiemis
550 1290 679 1338 gratia
701 1289 961 1337 subduxerat,
988 1292 1145 1344 cognito
1169 1291 1336 1344 legionis
1359 1291 1438 1331 VII
1461 1300 1500 1332 et
1523 1290 1639 1332 Vlllt
1661 1306 1713 1332 ex

223 1352 360 1394 Sicilia
383 1356 554 1395 aduentu
579 1357 761 1396 celeriter
777 1358 960 1397 deducit'.
1009 1355 1109 1398 Cum
1134 1360 1313 1411 proxime
1337 1366 1452 1399 antea
1470 1389 1480 1407 ,
1506 1373 1540 1398 c.
1567 1358 1637 1408 53,
1661 1360 1716 1400 le-

219 1422 357 1475 giones
382 1423 569 1463 decimam
592 1431 631 1464 et
654 1438 796 1464 nonam
820 1439 873 1465 ex
897 1423 1033 1465 Sicilia
1056 1427 1258 1467 traiecisse
1280 1427 1443 1466 relatum
1468 1427 1542 1476 sit,
1576 1426 1714 1467 horum

220 1490 379 1530 nomina
402 1506 435 1530 c.
462 1490 516 1531 62
539 1493 784 1533 restituenda
811 1493 937 1533 uideri
962 1502 1140 1547 possunt.
1177 1492 1254 1534 Sed
1274 1494 1372 1535 Vari
1397 1495 1537 1535 classis
1570 1495 1646 1536 iam
1678 1510 1713 1536 c.

221 1557 291 1607 44,
316 1558 343 1599 2
365 1568 696 1600 commemoratur
716 1561 846 1614 ibique
868 1562 1027 1611 milites,
1055 1565 1115 1616 qui
1140 1563 1311 1603 secundo
1325 1570 1541 1602 commeatu
1556 1577 1641 1603 cum
1660 1563 1716 1603 le-

219 1626 400 1680 gionibus
417 1629 532 1668 tertia
545 1629 691 1669 decima
708 1636 746 1669 et
765 1637 903 1682 quarta
916 1631 1064 1670 decima
1089 1631 1329 1671 traiecerant
1351 1637 1390 1670 et
1408 1631 1710 1681 aberrauerant,

223 1693 270 1733 ab
294 1708 340 1734 ea
362 1703 550 1749 exceptos
575 1711 663 1736 esse
687 1704 887 1736 narratur.
941 1696 1079 1750 Itaque
1110 1713 1144 1738 c.
1171 1697 1226 1737 62
1257 1698 1505 1738 scribendum
1539 1705 1600 1738 est
1634 1703 1716 1738 ‘co-

222 1762 331 1815 gnito
354 1763 520 1817 legionis
542 1762 647 1803 XIII
669 1771 709 1803 et
729 1762 855 1804 XIIII
877 1779 930 1805 ex
943 1764 1078 1805 Sicilia
1090 1767 1291 1815 aduentu',
1317 1766 1467 1818 idquod
1481 1767 1526 1806 ad
1542 1766 1716 1806 codicum

224 1844 377 1883 quoque
399 1831 632 1884 scripturam
657 1832 838 1885 proxime
861 1835 1027 1873 accedit.
1062 1834 1178 1873 Alter
1200 1835 1307 1874 loeus
1330 1834 1442 1887 paulo
1454 1834 1615 1888 grauius
1628 1848 1716 1874 cor-

223 1905 359 1952 ruptus
389 1898 534 1952 legitur
562 1914 596 1939 c.
622 1898 690 1939 81.
734 1898 792 1940 Ibi
824 1901 918 1941 haec
950 1903 1140 1942 eduntur:
1177 1900 1291 1954 ‘Quo
1324 1910 1529 1956 postquam
1564 1898 1718 1942 Caesar

223 1966 406 2020 peruenit
437 1973 474 2007 et
505 1968 785 2008 animaduertit.
807 1969 929 2008 aciem
953 1984 1023 2022 pro
1055 1970 1156 2010 uallo
1181 1969 1378 2024 Scipionis
1411 1970 1718 2024 elephantosque

223 2032 364 2074 dextro
382 2034 621 2089 sinistroque
644 2050 766 2076 cornu
789 2037 1001 2077 collocatos
1025 2045 1063 2077 et
1085 2039 1205 2078 nihilo
1228 2040 1356 2078 miuus
1379 2045 1526 2091 partem
1552 2038 1715 2078 militum

224 2108 355 2142 castra
388 2117 466 2142 non
497 2103 696 2157 ignauiter
726 2104 905 2154 munire,
936 2106 1019 2159 ipse
1051 2106 1135 2146 acie
1167 2106 1310 2159 triplici
1343 2105 1531 2145 collocata
1562 2104 1717 2157 legione

225 2168 374 2209 decima
399 2173 650 2225 secundaque
674 2173 816 2213 dextro
839 2187 987 2224 cornu,
1023 2172 1124 2215 VIII
1158 2180 1197 2214 et
1224 2172 1287 2214 IX
1315 2173 1476 2213 sinistro
1509 2172 1714 2226 oppositis,

225 2235 494 2290 Vlegionibus
516 2240 556 2279 in
570 2247 707 2293 quarta
729 2241 830 2290 acie,
856 2248 945 2281 ante
968 2242 1052 2295 ipsa
1075 2256 1220 2283 cornua
1243 2242 1372 2295 quinis
1388 2240 1613 2281 cohortibus
1626 2253 1719 2279 con·

226 2311 287 2344 tra
309 2305 457 2346 bestias
481 2308 698 2348 collocatis'
723 2316 816 2349 cett.
860 2308 936 2349 Hic
968 2310 1132 2364 primum
1164 2311 1340 2364 legiones
1376 2306 1432 2348 ‘X
1461 2306 1585 2360 Ilque'
1608 2314 1719 2347 ortae

228 2380 319 2413 sunt
350 2388 401 2414 ex
434 2373 496 2413 ‘X
518 2374 723 2429 Xlllque'
756 2377 876 2417 altera
912 2378 1061 2417 denarii
1091 2379 1243 2418 numeri
1278 2385 1369 2418 nota
1402 2376 1550 2416 extrita
1579 2382 1618 2415 et
1650 2388 1718 2427 pro

229 2442 405 2481 ternario
429 2456 592 2483 numero
624 2445 760 2485 eodem
793 2459 930 2485 errore
963 2445 1116 2485 binario
1149 2446 1301 2499 posito,
1337 2445 1427 2483 item
1450 2441 1551 2483 VIII
1581 2456 1719 2482 errore

225 2508 351 2562 posita
375 2517 436 2549 est
457 2524 525 2563 pro
547 2510 687 2551 XIIII.
737 2510 815 2552 Sed
847 2527 896 2552 ne
927 2513 1115 2553 inferiora
1148 2513 1299 2566 quidem
1333 2511 1394 2552 ‘V
1429 2510 1648 2565 legionibus
1680 2510 1718 2549 111

226 2583 366 2629 quarta
400 2578 502 2618 acie‘
539 2586 631 2619 cett.
657 2587 766 2620 recta
798 2588 903 2620 sunt.
967 2579 1113 2621 Decem
1156 2582 1260 2621 enim
1296 2580 1473 2633 legiones
1505 2578 1544 2616 iu
1581 2576 1721 2617 Africa

224 2645 387 2685 affuisse
410 2646 595 2686 uidimus.
639 2646 708 2686 Ex
739 2647 798 2686 his
833 2646 1007 2697 Caesar,
1040 2662 1125 2688 cum
1159 2649 1205 2688 ad
1228 2647 1427 2701 Thapsum
1460 2660 1545 2686 eam
1577 2645 1718 2694 aciem,

227 2726 326 2766 quae
358 2727 392 2753 c.
418 2712 469 2753 81
496 2715 754 2764 describitur,
791 2716 1030 2765 instrueret,
1067 2717 1162 2755 duas
1185 2715 1361 2769 legiones
1386 2729 1473 2754 cum
1496 2713 1720 2766 Asprenate

229 2780 370 2822 castris
393 2782 587 2834 praesidio
609 2783 826 2835 reliquerat
849 2786 904 2834 (c.
930 2783 1000 2832 80,
1025 2783 1086 2836 4).
1131 2783 1185 2823 At
1204 2783 1306 2823 binis
1330 2782 1550 2836 legionibus
1572 2781 1613 2820 in
1635 2794 1722 2819 cor-

229 2849 341 2890 nibus
365 2850 503 2904 positis
528 2850 734 2905 quinisque
757 2852 982 2893 cohortibus
1005 2859 1093 2892 ante
1116 2866 1287 2901 cornua,
1324 2851 1355 2890 si
1379 2856 1585 2904 praeterea
1607 2848 1719 2900 quin*
