1835 3240
693 190 1118 231 —165—

161 310 284 349 uisum
307 313 366 347 est
388 305 553 345 terroris
569 303 897 358 Pompeianorum
913 303 1121 344 dissimiles
1144 317 1283 344 causas
1300 306 1405 358 poni,
1431 307 1641 347 aduentum

159 374 342 416 Caesaris
376 379 414 414 et
447 372 740 412 festinationem
773 372 895 424 ipsius
928 370 1122 425 Pompeii.
1176 369 1254 412 Sed
1286 385 1410 424 neque
1444 373 1641 413 festinatio

158 456 226 499 per
247 457 306 492 se,
340 443 373 482 si
397 441 524 481 nullus
547 440 593 480 ab
618 440 730 479 hoste
753 440 870 479 timor
893 440 1048 489 fuisset,
1086 453 1211 492 neque
1233 439 1340 479 solus
1367 436 1553 480 Caesaris
1576 442 1643 481 ad-

158 519 296 553 uentus
318 516 512 550 terrorem
535 507 757 548 intulisset:
784 522 869 547 cum
884 508 1026 548 milites
1040 508 1259 547 festinando
1273 507 1640 561 defatigatiessent‚

157 580 347 620 aduentus
371 575 559 618 Caesaris
582 575 760 616 idoneam
783 575 953 616 terroris
976 589 1135 615 causam
1159 574 1362 615 afferebat.
1411 574 1553 628 Neque
1585 589 1645 615 re-

156 648 256 687 ctius
289 646 421 687 uerbis
454 644 568 698 ‘quod
601 657 817 697 properans
841 650 995 683 noctem
1019 643 1094 683 diei
1118 643 1394 683 coniunxerat'
1418 643 1646 684 intolerabi-

155 715 247 755 liter
269 714 368 754 idem
390 711 512 766 repeti
534 711 801 757 contendunt,
833 711 932 763 quod
955 710 1069 764 paulo
1093 717 1184 750 ante
1207 710 1350 750 dictum
1382 717 1491 760 erat,
1527 709 1644 750 Pom-

156 782 284 837 peium
318 781 466 820 diurnis
498 779 783 832 nocturnisque
813 777 1021 818 itineribus
1052 776 1341 833 Dyrrhachium
1372 779 1641 820 contendisse.

157 847 263 890 Sane
276 850 419 888 factum
434 848 470 888 id
485 860 572 888 esse
588 848 664 887 iam
678 847 915 887 declaratum
930 853 1031 896 erat,
1058 860 1216 886 causam
1229 861 1313 887 eam
1329 847 1496 888 terroris
1526 847 1646 888 fuisse

157 932 236 958 non
259 924 344 957 erat
365 916 644 971 significatum.
685 913 839 955 Tamen
863 914 921 954 his
943 914 1061 955 rebus
1085 921 1212 954 motus
1236 916 1300 968 qui
1324 916 1369 956 de
1393 914 1523 955 Heldii
1546 915 1645 956 libro

155 985 394 1026 iudicauitin
407 991 484 1024 act.
502 984 576 1023 litt.
594 982 707 1037 Lips.
726 997 763 1023 a.
779 981 888 1023 1824
911 996 946 1036 p.
963 981 1048 1023 940
1071 982 1194 1023 uerba
1220 985 1338 1036 ‘quod
1362 998 1648 1038 properans——

155 1051 446 1094 intermiserat'
470 1051 518 1091 ad
541 1049 756 1092 Caesarem
787 1051 937 1092 referre
967 1060 1132 1092 conatus
1156 1059 1239 1102 est,
1279 1052 1440 1106 ipseque
1463 1051 1645 1101 Heldius,

157 1135 241 1161 cum
263 1121 300 1161 id
324 1122 486 1161 formam
510 1120 701 1159 orationis
734 1134 812 1159 non
835 1119 913 1173 pati
936 1119 1210 1173 intellegeret,
1251 1134 1297 1160 ea
1328 1127 1417 1174 post
1444 1120 1649 1174 superiora

159 1189 337 1230 ‘simulac
360 1186 513 1228 Caesar
535 1188 847 1241 appropinquare
882 1187 1097 1228 dicebatur'
1122 1189 1414 1242 transponenda
1445 1189 1649 1229 existima-

156 1258 227 1297 uit.
271 1255 379 1297 Satis
403 1262 532 1296 autem
556 1257 680 1296 leuem
704 1270 862 1296 eausam
886 1257 1084 1306 adiciunt,
1119 1253 1352 1303 Caesarem,
1389 1270 1473 1296 cum
1497 1257 1531 1309 ξ.
1559 1255 1583 1295 5
1606 1257 1645 1296 h.

158 1339 192 1365 c.
219 1339 261 1365 se
293 1325 407 1364 finem
440 1324 672 1378 properandi
707 1325 847 1365 fecisse
879 1325 1008 1374 dicat,
1044 1325 1090 1365 de
1122 1339 1193 1365 sua
1216 1339 1369 1378 quoque
1393 1324 1648 1365 festinatione

158 1399 274 1432 antea
288 1392 418 1431 dicere
442 1391 640 1431 debuisse.
675 1391 785 1431 Nihil
805 1405 968 1433 necesse
990 1399 1075 1432 erat
1095 1393 1133 1432 id
1152 1393 1371 1440 declarare,
1399 1392 1499 1446 quod
1514 1407 1647 1446 quem-

159 1461 218 1500 uis
248 1461 329 1513 ipsa
352 1472 416 1499 res
440 1459 618 1499 docebat.
653 1459 783 1499 Vnum
816 1467 922 1500 recte
945 1460 1226 1514 reprehensum
1251 1467 1327 1510 est,
1353 1461 1473 1501 uerba
1500 1460 1649 1501 ‘simul-

161 1542 206 1568 ac
229 1525 383 1568 Caesar
413 1525 725 1582 appropinquare
749 1528 964 1568 dicebatur'
988 1528 1101 1568 nimis
1125 1528 1287 1582 abrupte
1308 1528 1460 1568 inferri.
1494 1526 1647 1582 ltaque,

159 1610 244 1636 cum
277 1595 460 1647 deinceps
494 1596 532 1635 in
557 1594 647 1635 Par.
675 1610 756 1636 sec.
784 1603 822 1636 et
854 1595 985 1635 Hauu.
1023 1609 1082 1649 pr.
1117 1602 1153 1636 et
1188 1596 1358 1649 quinque
1389 1596 1650 1637 deterioribus

157 1666 267 1706 codd.
302 1664 487 1718 scriptum
521 1663 573 1704 sit
608 1669 840 1716 ‘tantusque
872 1663 1021 1703 terror'
1046 1669 1139 1703 cett.
1159 1695 1168 1711 ‚
1205 1670 1314 1703 recte
1345 1661 1647 1718 Oudendorpius

157 1734 252 1774 haec
274 1733 328 1772 ita
350 1732 623 1771 constituenda
638 1731 841 1771 iudicauit:
873 1728 1015 1772 ‘Simul
1030 1728 1184 1772 Caesar
1204 1732 1519 1786 appropinquare
1541 1733 1645 1773 dice-

158 1802 298 1842 batur:
333 1806 545 1852 tantusque
569 1806 699 1840 terror
721 1799 857 1839 incidit
880 1799 963 1839 eius
996 1798 1206 1839 exercitui'
1231 1806 1324 1840 cett.
1369 1797 1483 1853 Quod
1517 1807 1648 1841 autem

159 1868 259 1909 edidi
291 1873 439 1922 ‘paene
468 1881 602 1907 omues
635 1881 685 1908 ex
718 1866 843 1922 Epiro
866 1867 1119 1920 finitimisque
1141 1865 1402 1921 regionibus',
1438 1880 1483 1909 ea
1512 1865 1653 1908 Iurinii

159 1936 377 1977 emendatio
401 1942 477 1985 est,
503 1949 615 1988 quam
640 1949 772 1976 ueram
798 1949 884 1976 esse
907 1936 1157 1976 manifestum
1181 1943 1257 1976 est.

270 2003 466 2044 Extremo
489 2017 524 2043 c.
553 2001 604 2043 18
626 2004 722 2044 haec
745 2004 954 2058 leguntur:
991 2002 1126 2044 ‘Bello
1158 2005 1333 2058 perfecto
1356 2003 1402 2043 ab
1425 2003 1473 2043 iis
1498 2000 1651 2044 Caesar

161 2071 256 2112 haec
277 2072 379 2113 dicta
400 2072 602 2126 cognouit,
628 2072 692 2126 qui
716 2073 890 2113 sermoni
916 2072 1207 2120 interfuerunt,
1240 2079 1406 2112 conatus
1440 2079 1571 2112 tamen
1594 2071 1653 2111 ni-

160 2140 236 2180 hilo
258 2140 384 2180 minus
407 2147 467 2180 est
488 2140 576 2181 aliis
599 2141 834 2190 rationibus,
860 2155 928 2195 per
949 2141 1155 2194 colloquia,
1183 2140 1228 2180 de
1246 2154 1340 2194 pace
1357 2140 1505 2193 agere'.
1538 2138 1654 2180 Inde-

157 2208 287 2249 finitae
319 2208 597 2262 significationi
640 2209 752 2250 ‘aliis
785 2210 1027 2250 rationibus’
1062 2223 1130 2263 per
1159 2223 1202 2249 se
1231 2215 1338 2249 recte
1371 2208 1545 2262 apertior
1568 2212 1655 2262 ‘per

157 2275 372 2328 colloquia'
404 2277 612 2330 superaddi
645 2285 795 2331 potest3
831 2278 897 2318 sed
941 2278 1001 2317 hic
1029 2277 1067 2317 id
1100 2277 1269 2317 alienum
1304 2283 1377 2317 est.
1423 2275 1529 2317 Nam
1553 2290 1652 2330 quae

158 2342 247 2384 illae
268 2344 442 2384 rationes
460 2345 624 2394 fuerint,
651 2359 734 2399 seq.
753 2360 788 2386 c.
805 2346 1025 2386 luculenter
1047 2345 1285 2398 explicatur,
1311 2352 1428 2398 atque
1451 2345 1579 2385 oratio
1601 2344 1655 2385 ibi

160 2411 214 2452 ita
235 2411 414 2452 instituta
438 2418 514 2462 est,
540 2420 582 2453 ut
603 2414 649 2453 de
672 2426 714 2453 re
737 2414 908 2454 nondum
942 2414 1139 2454 declarata
1169 2414 1244 2454 dici
1268 2419 1468 2467 appareat.
1509 2411 1655 2466 Neque

161 2479 278 2530 enim,
303 2479 379 2519 nisi
400 2493 465 2520 res
488 2481 624 2534 ignota
647 2482 847 2521 etiamtum
872 2482 1094 2535 legentibus
1117 2482 1415 2535 adiungeretur,
1448 2481 1656 2533 sequentia

164 2547 248 2586 sinc
269 2547 346 2587 ulla
369 2548 645 2589 coniunctione
667 2549 929 2589 inferrentur.
971 2548 1109 2604 Itaque
1138 2549 1261 2590 uerba
1295 2553 1381 2602 ‘per
1403 2547 1609 2605 colloquia'
1633 2562 1654 2588 a

164 2615 349 2666 magistro
371 2617 547 2668 profecta
570 2630 659 2657 esse
682 2617 792 2657 duxi.

277 2678 326 2720 C.
348 2682 414 2732 19,
440 2682 463 2722 3
487 2684 582 2724 haec
605 2684 753 2738 scripta
774 2692 890 2725 sunt:
918 2683 1063 2725 ‘Multa
1084 2685 1317 2739 suppliciter
1339 2685 1510 2734 locutus,
1545 2692 1587 2724 ut
1610 2685 1654 2724 dc

166 2760 237 2787 sua
258 2755 372 2800 atque
395 2751 563 2791 omnium
588 2751 713 2792 salute
736 2752 918 2803 debebat,
943 2741 1180 2807 silentioque
1203 2753 1250 2794 ab
1275 2752 1449 2805 utrisque
1467 2752 1654 2792 militibus

166 2815 321 2856 auditus
352 2824 582 2871 responsum
613 2826 675 2860 est
705 2820 752 2860 ab
785 2821 911 2861 altera
938 2828 1049 2875 parte
1082 2822 1133 2861 A.
1161 2820 1381 2861 Varronem
1415 2820 1588 2873 profiteri
1611 2833 1654 2860 se

170 2884 294 2924 altera
328 2884 389 2925 die.
418 2885 466 2925 ad
499 2886 734 2939 colloquium
758 2895 967 2929 uenturum
990 2896 1106 2942 atque
1129 2903 1206 2929 una
1235 2889 1351 2929 etiam
1374 2887 1568 2940 utrimque
1591 2887 1658 2927 ad-
