1835 3240
870 179 925 219 22

159 301 244 340 cula
275 298 346 338 ‘ut'
377 298 491 352 plane
521 295 708 336 abstinuit
738 293 920 345 scriptor.
969 289 1076 331 Satis
1114 293 1340 345 frequenter
1370 297 1499 348 posuit
1530 301 1633 336 ‘cum

157 366 247 408 iam'
278 366 343 406 uel
375 366 465 406 ‘iam
497 362 596 404 cum*
628 361 716 413 (12,
752 360 770 399 1
805 367 843 399 et
871 358 910 398 3.
958 358 1024 407 18,
1058 358 1098 398 5.
1139 359 1210 408 25,
1234 360 1275 400 4.
1318 361 1388 412 42,
1416 361 1453 402 1.
1497 362 1565 412 52,
1594 363 1632 402 1.

156 433 227 484 69,
263 433 284 473 1
313 440 351 473 et
371 432 412 473 4.
455 429 523 479 70,
562 429 599 468 1.
642 427 712 477 94,
739 426 799 476 1).
842 427 956 479 Apud
979 425 1150 466 Hirtium
1183 435 1412 469 constanter
1444 429 1637 483 ‘repente'

156 501 235 555 legi
266 500 587 547 obseruauimus,
624 510 830 549 numquam
864 493 1049 535 ‘subito'z
1085 495 1219 534 eadem
1252 497 1474 537 constantia
1503 499 1543 537 in
1566 498 1638 537 hoc

157 569 257 608 libro
285 568 377 608 illud
408 568 635 615 exclusum,
671 565 743 604 hoc
775 569 1003 616 usurpatum
1039 562 1364 614 deprehendimus
1397 563 1458 611 (6,
1490 564 1512 604 1
1537 572 1576 606 et
1598 567 1637 606 2.

157 635 200 687 7,
225 635 249 676 5
272 643 311 675 et
331 634 371 674 6.
418 634 483 683 11,
511 634 548 672 1.
594 632 662 681 14,
689 632 710 672 1
736 639 774 672 et
794 632 837 671 2.
882 629 949 679 18,
974 629 1015 670 5.
1059 630 1130 679 23,
1153 628 1194 669 2.
1231 629 1364 679 35,1.
1398 629 1468 680 40,
1492 631 1534 672 2.
1567 634 1638 682 47,

160 704 182 743 1
208 710 247 743 et
267 701 307 742 6.
353 700 422 748 61,
448 700 474 739 2
495 707 533 740 et
554 699 594 739 3.
639 698 709 750 66,
736 699 756 739 1
782 706 822 739 et
842 700 882 739 2.
924 696 993 748 80,
1018 695 1060 737 6.
1102 696 1171 745 82,
1196 697 1224 737 2
1245 707 1285 738 et
1306 698 1346 738 3.
1389 698 1459 747 89,
1485 699 1525 739 3.
1568 699 1639 750 90,

157 771 206 812 4:
245 767 426 810 ‘subitus'
457 768 603 821 legitur
630 765 700 817 43,
728 767 766 807 1.
816 765 885 816 52,
909 765 951 806 2.
985 765 1056 815 65,
1081 763 1141 817 ’1).
1184 764 1267 804 lam
1292 765 1333 805 in
1354 766 1553 807 scribendi
1574 780 1642 820 ge·

158 851 254 878 nere
286 850 398 886 eum,
431 835 497 888 qui
527 834 630 882 hunc
660 834 800 875 librum
834 834 1078 887 composuit,
1111 833 1227 874 facile
1263 841 1424 887 apparet
1452 834 1642 889 grandem

158 905 349 958 quendam
382 911 496 956 atque
527 903 670 943 elatum
691 902 818 943 uideri
839 902 1038 951 uoluisse,
1073 901 1141 942 sed
1164 901 1289 956 impar
1310 902 1468 956 negotio
1495 903 1640 942 effusus

157 979 198 1012 et
237 971 459 1012 redundans
501 977 541 1010 et
567 971 737 1011 tumidus
771 971 898 1011 euasit
928 983 1054 1023 neque
1085 970 1218 1010 facere
1250 970 1399 1023 potuit,
1434 971 1528 1023 quin
1558 976 1643 1010 tota

157 1040 388 1092 compositio
419 1039 593 1092 impolita
626 1046 740 1092 atque
769 1052 909 1092 aspera
941 1039 1151 1078 existeret.
1206 1036 1367 1078 Grande
1397 1052 1520 1092 genus
1554 1051 1643 1078 eum

157 1107 405 1147 affectauisse
429 1121 515 1146 cum
538 1114 621 1147 tota
642 1107 829 1147 narrandi
851 1106 977 1156 ratio,
1012 1119 1086 1158 qua
1110 1106 1240 1145 omnia
1262 1120 1403 1159 magno
1426 1106 1532 1146 hiatu
1554 1119 1644 1159 pro-

157 1176 362 1224 feruntur,
404 1181 484 1214 tum
527 1174 791 1215 creberrimus
831 1174 1015 1214 infinitiui
1056 1173 1233 1214 historici
1266 1188 1358 1214 usus
1389 1174 1535 1214 indicio
1564 1180 1640 1213 est.

157 1242 233 1283 Hic
265 1257 287 1283 a
318 1240 494 1283 Caesare
524 1256 616 1282 raro
649 1242 936 1296 interponitur,
981 1241 1028 1282 ab
1062 1240 1193 1281 Hirtio
1225 1242 1382 1281 omnino
1416 1255 1638 1294 numquam,

155 1311 197 1350 in
228 1311 300 1350 hoc
332 1311 431 1351 libro
462 1311 607 1364 legitur
636 1311 676 1362 1,
700 1310 725 1351 3
748 1319 787 1351 et
809 1311 847 1351 5.
892 1308 935 1358 6,
959 1308 1001 1349 6.
1041 1308 1082 1359 7,
1107 1309 1148 1348 4.
1193 1307 1234 1357 8,
1258 1308 1300 1348 4.
1336 1307 1404 1356 12,
1428 1308 1471 1348 2.
1506 1309 1575 1357 15,
1598 1307 1639 1348 2.

157 1376 227 1427 16,
254 1378 275 1419 1
299 1386 338 1418 et
359 1378 398 1419 3.
442 1377 513 1429 20,
539 1377 578 1418 ’1.
619 1378 691 1426 21,
717 1378 757 1419 1.
799 1378 870 1425 24,
895 1377 936 1417 2.
979 1375 1050 1426 25,
1079 1374 1119 1415 5.
1161 1374 1232 1426 26,
1257 1375 1299 1417 8.
1333 1375 1402 1425 30,
1429 1379 1468 1416 1.
1503 1375 1572 1425 32,
1598 1375 1639 1415 3.

157 1445 227 1497 35,
253 1445 292 1486 1.
336 1444 406 1497 39,
432 1445 470 1485 1.
512 1445 581 1496 52,
606 1446 646 1487 5.
691 1445 761 1494 61,
785 1446 827 1487 8.
869 1442 940 1492 70,
964 1444 1007 1484 2.
1042 1443 1113 1484 71.
1147 1442 1216 1492 78,
1242 1442 1283 1483 6.
1317 1442 1387 1493 85,
1413 1443 1453 1484 3.
1495 1442 1644 1483 Tumo-

156 1528 238 1555 rem
271 1514 367 1554 haec
399 1515 632 1555 ostendent:
668 1514 738 1563 31,
764 1513 786 1553 1
822 1512 1061 1553 ‘minutatim
1092 1512 1347 1564 modesteque
1370 1512 1454 1552 sine
1477 1511 1644 1551 tumultu

157 1589 225 1622 aut
245 1581 429 1632 terrore'‚
463 1581 532 1629 36,
556 1581 584 1621 4
617 1582 671 1622 ‘ui
703 1581 965 1635 expugnando
989 1586 1050 1620 est
1070 1578 1248 1633 potitus',
1282 1577 1352 1626 49,
1383 1581 1401 1619 1
1438 1579 1644 1632 ‘capiendo

156 1649 244 1689 loca
274 1649 436 1689 excelsa
467 1663 660 1703 occupare
692 1647 935 1698 contendit',
969 1645 1039 1696 55,
1068 1647 1087 1686 1
1122 1652 1160 1688 ‘a
1183 1661 1278 1700 rege
1299 1645 1395 1686 Iuba
1417 1647 1644 1687 desciscunt

158 1717 417 1769 celeriterque
447 1717 578 1756 cuncti
609 1731 718 1757 arma
748 1717 907 1769 capiunt
929 1722 1143 1767 contraque
1165 1728 1300 1768 regem
1321 1716 1450 1755 facere
1473 1730 1551 1755 non
1575 1716 1643 1755 du-

156 1783 319 1833 bitant',
353 1791 392 1825 et
420 1791 526 1825 totus
556 1785 664 1824 locus
699 1798 734 1824 e.
773 1782 840 1834 10,
875 1782 899 1821 3
934 1780 1145 1824 ‘Omnibus
1175 1783 1214 1821 in
1244 1783 1423 1823 exercitu
1444 1783 1581 1823 insciis
1604 1791 1646 1824 et

155 1852 447 1906 requirentibus
486 1852 738 1905 imperatoris
779 1850 985 1891 consilium
1016 1864 1158 1903 magno
1190 1857 1295 1891 metu
1329 1865 1373 1890 ac
1406 1851 1645 1891 tristimonia

159 1919 490 1961 sollicitabantur.
532 1918 659 1959 Parua
692 1920 794 1960 enim
827 1931 912 1958 cum
935 1918 1045 1970 copia
1069 1925 1108 1957 et
1130 1931 1175 1958 ea
1197 1918 1368 1957 tironum
1391 1932 1516 1971 neque
1538 1919 1644 1958 omui

158 1988 339 2042 exposita
379 1987 419 2027 in
451 1987 589 2028 Africa
629 1994 767 2028 contra
800 1999 961 2042 magnas
994 1985 1126 2038 copias
1158 1992 1197 2025 et
1225 1986 1437 2026 insidiosae
1472 1986 1644 2026 nationis

158 2057 450 2110 equitatumque
482 2055 806 2096 innumerabilem
839 2068 881 2095 se
911 2055 1112 2108 expositos
1142 2054 1353 2104 uidebant,
1387 2067 1512 2106 neque
1535 2054 1644 2106 quic-

159 2139 273 2178 quam
301 2123 431 2164 solatii
453 2123 493 2162 in
514 2124 741 2176 praesentia
763 2136 889 2176 neque
911 2123 1100 2163 auxilium
1122 2122 1161 2162 in
1185 2135 1346 2162 suorum
1372 2121 1538 2161 consilio
1561 2121 1645 2160 ani-

156 2192 482 2240 maduertebant,
516 2191 593 2230 nisi
621 2191 662 2231 in
689 2192 813 2245 ipsius
843 2190 1093 2245 imperatoris
1125 2190 1262 2239 uultu,
1297 2189 1436 2240 uigore
1460 2188 1645 2228 mirabili-

158 2275 234 2314 que
267 2259 486 2300 hilaritate:
521 2259 691 2300 animum
722 2259 825 2299 enim
856 2260 974 2299 altum
1006 2266 1045 2299 et
1074 2265 1249 2298 erectum
1280 2269 1373 2310 prae
1398 2269 1440 2296 se
1463 2256 1641 2309 gerebat.

157 2327 262 2368 Huic
293 2327 597 2380 acquiescebant
628 2327 805 2368 homines
837 2333 876 2366 et
904 2326 946 2366 in
968 2326 1052 2366 eius
1075 2325 1243 2366 scientia
1265 2331 1305 2365 et
1326 2323 1492 2364 consilio
1515 2323 1645 2363 omnia

159 2396 233 2436 sibi
264 2395 455 2450 procliuia
485 2409 620 2435 omnes
652 2396 736 2435 fore
764 2393 1005 2449 sperabant'.
1055 2395 1188 2447 Atque
1216 2393 1277 2433 hic
1309 2391 1460 2445 quidem
1493 2398 1645 2432 tumore

160 2464 279 2519 etiam
309 2462 548 2503 sententiam
579 2464 751 2516 peruerti
775 2469 958 2516 apparet,
994 2462 1094 2515 quod
1117 2461 1259 2501 milites
1282 2474 1401 2514 parua
1425 2473 1510 2499 cum
1533 2460 1646 2513 copia

159 2545 284 2585 neque
306 2545 351 2571 ea
373 2531 475 2570 omni
500 2531 680 2583 exposita
702 2531 872 2585 expositi
896 2530 1091 2578 dicuntur,
1117 2529 1155 2569 id
1177 2529 1278 2581 quod
1300 2527 1480 2567 similiter
1500 2528 1645 2567 factum

159 2607 221 2640 est
252 2613 285 2639 c.
321 2598 392 2649 27,
428 2598 466 2639 3.
509 2597 616 2638 Nam
649 2599 802 2639 uerbis:
841 2599 974 2638 ‘rudes
998 2598 1101 2638 enim
1125 2596 1320 2650 elephanti
1343 2596 1553 2635 multorum
1576 2609 1645 2634 an-

159 2683 297 2709 norum
328 2667 505 2725 doctrina
536 2680 686 2720 usuque
716 2673 871 2707 uetusto
902 2666 972 2705 uix
1004 2665 1131 2705 edocti
1165 2672 1294 2704 tamen
1326 2663 1520 2703 communi
1542 2663 1644 2716 peri-

160 2738 247 2778 culo
279 2737 319 2776 in
350 2736 475 2776 aciem
504 2734 784 2789 producuntur'
815 2735 984 2787 scriptor
1010 2733 1156 2773 bestias
1185 2732 1285 2772 bene
1308 2732 1474 2771 domitas
1497 2732 1645 2785 signifi-

160 2819 250 2846 care
271 2803 419 2844 uoluit:
455 2818 535 2843 non
556 2802 750 2844 debebant
770 2802 890 2857 igitur
911 2802 1026 2842 iidem
1048 2801 1165 2840 rudes
1189 2800 1277 2840 dici.
1323 2797 1371 2839 C.
1399 2798 1467 2847 35,
1491 2797 1517 2838 6
1546 2799 1641 2839 scri-

158 2875 259 2927 psit:
308 2878 484 2926 ‘quorum
531 2871 749 2912 orationem
790 2870 974 2911 celeriter
1015 2869 1161 2910 ueritas
1204 2867 1511 2922 comprobauit⁷,
1557 2881 1643 2908 cum
