1835 3240
699 167 1124 209 —137-——

177 299 291 340 agros
314 283 527 325 Volcarum
549 280 874 323 Arecomicorum
896 288 934 321 et
955 280 1186 322 Heluiorum
1208 282 1358 336 publice
1380 284 1429 324 iis
1453 299 1660 327 001100330-

175 355 243 402 rit,
268 353 368 392 alter
388 351 489 391 bello
513 351 639 391 uictas
653 349 804 391 Gallias
827 350 1050 390 attribuerit
1070 350 1554 403 uectigaliaqueauxerit'.
1580 351 1658 393 Sed

173 420 335 460 ridicule
368 418 584 459 Caesarem
611 417 933 459 Massiliensibus
967 416 1117 458 Gallias
1140 418 1367 458 attribuisse
1399 418 1474 457 dici
1495 433 1516 458 a
1539 418 1661 459 Glan-

176 488 311 541 dorpio
329 487 647 527 animaduersum
667 494 743 535 est,
768 486 948 541 idemque
966 487 1062 526 11300
1078 485 1131 525 113
1149 486 1396 526 emendauit:
1427 486 1542 526 ‘alter
1558 486 1660 526 bello

173 555 301 596 uictos
333 553 489 610 Sallyas
520 555 772 604 attribuerit',
806 569 905 608 quae
936 554 1158 594 emendatio
1188 561 1227 594 et
1258 551 1537 607 Oudendorpio
1570 554 1661 594 reli-

175 624 340 677 quisque
361 625 525 678 probata
548 630 634 672 est,
669 637 795 675 neque
818 637 890 678 ego
914 630 981 663 aut
1001 622 1205 662 meliorem
1228 628 1295 661 aut
1317 622 1527 662 certiorem
1549 621 1661 662 inue-

173 692 247 732 niri
272 707 387 746 posse
409 693 541 733 credo.
591 691 743 733 Verum
765 691 805 731 in
828 705 890 741 eo,
916 697 1099 744 quantum
1122 689 1222 737 3010,
1248 703 1384 729 01111103
1408 696 1658 739 errauerunt,

173 760 275 813 quod
299 757 513 801 Caesarem
538 760 610 799 1100
632 760 774 799 fecisse
796 765 989 798 statuunt.
1032 756 1137 798 Nam
1161 755 1319 811 Sallyes
1342 755 1660 797 Massiliensibus

171 828 323 868 uicinos
355 828 478 868 fuisse
510 834 642 867 notum
675 834 758 867 est:
787 824 940 867 Caesar
969 833 1097 866 autem
1128 840 1215 866 cum
1246 826 1295 865 iis
1331 825 1507 879 populis,
1534 824 1659 878 quiin

171 896 378 949 prouincia
399 897 571 945 fuerunt,
598 895 741 935 nullum
764 895 907 935 bellum
932 894 1080 934 habuit.
1132 892 1270 947 Itaque
1303 894 1363 933 hic
1394 894 1539 932 factum
1572 905 1661 932 esse

171 964 421 1004 statuendum
444 971 530 1014 est,
563 964 664 1017 quod
688 977 805 1018 saepe
827 977 900 1003 usu
922 963 1054 1013 uenit,
1079 969 1123 1002 ut
1143 962 1345 1002 enuntiata
1362 992 1371 1009 ,
1397 974 1494 1014 quae
1518 960 1663 1000 habent

170 1045 386 1085 pronomen
412 1033 558 1083 ‘alter',
581 1033 742 1073 inuerso
765 1032 904 1072 ordine
925 1031 972 1071 ad
994 1030 1198 1084 superiora
1221 1030 1379 1069 nomina
1395 1030 1658 1069 referrentur.

169 1098 274 1140 Nam
296 1099 508 1155 Pompeius
524 1132 534 1151 ,
567 1101 642 1141 etsi
665 1114 714 1141 ne
736 1114 821 1141 eum
846 1099 999 1153 quidem
1025 1096 1182 1153 Sallyes
1212 1098 1360 1138 uicisse
1392 1097 1557 1138 relatum
1582 1103 1658 1146 est,

169 1174 300 1208 tamen
323 1175 362 1208 et
382 1168 422 1208 in
445 1168 634 1209 ulteriore
658 1168 859 1223 prouincia
881 1168 1024 1208 bellum
1047 1167 1172 1221 gessit
1194 1173 1233 1207 et
1263 1166 1442 1206 ciuitates
1474 1164 1661 1217 quasdam

170 1236 276 1289 agris
305 1237 500 1277 multauit.
554 1235 788 1278 Sertoriano
821 1237 923 1277 enim
955 1236 1055 1277 bello
1087 1250 1173 1276 cum
1201 1235 1413 1288 Pompeius
1445 1234 1486 1273 in
1518 1232 1662 1286 Hispa-

169 1304 274 1344 niam
298 1305 534 1356 mitteretur,
560 1313 745 1359 quaestor
767 1303 936 1346 Sertorii
957 1303 1008 1344 L.
1034 1304 1252 1344 Hirtuleius
1277 1302 1325 1342 L.
1353 1301 1518 1343 Valerio
1540 1299 1661 1341 Prae-

173 1372 314 1412 00111110
356 1373 486 1427 legato
527 1381 565 1414 et
602 1372 654 1413 L.
688 1372 829 1413 Mallio
860 1374 1095 1426 proconsule
1119 1372 1274 1414 Galliae
1317 1370 1516 1412 ulterioris
1559 1369 1660 1410 fusis

172 1454 325 1480 omnem
367 1441 594 1481 ulteriorem
633 1441 876 1494 prouinciam
908 1447 1169 1494 occupauerat
1202 1446 1241 1480 et
1274 1439 1465 1479 transitus
1502 1437 1659 1491 Alpium

170 1508 377 1561 praesidiis
402 1509 573 1549 tenebat.
599 1507 704 1550 Idem
720 1509 942 1549 Hirtuleius
965 1509 1063 1561 apud
1078 1505 1166 1548 Cic.
1193 1522 1262 1562 pro
1277 1506 1393 1546 Font.
1423 1505 1461 1555 1,
1486 1506 1513 1545 2
1535 1505 1658 1560 partis

168 1588 190 1614 a
211 1574 432 1615 Niebuhrio
454 1585 636 1630 repertae
660 1578 845 1630 quaedam
865 1578 905 1616 in
929 1575 1058 1616 Gallia
1079 1577 1299 1616 instituisse
1323 1575 1480 1615 dieitur.
1523 1574 1661 1627 ltaque

168 1641 378 1697 Pompeius
403 1645 502 1697 apud
524 1643 758 1684 Sallustium
782 1645 820 1684 in
846 1645 1022 1684 historiis
1045 1659 1082 1697 p.
1108 1642 1191 1683 230
1214 1642 1325 1683 Gerl.
1351 1644 1446 1682 haec
1479 1643 1525 1682 de
1548 1656 1589 1682 se
1612 1642 1660 1682 ad

168 1719 347 1752 senatum
371 1711 531 1752 scribit:
561 1712 717 1766 ‘quippe
740 1713 803 1766 qui
826 1713 984 1753 nomine
1007 1712 1120 1752 modo
1142 1712 1295 1765 imperii
1319 1725 1341 1750 a
1363 1710 1475 1750 uobis
1499 1716 1659 1763 accepto

170 1779 306 1820 diebus
328 1777 406 1819 XL
431 1781 652 1821 exercitum
684 1781 821 1835 paraui
853 1780 1066 1834 hostesque
1096 1781 1138 1821 in
1170 1779 1392 1821 ceruicibus
1422 1780 1498 1819 iam
1520 1777 1660 1818 Italiae

168 1854 333 1900 agentes
355 1847 402 1887 ab
423 1847 592 1902 Alpibus
615 1849 655 1888 in
678 1848 912 1903 Hispaniam
935 1848 1130 1890 summoui
1147 1880 1157 1899 ,
1195 1862 1265 1901 per
1287 1861 1354 1887 eas
1378 1848 1454 1887 iter
1474 1848 1579 1887 aliud
1601 1853 1660 1887 at-

171 1928 245 1968 que
267 1914 492 1966 Hannibal,
527 1916 639 1957 nobis
663 1918 920 1971 opportunius
943 1917 1133 1972 patefeci,
1159 1916 1292 1971 recepi
1315 1915 1510 1966 Galliam,
1536 1914 1660 1970 Pyre·

167 1984 320 2024 naeum’
335 1991 426 2024 cett.
451 1982 534 2025 Iam
556 1986 735 2026 nonnulli
760 1985 964 2027 Gallorum
987 1986 1117 2041 populi
1139 1984 1337 2025 Hirtuleio
1361 1999 1403 2025 se
1427 1984 1660 2025 adiunxisse

165 2058 205 2092 et
225 2052 452 2092 aduenienti
472 2052 663 2107 Pompeio
685 2055 882 2096 restitisse
904 2055 1104 2095 uidentur.
1147 2054 1253 2095 Nam
1278 2051 1366 2094 Cic.
1393 2053 1439 2093 de
1462 2052 1554 2106 imp.
1580 2048 1657 2091 Cn.

163 2117 301 2174 Pomp.
330 2120 397 2169 11,
423 2120 477 2163 30
505 2121 684 2176 Pompeii
711 2123 932 2177 legionibus
954 2124 1033 2164 iter
1053 2124 1092 2164 in
1115 2122 1346 2177 Hispaniam
1376 2119 1580 2162 Gallorum
1601 2120 1661 2160 in-

164 2190 394 2230 ternecione
416 2191 654 2244 patefactum
680 2205 769 2233 esse
791 2199 1088 2234 commemorat.
1141 2190 1250 2232 Idem
1281 2198 1410 2231 autem
1444 2203 1514 2242 pro
1536 2187 1656 2228 Font.

163 2255 204 2305 2,
220 2256 246 2297 4
268 2270 320 2297 ex
342 2258 504 2299 decreto
525 2258 701 2313 Pompeii
717 2258 852 2301 Gallos
875 2261 930 2301 ait
952 2275 1005 2301 ex
1026 2260 1132 2314 agris
1155 2261 1346 2301 decedere
1369 2265 1529 2300 coactos
1552 2270 1657 2298 esse.

165 2321 279 2364 Bello
310 2325 432 2379 igitur
455 2324 689 2368 Sertoriano
721 2329 837 2369 etiam
863 2326 1017 2383 Sallyes
1040 2343 1062 2368 a
1083 2326 1272 2384 Pompeio
1296 2328 1420 2369 uictos
1455 2334 1494 2370 et
1515 2324 1660 2366 Massi-

164 2391 352 2434 liensibus
375 2395 585 2436 attributos
609 2410 697 2437 esse
721 2397 1027 2437 existimandum
1050 2404 1122 2437 est.

277 2458 324 2502 C.
361 2461 414 2503 38
444 2464 497 2504 in.
534 2479 672 2505 manca
703 2466 816 2505 codd.
842 2465 1035 2519 scriptura
1068 2465 1203 2507 nescio
1235 2479 1257 2505 a
1285 2479 1361 2519 quo
1393 2465 1449 2505 ita
1481 2465 1660 2519 suppleta

166 2534 246 2567 est:
276 2529 476 2572 ‘Aduentu
503 2530 553 2571 L.
578 2531 745 2574 Vibullii
775 2532 890 2584 Rufi,
924 2547 1038 2588 quem
1060 2548 1083 2574 a
1103 2532 1291 2588 Pompeio
1323 2533 1486 2574 missum
1516 2533 1556 2573 in
1590 2532 1660 2572 Hi-

168 2597 340 2647 spaniam
365 2599 673 2641 demonstratum
697 2608 781 2652 est,
815 2600 1006 2642 Afranius
1030 2609 1069 2642 et
1088 2601 1274 2643 Petreius
1298 2600 1479 2643 etVarro
1496 2632 1506 2652 ,
1538 2598 1658 2654 legati

167 2659 367 2716 Pompeii,
393 2681 558 2719 quorum
581 2683 681 2709 unus
706 2667 761 2708 ΙΙΙ
784 2668 1005 2722 legionibus
1028 2669 1259 2724 Hispaniam
1285 2671 1509 2711 citeriorem
1525 2699 1535 2718 ,
1560 2667 1659 2707 alter

168 2742 189 2768 3
211 2730 314 2771 saltu
335 2729 616 2777 Castulonensi
637 2737 685 2777 ad
707 2736 837 2778 Anam
861 2738 1010 2778 duabus
1032 2738 1252 2793 legionibus
1267 2769 1278 2788 ,
1317 2739 1459 2779 tertius
1492 2736 1538 2776 ab
1567 2734 1658 2774 Ana

168 2794 384 2839 Vettonum
407 2815 541 2856 agrum
562 2802 889 2861 Lusitaniamque
911 2806 996 2860 pari
1018 2820 1181 2847 numero
1210 2807 1408 2860 legionum
1440 2802 1655 2852 obtinebat,

169 2864 300 2906 officia
319 2866 425 2909 inter
455 2883 499 2911 se
528 2872 782 2925 partiuntur'.
834 2872 941 2915 Nam
962 2874 1083 2915 uerba
1109 2872 1185 2916 ‘III
1205 2872 1441 2928 legionibus'
1465 2878 1505 2912 01
1528 2869 1657 2911 ‘alter'
