1835 3240
103 571 120 601 23!

76 906 116 939 10

79 1248 118 1279 15

80 2264 122 2296 30

586 171 768 214 COMM.
794 170 812 213 Ι
835 169 960 214 CAP.
984 168 1184 212 62—66.
1622 169 1704 211 525

151 302 363 331 conuersos
385 286 554 340 insequi.
597 286 713 327 Totis
746 301 842 327 uero
875 285 1017 327 castris
1049 283 1194 324 milites
1223 281 1404 322 circulari
1437 290 1476 322 et
1498 283 1628 325 dolere
1650 283 1675 325 3

152 360 301 399 hostem
324 369 373 395 ex
398 355 576 395 manibus
599 355 764 405 dimitti,
798 355 942 395 bellum
970 367 1050 393 non
1082 350 1309 392 necessario
1339 350 1492 404 lougius
1515 351 1626 402 duci3

151 424 401 465 centuriones
425 423 679 476 tribunosque
701 422 866 463 militum
890 421 999 461 adire
1022 426 1138 473 atque
1160 418 1387 467 obsecrare,
1413 424 1456 457 ut
1477 432 1630 471 percos

151 490 304 533 Caesar
325 490 471 531 certior
493 491 617 540 fieret,
643 504 692 530 ne
714 489 839 530 labori
861 503 932 530 suo
955 503 1030 529 neu
1054 487 1225 541 periculo
1244 492 1448 540 parceret:
1474 492 1631 538 paratos

153 573 241 601 esse
263 572 367 608 sese,
393 572 510 612 posse
532 565 571 598 et
592 558 734 598 audere
758 571 804 598 ea
826 557 997 598 transire
1020 556 1178 603 flumen,
1204 568 1277 608 qua
1298 553 1501 594 traductus
1529 560 1636 593 esset

149 627 362 680 equitatus,
406 624 582 679 Quorum
606 625 734 665 studio
757 632 793 665 et
819 624 978 665 uocibus
1002 623 1199 664 excitatus
1222 619 1399 670 Caesar,
1425 621 1499 662 etsi
1522 621 1635 661 time·
1655 620 1681 660 4

147 696 214 736 bat
237 702 367 735 tantae
389 693 646 748 magnitudini
670 692 837 733 fluminis
867 691 1087 732 exercitum
1110 690 1291 740 obicere,
1326 689 1544 730 conandum
1576 696 1636 729 ta·
1693 699 1697 703 ⁴

148 778 238 804 men
253 770 369 815 atque
385 761 664 815 experiendum
688 761 847 800 iudicat.
872 758 1009 813 ltaque
1030 758 1267 799 infirmiores
1282 758 1422 798 milites
1438 771 1490 798 ex
1512 758 1636 797 omni·
1657 755 1682 797 5

148 832 220 871 bus
244 830 433 871 centuriis
457 829 572 882 deligi
596 828 717 877 iubet,
742 842 905 881 quorum
929 834 995 867 aut
1017 826 1170 867 animus
1193 833 1258 865 aut
1280 826 1385 866 uires
1403 825 1637 867 uidebantur

148 900 346 939 sustinere
368 911 447 938 non
469 910 597 951 posse.
642 895 727 936 Hos
750 910 836 936 cum
859 895 1014 949 legione
1036 909 1113 934 una
1137 894 1332 948 praesidio
1355 894 1495 934 castris
1517 894 1637 934 relin-
1658 891 1686 934 6

151 967 255 1020 quit3
287 966 459 1018 reliquas
482 964 659 1017 legiones
683 964 887 1017 expeditas
910 963 1038 1003 educit
1059 975 1278 1015 magnoque
1302 975 1464 1002 numero
1486 962 1638 1002 iumen-

150 1042 277 1074 torum
300 1034 339 1073 in
363 1033 522 1073 flumine
544 1045 662 1085 supra
695 1038 811 1084 atque
841 1031 944 1072 infra
966 1031 1182 1070 constituto
1205 1029 1375 1069 traducit
1397 1030 1633 1070 exercitum.

149 1100 270 1142 Pauci
295 1115 345 1141 ex
368 1101 426 1141 his
449 1099 637 1140 militibus
666 1099 818 1153 abrepti
848 1099 887 1139 ui
918 1098 1087 1138 fluminis
1117 1098 1164 1138 ab
1188 1097 1362 1150 equitatu
1385 1097 1637 1150 excipiuntur
1657 1096 1683 1137 7

150 1185 196 1211 ac
218 1170 499 1219 subleuantur3
523 1168 661 1208 interit
681 1174 811 1207 tamen
835 1181 963 1207 nemo.
1026 1165 1228 1206 Traducto
1250 1165 1435 1206 incolumi
1457 1164 1640 1205 exercitu

152 1238 284 1292 copias
306 1237 468 1277 instruit
489 1236 760 1290 triplicemque
783 1235 906 1275 aciem
929 1235 1075 1275 ducere
1098 1234 1250 1288 incipit.
1293 1233 1355 1274 Ac
1382 1240 1533 1274 tantum
1567 1233 1640 1274 fuit
1660 1232 1687 1275 8

152 1307 191 1347 in
214 1305 400 1346 militibus
423 1304 556 1354 studii,
581 1311 623 1343 ut
644 1303 790 1343 milium
813 1317 889 1344 sex
909 1304 956 1343 ad
979 1303 1056 1343 iter
1077 1302 1208 1343 addito
1231 1302 1398 1343 circuitu
1421 1316 1640 1356 magnaque

154 1375 201 1415 ad
224 1374 363 1414 uadum
385 1373 554 1412 fluminis
578 1385 685 1412 mora
708 1371 939 1425 interposita
962 1385 1045 1421 eos,
1077 1371 1139 1424 qui
1164 1371 1210 1411 de
1232 1370 1350 1411 tertia
1375 1370 1508 1423 uigilia
1532 1370 1640 1411 exis-

153 1449 265 1492 sent,
302 1448 393 1481 ante
424 1441 559 1481 horam
593 1439 668 1480 diei
690 1445 782 1479 V1111
806 1446 1162 1492 consequerentur.
1207 1436 1317 1491 Quos
1350 1437 1415 1478 ubi
1446 1437 1636 1479 Afranius
1660 1437 1717 1483 65

153 1511 288 1564 procul
311 1509 418 1549 uisos
441 1523 526 1549 cum
549 1507 710 1549 Petreio
733 1507 967 1561 conspexit,
1008 1521 1111 1547 noua
1132 1521 1176 1547 re
1198 1506 1433 1560 perterritus
1456 1506 1552 1547 locis
1575 1520 1641 1547 su-

153 1577 375 1633 perioribus
399 1576 574 1616 constitit
590 1576 792 1631 aciemque
816 1575 988 1615 instruit.
1024 1572 1177 1616 Caesar
1197 1575 1239 1616 in
1261 1575 1407 1628 campis
1421 1575 1641 1615 exercitum
1661 1573 1689 1615 2

152 1646 278 1686 reficit
294 1676 304 1693 ,
332 1659 380 1685 ne
403 1645 597 1685 defessum
621 1643 770 1697 proelio
793 1643 960 1684 obiciat:
1001 1657 1140 1684 rursus
1164 1650 1353 1683 conantes
1375 1642 1557 1697 progredi
1580 1642 1641 1683 in-

152 1714 329 1767 sequitur
350 1719 590 1753 etmoratur.
626 1710 686 1751 llli
711 1711 938 1752 necessario
961 1712 1170 1761 maturius,
1196 1724 1310 1764 quam
1332 1710 1638 1760 constituerant,
1662 1709 1687 1751 3

153 1788 278 1822 castra
304 1787 467 1836 ponunt.
502 1777 706 1821 Suberant
728 1780 829 1820 enim
853 1785 1022 1829 montes,
1049 1786 1166 1832 atque
1189 1793 1210 1819 a
1233 1779 1388 1819 milibus
1412 1792 1596 1833 passuum
1613 1784 1643 1818 V

153 1849 297 1890 itinera
331 1848 499 1889 difficilia
530 1855 645 1901 atque
677 1855 846 1901 angusta
877 1847 1143 1902 excipiebant.
1197 1846 1281 1887 Hos
1313 1854 1468 1887 montes
1490 1846 1642 1887 intrare
1662 1845 1690 1886 4

107 1927 119 1943 ⁷
156 1917 377 1971 cupiebant,
401 1923 444 1956 ut
466 1916 679 1969 equitatum
704 1917 924 1969 effugerent
946 1913 1135 1957 Caesaris
1158 1915 1444 1970 praesidiisque
1462 1915 1502 1955 in
1518 1928 1643 1970 angu-
1692 1957 1699 1963 ι

154 1986 239 2025 stiis
263 1985 466 2025 collocatis
489 1984 708 2024 exercitum
731 1984 873 2024 itinere
896 1984 1172 2037 prohiberent,
1196 1983 1270 2038 ipsi
1293 1984 1378 2024 sine
1400 1983 1575 2037 periculo
1598 1996 1642 2022 ac

154 2054 294 2093 timore
316 2051 509 2092 Hiberum
533 2052 666 2106 copias
688 2053 956 2093 traducerent.
1011 2050 1127 2104 Quod
1152 2053 1220 2092 fnit
1240 2052 1318 2092 illis
1341 2051 1560 2092 conandum
1582 2058 1641 2091 at·
1663 2049 1688 2092 5

154 2133 228 2174 que
250 2120 355 2160 omni
376 2119 533 2161 ratione
555 2119 820 2171 efficiendum3
856 2121 923 2161 sed
958 2121 1076 2161 totius
1099 2119 1173 2161 diei
1196 2134 1326 2173 pugna
1348 2126 1464 2172 atque
1486 2118 1641 2160 itineris

153 2188 288 2229 labore
309 2188 453 2228 defessi
484 2202 568 2228 rem
596 2188 636 2228 in
670 2195 871 2243 posterum
895 2189 995 2229 diem
1018 2188 1268 2229 distulerunt.
1313 2184 1468 2228 Caesar
1489 2200 1641 2241 quoque

153 2257 192 2298 iu
217 2257 398 2313 proximo
421 2255 520 2297 colle
543 2263 673 2297 castra
696 2257 817 2310 ponit.
869 2256 1002 2298 Media
1025 2256 1186 2297 circiter
1206 2263 1321 2297 nocte
1343 2256 1417 2308 iis,
1453 2256 1516 2310 qui
1549 2256 1639 2296 ada·
1662 2254 1718 2299 66

297 2419 318 2453 2
336 2428 399 2449 non
419 2418 437 2451 3
456 2417 557 2459 dett„
579 2428 648 2450 om.
668 2417 815 2461 reliqui.
958 2419 975 2451 5
988 2429 1027 2450 eo
1042 2419 1073 2450 b.
1215 2419 1235 2452 7
1253 2417 1478 2459 magnitudini
1497 2417 1644 2449 [luminis

159 2468 222 2509 ab,
242 2469 484 2509 magnitudinis
504 2469 633 2501 flumini
652 2480 687 2501 u.
828 2470 848 2503 8
867 2470 1043 2502 iudicabat
1062 2471 1091 2502 b.
1247 2470 1444 2502 infirmioris
1464 2480 1499 2502 a.

160 2519 200 2551 13
219 2520 335 2560 paucis
354 2530 374 2551 a
388 2520 447 2551 bc.
624 2520 756 2563 abrepti
775 2520 808 2552 ui
828 2520 973 2551 fluminis
992 2530 1069 2561 ego,
1091 2530 1185 2552 arma
1205 2520 1236 2551 in
1257 2521 1392 2552 flumine
1410 2531 1430 2552 α
1445 2521 1512 2561 bc,·
1530 2521 1563 2552 ui
1585 2522 1643 2553 ssu-

159 2570 258 2601 minis
278 2570 411 2613 abrepti
430 2571 546 2603 Aldus
563 2582 599 2603 u.
743 2572 781 2604 14
801 2572 957 2604 interita
979 2572 1082 2604 ‘Low
1102 2576 1137 2604 et
1153 2572 1172 2605 3
1192 2573 1290 2611 ale'i',
1310 2573 1445 2605 interiit
1461 2584 1497 2604 u.

162 2620 200 2651 17
221 2619 262 2650 ad
281 2619 403 2651 uadum
422 2622 481 2652 lzz'c
495 2624 601 2663 ponit
616 2632 644 2661 c,
662 2625 747 2663 post
765 2622 881 2654 addito
897 2623 970 2664 (¹6)
989 2634 1009 2654 α
1027 2624 1070 2663 (is
1089 2623 1250 2660 adudum)
1273 2624 1453 2665 ‘rele'quz'’.
1573 2624 1646 2655 exi-

161 2676 254 2703 stent
271 2682 304 2702 a.
448 2673 488 2705 18
508 2678 604 2716 ‘quos
623 2674 680 2706 ubi
699 2674 786 2705 uidit
803 2674 879 2706 Asr.
900 2678 982 2707 cett.
1004 2675 1045 2707 b'.
1187 2675 1229 2709 20
1249 2676 1406 2708 constitit
1425 2675 1540 2716 codd.5
1563 2686 1642 2707 con-

161 2724 254 2755 sistit
276 2724 486 2755 ciacconius
505 2736 540 2756 u.
679 2726 717 2759 21
741 2727 897 2758 conantis
912 2727 942 2758 b.
1086 2728 1259 2770 progredi]
1281 2728 1451 2770 proficisci
1467 2728 1498 2759 b.

159 2777 200 2809 22
221 2779 352 2806 montes
371 2774 500 2807 intrare
519 2775 702 2818 cupiebant
719 2787 801 2819 ego,
829 2782 962 2810 montes
987 2779 1078 2811 intra
1103 2789 1140 2810 se
1165 2780 1378 2821 recipiebant
1405 2778 1527 2818 codd.;
1554 2779 1644 2810 intra

161 2830 293 2857 montes
313 2836 348 2856 se
368 2825 580 2868 repriebant
597 2827 713 2859 Aldus
731 2838 766 2859 u.
786 2828 826 2859 P.
848 2828 924 2860 143.
1077 2829 1120 2864 27
1140 2830 1313 2873 Hyberum
1330 2840 1364 2861 α.
1520 2831 1564 2865 28
1583 2830 1642 2862 sed

160 2889 188 2918 c,
211 2882 244 2909 ct
262 2877 408 2918 reliqui.
550 2877 591 2910 30
608 2879 798 2921 proximum
818 2880 937 2912 collem
959 2881 990 2913 b.
1132 2881 1186 2914 his
1205 2891 1238 2922 α,
1261 2882 1308 2913 ‘hi
1327 2881 1387 2913 uel
1404 2881 1426 2913 ii
1447 2881 1497 2913 b’.
