1835 3240
779 152 882 158 —--
944 125 1025 168 162

242 240 361 295 igitur
393 241 479 282 loco
512 242 626 283 etiam
651 242 715 282 illa
738 242 784 281 de
807 242 977 282 aduentu
1000 242 1156 282 Afranii
1179 256 1264 282 cum
1289 242 1512 283 cohortibus
1536 242 1722 296 Hispanis

242 309 393 363 perisse
416 317 455 350 et
476 324 559 350 eam
584 324 682 360 rem,
708 310 795 349 dum
819 306 973 349 Caesar
994 309 1223 362 Pompeium
1246 312 1293 350 ad
1310 310 1595 365 Dyrrhachium
1621 310 1722 350 ohsi-

241 378 369 428 debat,
395 385 546 432 gestam
569 391 656 418 esse
680 377 925 417 statuendum
951 383 1024 417 est.
1068 375 1113 416 In
1135 378 1259 430 primo
1277 384 1316 417 et
1336 380 1508 419 secundo
1527 392 1722 419 commen-

241 447 340 487 tario
363 446 484 487 uerba
507 445 694 499 quaedam
717 445 793 484 alia
815 444 891 484 alio
914 445 999 483 loco
1022 444 1272 495 exciderunt,
1306 445 1482 498 integrae
1503 461 1634 487 rerum
1657 460 1723 502 ge-

239 521 386 555 starum
410 514 660 554 narrationes
682 526 761 551 non
782 512 1000 565 perierunt.

355 581 403 622 C.
433 579 508 630 10,
543 579 569 620 6
600 580 639 619 in
672 580 891 629 mandatis,
928 594 1025 632 quae
1049 577 1203 621 Caesar
1223 579 1397 620 Vibullio
1429 580 1476 620 ad
1498 578 1722 634 Pompeium

239 648 472 703 perferenda
495 648 621 695 dedit,
654 648 748 688 haec
771 648 978 701 leguntur:
1014 649 1192 702 ‘proinde
1214 648 1286 688 sibi
1310 662 1354 688 ac
1377 648 1615 701 reipublicae
1638 662 1723 701 par-

239 724 398 758 cerent:
425 722 610 768 quantum
634 716 674 755 in
695 715 797 755 bello
822 717 978 755 fortuna
1002 724 1148 770 posset,
1172 717 1248 756 iam
1271 717 1345 771 ipsi
1366 717 1620 756 incommodis
1643 716 1724 756 suis

240 786 335 826 satis
359 791 492 824 essent
514 782 775 823 documento‘.
812 781 959 823 Verum
983 784 1203 824 adhortatio
1226 784 1316 824 illa:
1353 784 1451 823 ‘iam
1482 784 1556 837 ipsi
1578 785 1725 824 incom-

239 853 362 893 modis
385 852 467 891 suis
492 851 588 891 satis
615 857 752 890 essent
776 851 1028 891 documento'
1053 851 1099 890 ab
1123 852 1181 891 his
1203 852 1332 892 uerbis
1355 853 1468 905 plane
1492 853 1619 892 aliena
1648 859 1722 892 est.

238 920 375 975 Inepte
395 919 498 959 enim
522 916 676 959 Caesar
687 916 914 972 Pompeium
938 919 1230 969 adhortaretur,
1256 934 1305 960 ne
1328 921 1577 969 documenta,
1604 933 1726 972 quan-

239 997 318 1028 tum
345 989 500 1027 fortuna
522 993 670 1041 posset,
697 986 861 1026 aliorum
887 987 1083 1026 hominum
1107 995 1352 1041 expectaret,
1387 989 1495 1041 quasi
1519 989 1551 1027 si
1575 985 1727 1028 Caesar

239 1063 279 1096 et
299 1054 511 1109 Pompeius
533 1055 675 1095 bellum
699 1067 838 1107 gerere
862 1063 1205 1108 perseuerassent,
1239 1069 1283 1095 ea
1306 1070 1347 1095 rc
1372 1056 1436 1095 alii
1460 1056 1635 1096 homines
1659 1057 1725 1095 do—

239 1131 422 1165 cumento
455 1124 574 1163 futuri
608 1123 802 1172 fuissent,
838 1129 904 1162 aut
935 1123 970 1162 id
1004 1130 1129 1163 actum
1163 1130 1284 1173 esset,
1321 1131 1361 1163 ut
1383 1124 1586 1176 quisquam
1609 1125 1725 1164 docu-

239 1199 371 1232 mento
395 1198 514 1231 esset.
546 1189 684 1244 Itaque
699 1197 791 1230 ante
807 1189 1023 1244 ‘qnantum'
1038 1191 1266 1244 particulam
1282 1191 1399 1231 ‘cum'
1414 1193 1580 1232 inserui.
1607 1189 1723 1232 Com-

239 1259 451 1300 monel'acit
482 1259 584 1299 enim
609 1255 762 1298 Caesar
782 1256 1033 1312 Pompeium,
1069 1259 1101 1298 si
1132 1259 1168 1298 id
1198 1259 1323 1299 adhuc
1351 1260 1544 1300 incertum
1570 1261 1722 1309 fuisset,

239 1335 383 1381 quanta
407 1333 511 1368 esset
532 1327 713 1366 fortunae
738 1327 811 1376 uis,
836 1327 911 1366 iam
936 1327 1019 1367 eius
1043 1326 1098 1367 rei
1123 1328 1227 1380 ipsos
1251 1328 1347 1367 satis
1371 1340 1458 1367 esse
1473 1327 1723 1366 documento.

351 1395 492 1435 Eiusd.
520 1409 553 1434 c.
580 1395 616 1448 §-
644 1392 696 1434 10
718 1394 930 1434 secundum
954 1394 1064 1434 codd.
1091 1395 1325 1447 scripturam
1340 1392 1492 1435 Caesar
1505 1395 1724 1448 pollicetur:

241 1463 368 1505 ‘Haec
391 1478 464 1516 quo
489 1463 640 1502 facilius
654 1461 842 1516 Pompeio
863 1462 1018 1516 probari
1041 1469 1217 1516 possent,
1244 1477 1379 1503 omnes
1402 1477 1492 1503 suas
1517 1471 1727 1504 terrestres

238 1532 470 1585 urbiumque
493 1531 624 1585 copias
648 1528 936 1570 dimissurnm'.
976 1527 1053 1570 Sed
1078 1530 1229 1570 urbium
1253 1532 1386 1584 copiae
1408 1532 1586 1584 quamuis
1608 1546 1631 1571 a
1650 1538 1727 1571 ter-

237 1600 430 1642 restribus
454 1599 624 1639 discerni
647 1598 821 1651 possint,
856 1604 897 1637 ut
918 1597 995 1637 illis
1019 1597 1213 1651 praesidia
1235 1597 1275 1636 in
1297 1598 1458 1637 urbibus
1481 1598 1607 1651 posita
1623 1629 1632 1647 ,
1668 1599 1726 1638 his

238 1669 414 1721 reliquae
436 1667 587 1721 copiae,
623 1679 720 1719 qnae
743 1665 782 1705 in
807 1665 913 1718 agris
937 1671 1049 1712 sunt,
1085 1665 1382 1719 significentur,
1418 1672 1548 1705 tamen
1580 1666 1651 1705 hoc
1672 1666 1725 1706 ita

239 1737 391 1777 demum
423 1742 531 1775 recte
564 1735 628 1783 fit,
662 1748 746 1774 cum
770 1733 910 1772 idonea
933 1733 1136 1785 utriusque
1159 1734 1315 1787 generis
1340 1734 1586 1773 discernendi
1609 1747 1726 1773 causa

239 1811 315 1855 est,
340 1804 450 1844 uelut
472 1818 506 1843 c.
535 1801 602 1851 15,
627 1800 653 1842 6
678 1806 856 1854 ‘quorum
881 1801 981 1840 alter
1002 1801 1130 1854 oppidi
1152 1801 1290 1851 muris,
1317 1802 1416 1842 alter
1429 1801 1634 1854 praesidiis
1650 1808 1727 1841 ter-

239 1871 433 1912 restribus
455 1870 666 1924 praeerat',
693 1883 791 1922 quae
805 1869 1177 1922 uerbainterpretes
1192 1869 1252 1909 hic
1267 1870 1550 1923 ascripserunt.
1577 1868 1726 1921 Quam-

240 1953 353 1992 quam
384 1939 418 1979 is
452 1938 560 1978 locus
592 1952 671 1978 non
704 1937 808 1977 omni
832 1951 883 1977 ex
906 1944 1016 1990 parte
1038 1936 1073 1975 id
1090 1968 1099 1986 ,
1134 1938 1234 1989 quod
1258 1938 1544 1985 concessimus,
1569 1937 1723 1991 probat.

237 2006 341 2048 Nam
366 2021 450 2047 cum
474 2004 663 2056 Oricum,
702 2006 747 2046 de
771 2020 845 2058 qno
866 2005 918 2044 ibi
942 2005 1107 2053 dicitur,
1142 2005 1374 2045 maritimum
1399 2006 1579 2060 oppidum
1602 2012 1724 2055 esset,

239 2075 433 2130 praesidia
456 2075 495 2114 in
519 2075 602 2114 eius
625 2074 747 2114 muris
770 2073 958 2127 disposita
980 2073 1142 2126 quodam
1166 2074 1279 2113 modo
1301 2074 1497 2114 maritima
1520 2081 1646 2113 erant.
1680 2071 1726 2113 In

239 2144 286 2184 iis
310 2151 438 2184 autem
472 2143 619 2192 uerbis,
655 2155 754 2195 quae
776 2141 889 2181 initio
913 2141 1128 2195 posuimus,
1163 2149 1205 2181 ut
1226 2142 1330 2183 nulla
1354 2156 1471 2183 causa
1495 2149 1579 2182 erat
1603 2149 1726 2182 terre-

241 2218 342 2252 stres
366 2211 497 2265 copias
519 2211 558 2250 in
582 2211 655 2250 duo
679 2223 825 2263 genera
858 2208 1088 2259 diducendi,
1129 2209 1181 2247 ita
1215 2210 1495 2250 maritimarum
1529 2210 1726 2263 copiarum

241 2279 561 2320 commemoratio
584 2279 844 2319 desideratur.
888 2274 1024 2329 Itaque
1049 2277 1296 2317 scribendum
1330 2285 1423 2331 puto
1455 2282 1606 2316 ‘omnes
1633 2289 1724 2315 suas

240 2354 455 2387 terrestres
479 2347 716 2400 nauiumque
739 2343 902 2399 copias'.
937 2342 1066 2384 Error
1087 2346 1392 2385 commutatione
1423 2349 1633 2398 peruagata
1664 2343 1725 2383 lit-

241 2421 416 2454 terarum
446 2429 469 2453 u
492 2421 531 2453 et
552 2414 574 2453 b
597 2422 706 2454 ortus
731 2421 804 2455 est.

352 2479 435 2521 Iam
458 2495 574 2534 supra
597 2481 728 2521 monui
751 2481 841 2521 inde
863 2496 884 2520 a
907 2495 942 2520 c.
970 2478 1023 2520 10
1045 2477 1257 2520 Caesarem
1281 2480 1327 2520 ad
1349 2493 1441 2519 suas
1464 2493 1544 2529 res,
1570 2493 1666 2532 quas
1687 2494 1720 2519 c.

239 2548 266 2590 8
286 2549 517 2602 reliquerat,
541 2549 703 2589 reuerti.
734 2547 790 2588 Ibi
814 2548 933 2602 igitur
955 2562 998 2587 se
1010 2547 1223 2588 Vibullium
1246 2547 1319 2597 bis,
1346 2544 1511 2587 Corfinii
1534 2554 1573 2586 et
1594 2547 1632 2586 in
1654 2545 1726 2587 Hi-

241 2617 392 2671 spania,
418 2623 571 2670 captum
595 2623 629 2656 et
654 2616 855 2656 dimissum
880 2629 948 2669 pro
971 2615 1052 2655 suis
1075 2615 1113 2654 in
1137 2629 1221 2654 eum
1245 2614 1444 2654 beneficiis
1466 2615 1644 2655 idoneum
1669 2614 1727 2654 iu-

240 2685 392 2725 dicasse
414 2683 566 2733 scribit,
593 2683 653 2723 cui
675 2684 855 2724 mandata
878 2684 923 2722 ad
946 2681 1172 2736 Pompeium
1196 2683 1430 2736 perferenda
1452 2683 1574 2731 daret,
1602 2694 1724 2735 eaque

240 2752 417 2793 mandata
442 2751 626 2804 deinceps
649 2751 827 2804 exponit.
863 2748 1014 2802 Quibus
1037 2751 1168 2790 statim
1191 2749 1304 2789 initio
1328 2764 1361 2789 c.
1389 2749 1437 2789 11
1465 2750 1558 2790 haec
1580 2749 1723 2790 subici-

241 2827 372 2870 untur,
399 2827 438 2860 ut
461 2820 613 2873 quidem
638 2819 677 2858 in
700 2818 810 2859 codd.
837 2819 982 2872 scripta
1005 2826 1120 2858 sunt:
1149 2816 1330 2858 ‘Bibulus
1345 2818 1403 2858 his
1417 2818 1610 2872 expositis
1623 2815 1723 2858 Cor-
