1835 3240
713 180 1111 221 -21—

172 297 349 339 consulto
382 294 479 334 tradi
512 293 656 344 iubet',
698 294 736 334 b.
772 293 894 333 Alex.
931 291 997 343 10,
1031 293 1059 334 4
1091 297 1228 334 ‘naues
1264 309 1423 345 omnes,
1467 312 1561 350 quas
1591 314 1656 353 pa-

171 372 278 406 ratas
310 362 526 402 habuerant
556 362 603 401 ad
639 361 927 414 nauigandum,
959 361 1314 415 propugnatoribus
1346 363 1653 416 instruxerunt',

171 431 239 480 57,
278 430 297 470 1
343 429 411 470 ‘L.
442 429 598 479 Titius,
641 430 706 481 qui
739 443 785 469 eo
817 436 992 482 tempore
1027 428 1205 469 tribunus
1236 430 1400 469 militum
1435 431 1474 469 in
1502 431 1658 484 legione

171 498 384 540 uernacula
415 498 566 546 fuerat,
610 496 794 536 nuntiat'.
852 495 909 536 De
940 496 979 536 b.
1015 495 1120 536 Gall.
1144 495 1219 547 III,
1253 497 1296 547 7,
1330 498 1356 540 2
1388 493 1541 537 Caesar
1561 500 1659 539 scri-

170 567 250 620 psit
280 564 345 606 6Ρ.
382 562 554 605 Crassus
586 564 817 604 adolescens
847 578 933 603 cum
964 565 1120 617 legione
1149 566 1310 618 septima
1343 567 1523 620 proxime
1553 583 1660 610 mare

172 633 374 675 Oceanum
405 633 444 673 in
464 631 644 672 Andibus
673 631 876 671 hiemarat'
903 632 949 671 de
971 646 1017 672 eo
1042 640 1218 687 tempore
1241 633 1446 686 cogitans,
1481 651 1556 688 quo
1576 636 1660 690 ipse

172 703 218 742 ad
251 702 470 742 exercitum
502 700 625 740 uenit.
683 697 866 740 Sallustii
896 699 1005 739 locos
1044 700 1123 739 uid.
1158 715 1220 754 ap.
1255 699 1385 742 Hritz.
1420 704 1466 742 ad
1495 702 1582 758 lug.
1618 719 1658 759 p.

170 769 268 810 227.
315 767 522 809 Ciceronis
545 768 698 815 locum,
725 781 836 820 quem
861 768 894 807 is
916 767 1124 821 ascripsit,
1157 769 1204 808 de
1227 776 1329 809 orat.
1355 768 1390 820 I,
1415 770 1457 821 7,
1480 771 1537 811 24
1571 771 1661 812 ‘dici

171 837 265 877 mihi
295 836 455 876 memini
482 835 535 875 L.
568 832 757 876 Crassum
790 850 833 876 se
860 836 901 875 in
933 834 1203 876 Tusculanum
1229 838 1469 888 contulisse,
1503 840 1662 880 uenisse

173 905 334 953 eodem,
376 918 493 944 socer
531 903 617 943 eius
651 904 716 956 qui
747 905 899 953 fuerat,
943 902 993 956 Q.
1026 902 1184 944 Mucius
1223 905 1438 946 dicebatur'
1471 907 1544 947 huc
1582 921 1661 947 non

172 973 397 1027 pertinere,
429 986 514 1011 cum
549 969 691 1012 Crassi
721 986 826 1011 uxor
856 986 902 1011 eo
934 979 1109 1025 tempore
1141 980 1294 1013 mortua
1320 974 1440 1015 fuisse
1463 975 1660 1025 uideatur,

170 1040 415 1081 recentiores
457 1037 665 1080 Ciceronis
706 1040 943 1093 interpretes
984 1047 1238 1081 monuerunt.
1301 1040 1409 1083 Idem
1452 1050 1582 1084 tamen
1622 1043 1664 1083 in

172 1107 293 1149 Verr.
319 1106 374 1157 II,
398 1107 470 1157 29,
493 1108 549 1149 72
580 1108 811 1162 ‘peruellem
835 1108 1022 1148 adessent
1042 1109 1093 1157 ii,
1129 1109 1194 1162 qui
1215 1110 1412 1151 affuerant
1431 1118 1551 1151 antea
1573 1125 1664 1150 cau-

172 1189 332 1230 samque
362 1177 590 1230 eognorant'
609 1207 619 1226 ,
653 1183 690 1216 et
724 1177 770 1216 de
793 1183 895 1216 orat.
920 1174 974 1226 ΙΙ,
998 1175 1040 1226 7,
1064 1174 1120 1217 20
1152 1179 1363 1231 ‘praecisa,
1396 1178 1538 1232 inquit,
1571 1179 1664 1219 mihi

173 1244 359 1284 dubitatio
383 1251 457 1294 est,
491 1245 674 1297 quoniam
698 1258 822 1297 neque
846 1245 948 1284 domi
970 1246 1221 1299 imperaram,
1256 1254 1295 1287 et
1317 1247 1396 1297 1110,
1430 1247 1530 1301 apud
1551 1261 1664 1300 quem

173 1326 280 1353 eram
304 1313 456 1352 futurus
473 1343 482 1359 ,
518 1320 595 1352 tam
619 1313 730 1353 l'aeile
753 1312 943 1367 promisit'
974 1314 1394 1368 plusquamperfectum
1416 1315 1559 1368 posuit,
1594 1329 1664 1368 pro

173 1396 248 1434 quo
283 1388 469 1420 accurata
499 1381 626 1421 oratio
659 1383 875 1434 perfectum
908 1382 1146 1433 requirebat.
1192 1380 1272 1421 Sed
1305 1382 1458 1436 uulgari
1483 1396 1666 1422 sermone

175 1449 248 1488 1100
279 1462 403 1501 genus
435 1449 725 1501 frequentatum
756 1462 845 1488 esse
877 1448 1087 1490 Vitruuius
1119 1450 1314 1499 ostendit,
1349 1451 1412 1503 qui
1444 1451 1667 1504 plusquam-

174 1519 390 1571 perfectum
431 1524 470 1556 et
500 1530 571 1569 pro
602 1517 832 1570 imperfecto
865 1524 904 1556 et
934 1530 1002 1570 pro
1036 1517 1212 1570 perfecto
1244 1524 1283 1557 et
1310 1518 1351 1558 in
1381 1519 1487 1558 omni
1518 1532 1667 1572 genere

173 1586 458 1626 sententiarum
482 1584 612 1637 posuit
633 1581 704 1634 (II,
729 1586 853 1637 praef.
881 1584 919 1623 1.
945 1582 1020 1634 IV,
1049 1584 1086 1634 1,
1110 1584 1152 1625 2.
1179 1583 1272 1635 VII,
1297 1585 1476 1639 praef.5.
1504 1601 1539 1626 0.
1556 1587 1595 1636 5,
1622 1586 1662 1626 5.

172 1653 215 1704 7,
243 1654 280 1693 I.
315 1651 429 1702 VIII,
455 1652 495 1701 3,
520 1650 589 1692 25.
630 1649 709 1700 IX,
733 1651 775 1701 9,
800 1651 841 1692 2.
875 1649 933 1701 Χ,
957 1651 999 1701 2,
1029 1650 1095 1691 11.
1123 1650 1190 1691 15.
1228 1652 1293 1700 13,
1318 1653 1359 1693 2.
1386 1652 1427 1694 6.
1464 1654 1531 1705 15,
1555 1655 1597 1695 2.
1622 1655 1663 1695 3.

172 1722 213 1762 4.
248 1720 288 1761 5.
320 1720 361 1761 6.
387 1720 427 1760 7.
465 1718 531 1767 16,
556 1716 597 1757 3.
622 1718 662 1758 4.
687 1719 728 1760 9.
758 1718 825 1760 10.
853 1719 939 1771 11).
984 1717 1082 1760 Ιῑο111
1114 1734 1167 1760 ex
1188 1720 1340 1774 uulgari
1363 1736 1544 1763 sermone
1567 1724 1668 1763 asci-

173 1796 253 1829 tum
285 1788 458 1829 arbitror
490 1787 783 1828 coniunctiuum
813 1788 853 1827 in
886 1788 1092 1829 enuntiato
1122 1788 1289 1829 relatiuo
1315 1790 1401 1830 sine
1424 1805 1541 1831 causa
1565 1791 1668 1844 posi-

175 1865 255 1898 tum
288 1858 326 1897 11.
361 1857 387 1896 1.
422 1854 475 1896 35
506 1856 560 1895 111.
599 1853 748 1910 ‘Scipio
784 1857 926 1910 quique
955 1871 1041 1897 eum
1079 1871 1125 1897 eo
1157 1857 1303 1898 essent⁷
1327 1865 1366 1899 et
1386 1858 1457 1908 77,
1484 1858 1504 1899 1
1545 1859 1670 1900 ‘The-

173 1925 372 1965 banenses
405 1925 585 1974 interim,
619 1925 683 1977 qui
715 1925 786 1966 sub
820 1926 974 1966 dicione
1007 1932 1047 1965 et
1078 1931 1272 1978 potestate
1301 1924 1421 1967 Iubae
1454 1940 1542 1967 esse
1575 1942 1668 1967 con-

174 2000 374 2042 suessent,
399 1994 551 2046 legatos
566 1994 613 2033 ad
628 1990 843 2034 Caesarem
858 1993 1048 2034 mittunt’.
1072 1991 1289 2034 Praeterea
1306 2008 1329 2034 a
1343 1995 1530 2048 peculiari
1547 1994 1670 2036 Hirtii

175 2062 459 2102 consuetudine
503 2061 598 2102 llaec
640 2062 861 2102 discedunt.
921 2059 1169 2102 Constanter
1207 2062 1248 2101 in
1290 2062 1364 2102 1100
1395 2063 1495 2103 libro
1527 2064 1671 2104 dicitur

175 2129 396 2170 ‘conuallis'
429 2128 490 2182 (7,
512 2128 553 2169 6.
589 2128 658 2181 50,
687 2131 705 2170 1
730 2131 805 2171 bis.
830 2130 870 2170 2.
905 2129 976 2179 66,
1001 2130 1070 2182 2);
1108 2129 1261 2171 Hirtius
1293 2144 1448 2185 semper
1478 2131 1666 2182 ‘uallem',

175 2195 328 2239 Caesar
358 2199 450 2239 illud
481 2198 539 2239 bis
569 2199 699 2252 posuit
727 2198 784 2249 (b.
820 2197 926 2239 Gall.
960 2197 1036 2248 ΙΙΙ,
1068 2197 1141 2249 20,
1173 2199 1200 2239 4
1221 2206 1261 2239 et
1283 2198 1336 2249 V,
1368 2198 1438 2250 32,
1471 2199 1531 2251 2).
1575 2199 1669 2241 Hir-

175 2267 270 2306 tium
302 2267 469 2307 uidimus
500 2281 655 2321 semper
681 2266 939 2321 ‘priusquam'
961 2281 1135 2322 ponere,
1169 2281 1379 2320 numquam
1403 2267 1666 2321 ‘antequam'z

174 2334 268 2374 illud
300 2334 362 2374 hie
392 2334 537 2389 legitur
558 2335 600 2386 4,
625 2335 665 2375 3.
700 2334 770 2385 40,
793 2334 836 2385 2,
871 2336 944 2375 1100
967 2333 1036 2386 50,
1063 2335 1101 2375 1.
1137 2334 1207 2385 74,
1231 2334 1272 2376 2.
1306 2334 1376 2385 92,
1404 2334 1442 2375 1.
1486 2335 1555 2376 Ex
1577 2350 1671 2376 eon-

176 2402 339 2442 cessiuis
363 2402 565 2456 particulis
590 2417 706 2443 unam
728 2404 768 2443 in
792 2404 865 2444 1100
886 2403 987 2444 libro
1010 2403 1233 2444 inuenimus
1257 2403 1519 2457 ‘quamquam'
1540 2402 1600 2455 (6,
1624 2402 1666 2445 2.

177 2468 245 2519 31,
281 2469 305 2510 3
338 2478 377 2511 et
406 2470 448 2510 7.
486 2470 555 2521 88,
590 2471 650 2525 5).
707 2470 974 2525 ‘Postqua1n',
1013 2471 1114 2525 quod
1153 2472 1194 2511 in
1234 2471 1336 2512 libro
1377 2478 1518 2512 octauo
1550 2472 1596 2512 de
1627 2472 1667 2511 b.

178 2536 282 2578 Gall.
317 2553 533 2592 nusquam,
567 2540 607 2580 in
638 2541 676 2580 b.
709 2539 833 2580 Alex.
866 2547 1005 2594 quater
1034 2540 1112 2593 legi
1135 2541 1294 2588 notaui,
1329 2541 1390 2580 1110
1412 2540 1476 2580 uel
1498 2540 1670 2580 maxime

178 2606 449 2659 frequentatur
470 2608 514 2659 (3
535 2608 590 2648 in.
617 2607 658 2657 5,
686 2608 725 2649 1.
759 2607 802 2659 6,
827 2608 867 2648 4.
903 2607 973 2656 37,
999 2608 1038 2648 1.
1078 2607 1148 2658 38,
1176 2608 1196 2648 1
1227 2616 1266 2649 et
1286 2608 1327 2648 4.
1361 2606 1431 2658 39,
1456 2608 1496 2647 4.
1531 2607 1600 2657 40,
1627 2608 1665 2648 5.

178 2673 247 2722 44,
273 2674 313 2715 3.
356 2674 426 2726 48,
449 2675 477 2717 2
499 2685 537 2717 et
558 2676 600 2717 4.
634 2676 770 2728 49,1.
805 2674 875 2725 50,
897 2677 940 2717 4.
976 2676 1045 2727 57,
1073 2676 1110 2717 1.
1145 2675 1215 2725 68,
1242 2677 1268 2717 2
1290 2684 1330 2717 et
1351 2676 1391 2717 3.
1425 2675 1495 2725 73,
1521 2675 1561 2716 5.
1597 2675 1667 2724 75,

180 2739 220 2778 2.
253 2740 388 2790 76,1.
430 2742 500 2793 78,
526 2743 551 2784 3
574 2752 613 2785 et
632 2744 673 2785 7.
716 2744 787 2795 79,
815 2744 853 2785 1.
898 2743 968 2795 80,
993 2744 1034 2784 4.
1078 2743 1148 2794 81,
1176 2744 1215 2785 1.
1249 2744 1320 2795 83,
1353 2744 1390 2784 1.
1424 2744 1559 2793 84,1.
1595 2742 1666 2792 85,

180 2806 205 2847 3
228 2808 312 2848 014
334 2817 373 2850 et
392 2810 433 2850 5.
477 2810 547 2861 86,
572 2812 611 2853 3.
657 2810 727 2860 87,
751 2812 794 2853 4.
828 2811 900 2863 91,
923 2813 948 2853 4
971 2820 1011 2853 et
1031 2812 1072 2852 5.
1106 2811 1178 2861 93,
1202 2813 1271 2865 3):
1309 2813 1405 2853 ‘ubi'
1428 2812 1573 2866 legitur
1593 2810 1665 2861 29,

179 2872 219 2914 4.
253 2873 321 2926 39,
346 2874 386 2918 5.
420 2877 489 2930 40,
513 2878 555 2920 4.
589 2880 661 2931 41,
685 2877 726 2921 3.
760 2880 831 2933 75,
855 2882 897 2923 4.
931 2879 1001 2933 78,
1025 2880 1051 2922 4
1072 2888 1112 2922 et
1134 2880 1172 2923 5.
1203 2879 1271 2929 87,
1298 2880 1335 2921 l.
1369 2878 1440 2930 91,
1465 2879 1514 2920 4:
1550 2879 1667 2932 parti-
