1835 3240
640 175 1064 217 -211—

109 291 175 333 bet
194 289 430 344 Lilybaeum
461 289 510 329 ad
542 288 735 342 reliquum
758 290 977 329 exercitum
1000 292 1345 344 transportandum
1369 296 1593 349 proficisci',

111 371 297 399 numerus
321 356 476 396 nauium
501 356 615 396 nimis
640 357 809 411 exiguus
832 365 906 397 est.
954 355 1141 411 Singulas
1170 359 1271 398 enim
1296 375 1417 401 naues
1440 363 1599 405 circiter

111 426 302 465 ducentos
325 425 469 464 milites
493 424 701 464 sustulisse
733 438 785 464 ex
808 422 927 465 Caes.
955 426 994 465 b.
1021 423 1125 465 Gall.
1152 424 1225 476 IV,
1260 425 1313 468 37
1335 429 1389 468 in.
1408 460 1418 479 ,
1454 430 1491 470 b.
1518 432 1596 472 ciu.

108 492 184 542 HI,
210 492 279 542 28,
305 492 328 530 3
352 499 526 545 apparet.
566 489 614 532 C.
636 491 688 532 53
711 499 840 532 autem
865 493 902 532 11.
929 493 955 531 1.
982 493 1081 532 duae
1103 493 1283 546 legiones
1297 494 1484 537 Caesaris
1507 512 1601 539 one-

111 560 228 600 rariis
253 560 418 599 nauibus
441 574 462 599 a
477 558 611 599 Sicilia
635 560 834 613 profectae
857 573 946 600 esse
969 560 1161 600 dicuntur.
1199 560 1308 614 Quot
1329 578 1452 604 naues
1475 564 1514 604 in
1537 562 1600 605 Si-

111 628 239 668 ciliani
254 628 398 668 missae
412 630 506 677 sint,
532 627 693 667 definire
717 627 939 680 nequimus,
966 641 1067 677 cum,
1093 643 1167 681 quo
1191 644 1354 671 numero
1370 632 1462 672 illae
1479 632 1602 687 legio—

114 709 182 736 nes
206 696 367 745 fuerint,
394 710 472 736 non
495 702 711 735 teneamus.
738 693 816 735 Sed
839 695 931 735 mihi
959 696 1176 737 uerisimile
1194 698 1349 739 uidetur
1370 714 1392 739 a
1409 700 1603 754 scriptore

113 764 259 803 nullum
276 765 430 803 nauium
454 777 657 803 numerum
676 776 764 803 esse
787 764 953 816 positum
976 770 1016 804 et
1037 772 1167 805 notam
1192 766 1342 807 senarii
1364 769 1517 809 numeri
1538 783 1598 810 re-

112 832 230 884 petita
251 839 430 872 extrema
447 831 597 885 syllaba
618 831 834 885 superioris
858 832 1038 872 uocabuli
1060 839 1185 872 ortam
1209 846 1314 875 esse.

227 899 366 939 Eiusd.
393 914 427 939 0.
454 901 489 950 ξ.
515 898 539 938 3
564 899 658 938 haec
682 899 925 939 edebantur:
958 899 1050 940 ‘Hic
1074 915 1232 955 campus
1255 903 1421 944 mirabili
1443 905 1606 958 planitie

114 974 221 1020 patet
241 967 347 1007 milia
368 981 552 1020 passuum
576 964 683 1006 XII:
709 981 822 1020 quem
845 967 978 1022 iugum
1000 969 1140 1023 ingens
1163 983 1185 1008 a
1206 971 1304 1010 mari
1327 979 1455 1011 ortum
1479 987 1606 1026 neque

113 1035 167 1075 ita
192 1036 407 1088 praealtum
431 1035 540 1075 uelut
563 1035 705 1075 theatri
729 1035 845 1075 efficit
866 1036 1066 1089 speciem'.
1106 1035 1252 1090 Ingens
1276 1038 1406 1091 iugum
1421 1038 1606 1082 Clarkius

114 1103 155 1142 in
175 1103 459 1156 longitudinem
481 1103 557 1143 dici
580 1103 859 1153 existimabat3
885 1117 983 1156 quae
1004 1104 1210 1157 longitudo
1228 1106 1387 1146 definita
1401 1107 1475 1146 iam
1492 1115 1602 1149 erat:

117 1184 240 1223 neque
263 1172 364 1211 enim
386 1172 518 1224 iugum
542 1171 698 1224 longius
721 1178 807 1210 erat
838 1185 952 1223 quam
984 1171 1180 1224 planities.
1245 1170 1323 1214 Sed
1355 1175 1481 1228 qualis
1513 1176 1608 1217 haec

118 1238 243 1277 oratio
284 1246 368 1279 est:
414 1239 546 1292 iugum
577 1252 755 1291 campum
797 1239 942 1279 theatri
974 1240 1144 1294 speciem
1177 1241 1322 1281 efficit?
1381 1239 1609 1298 Scripserat

116 1313 254 1346 auctor
277 1311 405 1359 ‘quem
427 1307 560 1361 iugum
583 1307 777 1360 cingens'.

231 1373 390 1414 Initium
413 1388 447 1413 e.
474 1373 528 1414 38
549 1374 606 1414 sic
629 1374 843 1413 edebatur:
872 1372 1043 1415 ‘Caesar
1063 1376 1111 1415 ad
1132 1376 1282 1429 iugum,
1308 1378 1354 1418 de
1377 1393 1453 1432 quo
1476 1380 1607 1432 docui,

120 1443 297 1482 ascendit
317 1449 432 1495 atque
464 1442 504 1482 in
527 1455 841 1494 unumquemque
872 1441 1009 1481 collem
1043 1449 1173 1483 turres
1206 1445 1446 1499 castellaque
1477 1448 1610 1489 facere

121 1510 276 1563 coepit'.
322 1508 382 1549 De
404 1510 633 1549 accusatiuo
668 1509 731 1548 ‘in
765 1523 1079 1562 unumquemque
1102 1512 1263 1551 collem'
1296 1520 1431 1566 postea
1463 1515 1613 1556 uidebi-

121 1593 232 1619 mus:
268 1579 343 1619 iam
368 1575 582 1617 Caesarem
616 1583 745 1616 turres
777 1577 817 1616 in
849 1591 1082 1630 unoquoque
1112 1579 1209 1619 colle
1237 1581 1380 1622 fecisse
1404 1597 1609 1636 negamus.

121 1647 276 1687 Turres
299 1646 401 1686 enim
425 1644 545 1684 fuisse
567 1644 607 1682 in
630 1643 793 1683 collibus
816 1651 998 1685 extremo
1021 1659 1108 1699 sup.
1142 1660 1227 1701 cap.
1262 1649 1502 1690 declaratum
1526 1659 1610 1693 est:

123 1714 185 1754 ‘In
208 1715 279 1754 hoc
302 1714 393 1766 iugo
417 1711 537 1751 colles
560 1717 654 1750 sunt
676 1712 826 1752 excelsi
856 1713 991 1765 pauci,
1024 1713 1064 1753 in
1096 1714 1235 1769 quibus
1270 1717 1449 1770 singulae
1482 1726 1613 1760 turres

120 1782 378 1835 speculaeque
401 1780 580 1832 singulae
603 1786 833 1832 perueteres
856 1788 969 1820 erant
992 1781 1237 1831 collocatae',
1267 1785 1382 1838 idque
1407 1789 1615 1828 confirma-

120 1848 450 1890 turinferioribus
473 1846 607 1886 uerbis
625 1852 844 1900 ‘postquam
868 1863 945 1889 non
968 1850 1023 1889 ita
1044 1849 1160 1903 longe
1182 1851 1228 1891 ab
1252 1853 1386 1894 ultimo
1408 1856 1507 1896 colle
1531 1864 1615 1897 tur-

121 1918 233 1971 rique
257 1916 339 1956 fuit'
364 1921 458 1955 cett.
502 1914 625 1968 Atqui
647 1915 686 1954 in
709 1913 826 1955 Leid.
851 1930 909 1969 pr.
936 1924 976 1956 et
997 1915 1086 1957 Pet.
1112 1933 1192 1959 non
1218 1923 1394 1972 ‘turres'‚
1422 1925 1491 1964 sed
1517 1929 1616 1966 ‘tur-

121 1987 217 2026 rem'
241 1984 427 2037 scriptum
451 1990 524 2023 est.
568 1981 663 2022 Non
687 1983 862 2024 dubitaui
885 1985 1023 2038 igitur,
1049 1986 1139 2038 quin
1164 1989 1319 2041 copula,
1352 2005 1451 2044 quae
1474 1993 1617 2034 castel-

122 2055 170 2094 lis
193 2053 434 2106 adiungitur‚
462 2051 700 2105 transposita
714 2052 874 2092 baecita
892 2053 1101 2094 scribenda
1119 2063 1269 2097 essent:
1291 2058 1344 2098 ‘in
1360 2073 1616 2114 unumquem-

124 2136 198 2175 que
222 2121 360 2161 collem
382 2127 609 2172 turremque
632 2120 794 2160 castella
827 2123 959 2161 facere
994 2122 1151 2176 coepit'.
1196 2124 1462 2168 Accusatiuus
1485 2137 1616 2170 autem

125 2188 405 2244 praepositioni
440 2187 526 2227 ‘in'
561 2188 793 2228 coniunctus
826 2189 1141 2231 distributionem
1173 2192 1379 2246 designat,
1425 2197 1617 2250 nobisque

126 2260 222 2299 haec
244 2259 298 2297 ita
320 2258 509 2297 uertenda
532 2263 689 2297 essent:
729 2257 863 2310 ‘hiigel
886 2259 950 2297 fiir
972 2259 1089 2313 hiigel
1111 2261 1187 2299 und
1212 2261 1338 2301 tburm
1369 2263 1431 2302 fiir
1452 2265 1614 2306 thurm'.

124 2326 274 2376 Pauca,
293 2333 333 2365 ut
346 2326 688 2378 frequentissimae
700 2325 886 2376 rationis,
903 2328 1086 2381 exempla
1100 2328 1280 2382 ascripsi.
1299 2328 1387 2371 Cic.
1402 2333 1447 2372 de
1462 2333 1613 2374 inuent.

91 2411 93 2413 ’
125 2393 160 2444 1,
186 2395 252 2445 12,
283 2393 333 2434 16
357 2394 555 2447 ‘exempla
577 2400 707 2433 autem
730 2393 920 2446 cuiusque
941 2394 1102 2448 generis
1129 2403 1208 2435 tum
1231 2400 1473 2441 commodius
1496 2415 1619 2456 expo-

128 2463 239 2503 situri
263 2463 455 2512 uidemur,
481 2476 565 2502 cum
588 2462 628 2501 in
651 2461 954 2514 unumquodque
977 2477 1111 2503 eorum
1132 2474 1453 2519 argumentorum
1467 2471 1619 2524 copiam

130 2531 333 2581 dabimus',
358 2529 398 2570 ΙΙ
413 2562 422 2580 ,
448 2530 472 2570 3
489 2560 499 2579 ,
536 2529 583 2569 11
611 2534 731 2568 ‘nunc
754 2537 885 2569 certos
909 2532 1165 2572 confirmandi
1188 2541 1226 2574 et
1247 2537 1558 2589 reprehendendi
1579 2539 1621 2578 in

132 2598 285 2651 singula
306 2612 513 2639 causarum
536 2610 682 2652 genera
704 2597 813 2639 locos
836 2599 1048 2639 tradendos
1071 2600 1338 2653 arbitramur'3
1364 2605 1412 2644 ad
1429 2605 1517 2646 Att.
1539 2603 1618 2656 XI,

131 2664 210 2713 522,
243 2665 270 2704 2
302 2667 471 2707 ‘itinera
503 2665 605 2705 enim
636 2664 691 2704 ita
722 2666 840 2716 facit,
872 2673 915 2706 ut
936 2667 1077 2708 multos
1100 2669 1182 2709 dies
1204 2670 1243 2709 in
1268 2671 1448 2724 oppidum
1471 2672 1618 2727 ponat'3

134 2730 267 2772 Planc.
292 2734 338 2772 ad
360 2731 447 2774 Cic.
471 2732 584 2773 Fam.
609 2731 667 2782 X,
693 2733 762 2783 24,
791 2734 810 2773 1
837 2736 983 2776 ‘facere
1006 2751 1083 2777 non
1106 2752 1279 2791 possum,
1309 2740 1400 2792 quin
1424 2741 1464 2780 in
1486 2741 1620 2793 singu-

134 2801 190 2839 las
214 2813 277 2839 rcs
300 2801 517 2854 meritaque
539 2809 606 2842 tua
628 2802 699 2842 tibi
721 2802 870 2856 gratias
892 2803 1036 2857 agam'.
1063 2804 1212 2846 Verum
1237 2805 1309 2846 hoc
1332 2808 1443 2847 modo
1467 2808 1622 2848 defendi

136 2874 405 2920 nonpossunt‚
430 2882 573 2921 quaec.
590 2867 661 2920 68,
684 2869 712 2911 2
732 2871 932 2923 leguntur,
962 2873 1119 2913 ‘castris
1145 2887 1198 2913 ex
1211 2887 1345 2926 campo
1369 2875 1408 2914 in
1424 2875 1560 2916 collem
1575 2889 1621 2916 ac

1262 2941 1336 2980 14*
