1835 3240
94 933 134 965 10

96 1273 133 1304 15

94 1610 140 1641 20

624 198 809 242 COMM.
834 198 853 240 I
893 197 1017 241 CAP.
1039 199 1188 241 2—3.
1641 203 1724 245 257

166 317 202 356 di
225 314 350 368 cupidi
373 327 514 367 magno
538 313 673 354 dolore
695 313 991 354 adliciebantur.
1044 312 1124 353 Pro
1152 312 1399 353 multitudine
1421 320 1548 354 autem
1582 316 1650 357 bo-
1672 323 1696 359 5

165 383 307 423 minum
340 389 379 422 et
409 396 476 436 pro
508 382 635 436 gloria
656 381 745 422 belli
771 389 886 435 atque
910 380 1149 421 fortitudinis
1172 388 1363 434 angustos
1387 395 1431 421 se
1462 382 1548 421 finis
1581 383 1648 424 ha—

168 451 261 491 bere
290 450 609 500 arbitrabantur,
643 449 704 503 qui
737 450 775 489 in
808 449 1091 504 longitudinem
1124 449 1232 490 milia
1263 463 1450 503 passuum
1473 456 1589 490 CCXL
1610 452 1650 492 in

166 518 406 558 latitudinem
457 525 613 557 CLXXX
651 517 852 571 patebant.
917 516 988 556 His
1031 517 1147 557 rebus
1191 517 1346 558 adducti
1397 524 1435 557 et
1477 520 1648 560 auctori·
1670 521 1697 565 3

169 593 250 627 tate
269 584 520 640 Orgetorigis
543 585 706 640 permoti
732 586 1020 625 constituerunt
1041 599 1102 634 ea,
1137 599 1236 638 quae
1258 586 1306 625 ad
1326 585 1652 639 proficiscendum

166 654 429 708 pertinerent,
455 667 699 708 comparare,
725 653 986 693 iumentorum
1010 659 1049 693 et
1070 666 1270 693 carrorum
1295 668 1408 707 quam
1439 656 1654 696 maximum

166 736 367 763 numerum
392 727 595 772 coe'mere,
622 728 820 762 sementes
844 734 957 774 quam
980 721 1174 761 maximas
1199 722 1351 768 facere,
1385 722 1488 762 utin
1509 723 1653 764 itinere

166 791 277 845 copia
302 790 485 830 frumenti
509 796 749 844 suppeteret,
776 803 861 829 cum
885 789 1076 843 proximis
1095 789 1321 830 ciuitatibus
1343 804 1478 844 pacem
1497 797 1536 831 et
1560 792 1655 832 ami-

166 858 298 898 citiam
330 859 578 899 confirmare.
633 857 695 897 Ad
728 871 795 898 eas
827 871 891 897 res
924 857 1188 897 conficiendas
1221 857 1421 898 biennium
1451 859 1527 899 sihi
1557 859 1654 902 satis
1675 865 1702 902 2

166 939 256 966 esse
289 926 513 966 duxerunt:
548 926 585 965 in
619 925 775 965 tertium
807 939 950 965 annum
979 925 1262 979 profectionem
1285 925 1370 979 lege
1403 927 1652 968 confirmant.

166 992 228 1033 Ad
260 1007 326 1034 eas
359 1008 422 1034 res
456 994 718 1034 conficiendas
743 990 964 1047 Orgetorix
996 993 1196 1048 deligitur.
1249 992 1290 1033 Is
1314 994 1385 1035 sibi
1416 995 1654 1049 legationem
1676 1001 1700 1038 3

164 1061 212 1101 ad
235 1061 415 1102 ciuitates
438 1063 627 1116 suscepit.
672 1060 718 1101 In
742 1076 788 1101 eo
810 1062 955 1101 itinere
977 1061 1187 1114 persuadet
1217 1059 1379 1103 Castico
1394 1094 1404 1113 ‚
1440 1061 1654 1105 Cataman-
1676 1070 1702 1106 4

165 1129 331 1169 taloedis
362 1129 464 1179 filio,
501 1127 709 1183 Sequano,
744 1130 853 1170 cuius
883 1136 995 1183 pater
1024 1143 1189 1182 regnum
1221 1130 1261 1170 in
1285 1127 1482 1184 Sequanis
1514 1132 1656 1172 multos

167 1211 292 1237 annos
325 1198 551 1251 optinuerat
592 1206 632 1238 et
658 1213 681 1239 a
714 1206 855 1239 senatu
885 1198 1013 1252 populi
1044 1197 1217 1238 Romani
1247 1200 1395 1240 amicus
1437 1200 1656 1254 appellatus

166 1272 263 1314 erat,
289 1272 332 1305 ut
353 1279 516 1320 regnum
538 1266 578 1306 in
599 1266 761 1306 ciuitate
784 1280 856 1306 sua
879 1273 1108 1319 occuparet,
1143 1267 1243 1320 quod
1266 1274 1379 1321 pater
1399 1275 1490 1308 ante
1511 1268 1657 1308 habue-

167 1340 252 1384 rat3
275 1332 445 1386 itemque
469 1332 701 1388 Dumnorigi
727 1333 891 1374 Haeduo
907 1365 916 1383 ‚
945 1335 1055 1374 fratri
1077 1333 1263 1375 Diuitiaci
1281 1367 1290 1385 ‚
1327 1337 1390 1390 qui
1413 1350 1458 1377 eo
1482 1343 1656 1391 tempore
1680 1343 1704 1379 5

168 1400 426 1454 principatum
458 1401 498 1440 in
527 1401 686 1442 ciuitate
715 1401 916 1456 optinehat
942 1416 987 1442 ac
1021 1403 1192 1442 maxime
1214 1403 1313 1457 plebi
1336 1411 1520 1458 acceptus
1552 1412 1655 1455 erat,

170 1475 212 1507 ut
232 1468 331 1508 idem
356 1476 591 1519 conaretur,
629 1471 837 1523 persuadet
867 1470 980 1522 eique
1012 1470 1129 1510 filiam
1163 1484 1273 1511 suam
1296 1471 1335 1511 in
1366 1472 1659 1513 matrimonium

170 1536 249 1575 dat.
294 1534 493 1576 Perfacile
525 1537 628 1576 sactu
653 1551 742 1578 esse
765 1538 841 1578 illis
873 1537 1010 1590 prohat
1031 1545 1171 1578 conata
1194 1539 1407 1592 perficere,
1449 1548 1659 1595 propterea
1681 1546 1705 1583 6

172 1603 274 1656 quod
296 1603 378 1657 ipse
401 1617 494 1643 suae
517 1605 690 1644 ciuitatis
722 1605 927 1659 imperium
949 1612 1184 1658 optenturus
1205 1614 1338 1647 esset:
1370 1622 1449 1648 non
1472 1622 1560 1649 esse
1591 1609 1659 1649 du·
1682 1615 1707 1651 7

167 1670 286 1720 bium,
312 1672 404 1723 quin
426 1672 546 1712 totius
560 1670 713 1713 Galliae
736 1673 941 1727 plurimum
965 1673 1141 1714 Heluetii
1164 1682 1348 1727 possent3
1375 1689 1418 1716 se
1440 1676 1521 1717 suis
1535 1677 1658 1731 copiis

170 1752 319 1791 suoque
342 1740 521 1780 exercitu
542 1740 619 1781 illis
642 1754 764 1795 regna
787 1742 1085 1782 conciliaturum
1109 1742 1329 1783 confirmat.
1374 1742 1460 1785 Hac
1479 1745 1659 1786 oratione
1680 1744 1707 1787 8

164 1806 322 1847 adducti
344 1808 448 1847 inter
471 1821 514 1847 se
536 1808 648 1849 fidem
673 1816 712 1849 et
734 1810 1004 1850 iusiurandum
1028 1810 1120 1850 dant
1142 1817 1177 1850 et
1210 1824 1334 1864 regno
1369 1820 1560 1868 occupato
1590 1828 1660 1868 per

168 1881 249 1915 tres
272 1875 565 1929 potentissimos
588 1891 633 1917 ac
656 1876 901 1919 firmissimos
923 1878 1086 1933 populos
1110 1879 1230 1919 totius
1251 1877 1406 1921 Galliae
1429 1895 1518 1922 sese
1541 1881 1658 1936 potiri

278 2024 291 2056 1
313 2024 566 2057 adliciebantur
584 2026 656 2058 AB
671 2026 707 2058 C.
859 2026 995 2070 autem]
1016 2028 1104 2060 euim
1123 2039 1169 2060 m.
1189 2030 1308 2072 καί.
1459 2032 1481 2066 2
1502 2030 1659 2063 fortitudi

168 2078 204 2106 et
222 2077 318 2106 inter
335 2086 460 2107 uersus
480 2076 578 2119 niss.
721 2078 797 2109 finis
816 2089 932 2120 m.pr.
954 2080 998 2111 A.
1139 2080 1158 2112 3
1176 2081 1392 2122 longitudine
1415 2082 1456 2115 C.
1589 2082 1658 2113 mit'

169 2126 250 2166 AB,
272 2126 363 2158 inille
381 2128 535 2169 DEseb
551 2139 711 2171 snprase.
735 2129 767 2160 ia
788 2129 832 2170 C,
860 2129 997 2163 milibus
1019 2131 1049 2162 b.
1189 2132 1413 2165 ducentorum
1433 2134 1660 2177 quadraginta

169 2180 200 2209 J)
213 2180 254 2210 Ε.
411 2181 428 2212 4
450 2181 514 2212 hiis
536 2182 575 2213 Ε.
732 2183 749 2214 5
770 2182 1015 2224 proficiendum
1034 2184 1078 2224 E,
1099 2184 1340 2226 perficiendum
1360 2187 1405 2219 D.
1570 2188 1587 2220 7
1608 2197 1661 2218 se-

167 2230 290 2262 mentis
309 2233 392 2262 ante
411 2242 504 2264 corr.
515 2234 555 2274 s.
696 2233 714 2265 9
742 2237 778 2265 et
805 2233 840 2266 11
868 2244 903 2265 re
923 2234 1049 2266 addita
1068 2245 1114 2266 m.
1131 2246 1190 2277 pr.
1211 2248 1226 2268 5
1244 2238 1288 2268 A.
1447 2239 1465 2271 9
1486 2238 1659 2270 biennium

167 2292 236 2313 om.
252 2284 288 2315 C.
480 2284 517 2317 10
537 2285 699 2318 dixerunt
722 2289 881 2328 ascripto
900 2296 946 2317 m.
965 2297 1021 2328 pr.
1040 2287 1214 2319 duxerunt
1243 2289 1270 2321 C
1289 2293 1323 2321 et
1341 2301 1416 2322 vum
1435 2302 1455 2323 u
1473 2301 1582 2333 super
1599 2292 1656 2334 is.

311 2336 450 2368 tertiam
469 2347 615 2370 annuam
637 2339 673 2377 C,
695 2339 798 2370 tertio
818 2339 954 2381 annos.
1101 2340 1135 2372 11
1159 2351 1214 2373 res
1234 2343 1486 2376 confirmandas
1507 2345 1538 2376 b.

168 2384 390 2429 delegiturf,
421 2389 559 2429 eligitur
584 2400 631 2421 m.
648 2400 716 2421 see.
732 2391 774 2429 B,
803 2390 972 2431 derigitur
1002 2390 1032 2420 b.
1186 2392 1213 2423 is
1246 2392 1291 2424 ibi
1322 2392 1408 2435 (sed
1426 2397 1462 2426 in
1483 2396 1657 2437 mser-iore

169 2447 282 2480 marg.
310 2439 337 2471 is
357 2440 437 2481 sibi)
456 2442 505 2482 B,
534 2442 562 2474 is
584 2443 638 2474 ubi
662 2442 731 2474 CD
745 2443 784 2474 E.
930 2442 969 2475 12
989 2441 1304 2477 Catamantaloedis
1322 2447 1394 2478 BD
1408 2447 1449 2488 E,
1478 2447 1657 2479 Cataman-

170 2488 337 2522 talohedis
365 2491 416 2533 A,
454 2492 776 2526 Catamandoloedis
806 2492 850 2532 C,
889 2492 1204 2527 Catamanteloedis
1218 2496 1256 2538 s.
1402 2499 1439 2530 14
1461 2498 1659 2541 optinuerat

171 2538 242 2570 AB
256 2540 293 2572 C.
471 2544 559 2587 abs.
731 2549 852 2577 senatu
882 2544 993 2586 populi
1024 2544 1165 2577 Romani
1191 2547 1265 2579 AB
1280 2547 1350 2580 CD
1364 2549 1426 2581 Ea
1440 2550 1530 2592 bes,
1565 2550 1600 2582 S.
1622 2550 1658 2582 P.

172 2588 209 2621 P.
230 2589 270 2631 Q.
299 2590 338 2622 R.
367 2603 401 2624 u.
569 2596 608 2629 16
637 2596 799 2628 ‘Haeduo
836 2595 896 2627 uel
926 2595 1042 2627 Heduo
1078 2607 1162 2629 mss.
1185 2599 1244 2630 Ιιίο
1271 2603 1308 2631 et
1341 2601 1473 2642 infra&
1519 2601 1656 2633 Haeduo

172 2639 204 2670 A
220 2640 321 2682 CDf
333 2646 385 2684 cl,
412 2647 487 2676 πίει·
510 2646 619 2678 aliter
643 2648 797 2690 referam
811 2673 821 2688 ,
850 2657 989 2689 semper
1008 2647 1057 2687 B,-
1081 2648 1198 2680 Aeduo
1217 2650 1249 2681 E
1266 2653 1302 2682 et
1320 2661 1460 2693 semper
1478 2663 1511 2683 ιι.

176 2690 340 2724 Diuiciaci
368 2695 418 2736 A,
448 2696 611 2731 Diuiciati
644 2701 684 2732 C.
915 2700 955 2733 17
990 2701 1021 2732 in
1059 2701 1200 2734 ciuitate
1229 2705 1267 2734 in
1299 2714 1417 2746 marg.
1446 2705 1589 2746 supplet
1615 2706 1653 2746 s.

309 2745 483 2786 optinebat
507 2749 594 2781 AB.
738 2750 777 2782 19
798 2749 901 2782 facile
929 2752 972 2783 E.
1116 2752 1243 2785 sactum
1265 2754 1308 2796 C,
1337 2755 1426 2787 facto
1447 2756 1503 2798 bs.

175 2793 244 2825 illis
272 2803 348 2825 esse
365 2796 409 2826 Ε·
533 2800 575 2833 20
594 2811 676 2833 suae
696 2811 765 2833 om.
785 2811 831 2833 m.
847 2811 906 2843 pr.
920 2802 962 2834 B.
1059 2809 1261 2846 optenturus
1288 2806 1334 2837 A.
1430 2809 1468 2839 ‘21
1501 2807 1581 2837 totis
1611 2808 1655 2838 A.

266 2846 309 2879 22
337 2848 593 2884 consiliaturum
620 2853 658 2885 Ε.
798 2853 876 2896 hac]
905 2864 944 2886 ac
971 2866 1132 2897 supp-asc.
1153 2867 1200 2888 m.
1220 2868 1288 2890 sec.
1314 2859 1331 2889 h
1352 2859 1393 2890 B.
1535 2860 1577 2890 Ἡ
1602 2870 1657 2900 po-

176 2899 326 2929 tissimos
353 2900 396 2931 E.
535 2907 618 2944 post
644 2906 743 2947 potiri
771 2916 817 2937 m.
846 2917 914 2938 see.
936 2910 1032 2940 1'711'07’
1051 2918 1142 2942 uer-5.
1163 2910 1304 2952 imperio
1324 2910 1406 2942 add.
1421 2911 1465 2942 A.

210 2962 329 2998 Caesar,
351 2963 395 2991 ed.
418 2963 558 3001 Nipperd.
1406 2974 1457 3015 17
