1835 3240
105 196 188 238 770
780 187 1058 233 CAESARIS

300 306 464 347 Charis.
482 321 529 360 p.
556 304 632 347 ‘101
658 306 734 346 P.:
771 302 924 343 Caesar
954 302 1205 356 epistolarum
1227 302 1274 341 ad
1297 300 1532 343 Ciceronem
1557 301 1656 343 ‘Ne-

183 373 285 428 que',
310 374 450 426 inquit,
478 380 563 426 ‘pro
586 379 699 412 cauto
722 386 767 410 ac
790 371 975 423 diligente
997 383 1040 409 se
1062 369 1204 409 eastris
1226 369 1448 410 continuit’.

836 441 894 484 (a.
920 435 1010 491 50.)

298 509 383 549 Cic.
409 508 466 548 (ul
483 506 579 546 Ait.
609 505 714 554 VII,
745 505 760 544 l
779 535 789 553 ,
814 504 863 543 3:
903 503 969 544 Me
991 511 1118 544 autem
1141 511 1306 556 uterque
1329 511 1509 544 numerat
1530 519 1657 554 suum,

183 577 259 617 nisi
293 577 392 616 sorte
422 574 577 614 simulat
605 574 716 612 alter.
748 571 853 612 Nam
879 570 1084 625 Pompeius
1116 586 1193 611 non
1225 571 1396 611 dubitat:
1431 585 1524 611 uere
1557 573 1656 612 euim
1690 581 1707 610 5

182 644 331 684 iudicat
362 656 431 691 ea,
467 655 565 693 quae
597 641 643 680 de
674 639 872 692 republica
904 653 1007 678 nune
1039 639 1207 687 sentiat,
1243 638 1332 677 milii
1358 639 1469 679 ualde
1491 639 1661 692 probari.

185 711 402 763 Vtriusque
424 716 551 748 autem
575 708 705 760 accepi
730 707 918 747 eiusmodi
936 707 1087 746 litteras
1108 706 1243 745 eodem
1264 713 1451 759 tempore,
1469 720 1543 758 quo
1559 713 1660 755 tuas,

187 786 226 818 ut
241 785 379 818 neuter
396 789 623 829 quemquam
642 775 809 814 omnium
830 775 950 827 pluris
971 774 1101 813 faeere
1118 786 1230 825 quam
1252 787 1312 813 me
1339 773 1552 813 uideretur.
1577 772 1662 826 §72

186 846 401 886 Gratulans
424 844 515 883 milii
532 841 684 883 Caesar
705 843 752 882 de
775 841 1057 895 supplicatione
1080 840 1292 892 triumphat
1314 841 1359 880 de
1377 841 1573 880 sententia
1587 837 1665 879 Ca-

186 913 289 952 tonis
312 926 384 952 nec
406 912 556 961 scribit,
582 911 670 964 quid
692 910 757 949 ille
779 908 1001 949 sententiae
1025 907 1187 956 dixerit,
1213 908 1281 947 sed
1303 915 1452 947 tantum
1477 908 1666 961 supplica·
1699 913 1738 946 10

185 979 328 1019 tionem
353 993 440 1019 eum
464 979 553 1019 mihi
579 993 657 1018 non
680 978 920 1017 decreuisse.
945 975 971 1014 2
989 1007 998 1025 ,
1023 975 1073 1015 7:
1101 972 1254 1014 Caesar
1274 975 1321 1014 iis
1345 975 1502 1025 litteris,
1528 975 1666 1028 quibus

184 1047 277 1086 mihi
300 1047 520 1101 gratulatur
541 1053 579 1086 et
598 1045 727 1085 onmia
745 1044 963 1098 pollicetur,
981 1043 1172 1096 quomodo
1191 1042 1346 1082 exultat
1360 1040 1525 1082 Catonis
1548 1043 1586 1082 in
1609 1056 1668 1082 me

184 1114 443 1168 ingratissimi
465 1115 609 1154 iniuria
628 1114 636 1152 l

300 1182 410 1222 Idem
432 1182 528 1221 ibid.
555 1181 595 1230 3,
624 1180 672 1220 ‘ll
692 1198 701 1220 t
736 1179 806 1220 Ille
828 1180 921 1219 mihi
944 1179 1096 1218 litteras
1118 1177 1280 1217 blandas
1303 1177 1436 1217 mittit.

840 1250 898 1297 (α.
925 1246 1016 1293 49.)
1706 1251 1744 1282 15

305 1316 392 1357 Cic.
408 1316 463 1355 ad
476 1318 568 1356 Ate.
588 1315 775 1365 VII,21,
793 1315 842 1354 3:
878 1312 967 1367 Ipse
989 1327 1051 1352 me
1074 1309 1227 1353 Caesar
1248 1312 1294 1351 ad
1317 1325 1449 1364 pacem
1473 1312 1668 1351 hortatur.

189 1383 266 1426 Sed
290 1384 534 1436 antiquiores
559 1385 730 1432 litterae,
757 1396 868 1436 quam
893 1394 1009 1421 ruere
1032 1380 1175 1434 coepit.

302 1452 413 1491 Idem
436 1452 534 1492 ibid.
558 1451 629 1501 23,
654 1450 703 1491 3:
740 1448 928 1490 Caesaris
952 1448 1168 1488 litterarum
1192 1446 1412 1499 exemplum
1436 1447 1504 1486 tibi
1525 1447 1626 1487 misi.

301 1520 413 1560 Idem
437 1520 534 1559 ibid.
564 1519 692 1567 VIII,
717 1519 766 1567 2,
799 1518 842 1557 l:
886 1516 973 1569 Ego
1005 1516 1050 1555 ad
1075 1513 1289 1555 Caesarem
1322 1528 1421 1554 unas
1444 1511 1580 1568 Capua
1612 1514 1674 1553 lit-

187 1595 293 1628 teras
317 1588 419 1636 dedi,
436 1588 571 1640 quibus
595 1587 640 1627 ad
665 1600 711 1626 ea
734 1584 937 1638 rescripsi,
954 1596 1051 1635 quae
1072 1595 1223 1621 mecum
1246 1582 1310 1621 itte
1328 1582 1373 1621 de
1392 1581 1672 1634 gladiatoribus
1703 1587 1746 1621 20

188 1657 268 1697 suis
292 1662 443 1709 egerat.
468 1655 630 1695 Alteras
654 1655 787 1694 eodem
812 1653 874 1692 die
896 1651 998 1699 dedi,
1014 1664 1088 1702 quo
1112 1650 1180 1689 has
1203 1649 1249 1689 ad
1275 1655 1325 1688 te.
1351 1648 1446 1688 Non
1471 1649 1576 1703 potui
1599 1662 1674 1687 non

189 1724 298 1773 dare,
324 1737 409 1762 eum
433 1729 472 1762 et
494 1723 576 1776 ipse
597 1723 645 1762 ad
667 1735 727 1761 me
750 1720 975 1773 scripsisset
1000 1725 1038 1757 et
1058 1716 1221 1757 Balbus.

303 1790 431 1830 Idem.
450 1789 548 1829 ibid.
569 1788 636 1837 ll,
655 1790 704 1829 5:
740 1786 852 1839 Quod
877 1786 1050 1841 quaeris,
1073 1785 1162 1837 quid
1181 1784 1333 1824 Caesar
1355 1785 1401 1824 ad
1424 1797 1483 1823 me
1506 1784 1674 1837 seripse-

191 1859 258 1907 rit,
283 1858 381 1910 quod
406 1870 547 1909 saepe,
573 1857 837 1909 gratissimum
862 1853 935 1893 sibi
958 1867 1062 1901 esse,
1088 1852 1188 1904 quod
1210 1853 1372 1904 quierim
1389 1882 1398 1900 ,
1425 1859 1586 1904 oratque
1602 1882 1611 1899 ,
1635 1852 1674 1890 in

193 1941 240 1966 eo
264 1932 304 1964 ut
327 1937 592 1978 perseuerem.
627 1923 774 1964 Balbus
797 1923 923 1962 minor
945 1921 1040 1960 haec
1064 1920 1199 1959 eadem
1220 1920 1417 1960 mandata.
1453 1919 1608 1959 Balbus
1624 1919 1680 1959 ml
1708 1925 1750 1956 25

198 1993 287 2034 Cic.
312 1992 409 2031 ibid.
440 1989 489 2030 15
506 1989 566 2038 A,
586 1991 635 2031 3:
671 1991 783 2032 Balbi
807 1990 881 2030 mei
904 1988 1034 2040 tuique
1057 1987 1228 2027 aduentu
1251 1988 1485 2027 delectatum
1508 1993 1545 2026 te
1566 1986 1677 2026 ualde

193 2061 359 2113 gaudeo.
415 2057 452 2097 Is
487 2072 750 2112 quaecumque
783 2058 849 2097 tibi
882 2058 927 2096 de
960 2053 1137 2095 Caesare
1169 2054 1290 2104 dixit,
1325 2068 1498 2106 quaeque
1531 2052 1681 2094 Caesar

193 2127 367 2182 scripsit,
393 2126 491 2175 scio,
517 2141 559 2166 re
582 2127 651 2167 tibi
675 2127 868 2180 probabit,
889 2135 1152 2178 quaecumque
1176 2122 1333 2163 fortuna
1355 2122 1438 2161 eius
1462 2121 1594 2171 fuerit,
1612 2134 1679 2160 ue-

194 2195 350 2235 rissime
374 2194 596 2247 scripsisse.

312 2260 397 2301 Cic.
424 2262 479 2301 ml
496 2263 586 2302 Ast.
604 2262 685 2312 IX,
699 2261 725 2302 6
739 2260 806 2302 A:
845 2260 1014 2302 ‘Caesar
1036 2263 1127 2315 imp.
1145 2275 1177 2301 s.
1196 2260 1232 2299 d.
1251 2256 1436 2298 Ciceroni
1457 2257 1549 2309 imp.
1578 2252 1676 2295 Cum
1709 2261 1750 2293 30

197 2328 387 2369 Furnium
412 2336 587 2369 nostrum
612 2337 762 2370 tantum
788 2331 988 2380 uidissem,
1014 2342 1142 2382 neque
1163 2327 1266 2381 loqui
1290 2339 1414 2378 neque
1436 2323 1570 2364 audire
1593 2336 1677 2361 meo

198 2398 398 2437 commodo
423 2398 662 2450 potuissem,
702 2412 953 2452 properarem
977 2406 1093 2450 atque
1116 2410 1244 2436 essem
1266 2394 1306 2432 in
1327 2393 1468 2432 itinere
1492 2389 1678 2444 praemis-

198 2466 252 2505 sis
276 2466 349 2505 iam
374 2465 593 2518 legionibus
609 2497 617 2513 ,
644 2467 860 2519 praeterire
883 2474 1009 2505 tamen
1035 2478 1112 2503 non
1134 2462 1266 2516 potui,
1292 2460 1382 2513 quin
1406 2465 1446 2498 et
1467 2458 1678 2497 scriberem

197 2533 243 2572 ad
275 2540 313 2572 te
336 2540 372 2572 et
404 2533 510 2571 illum
535 2535 725 2573 mitterem
750 2534 975 2586 gratiasque
996 2545 1180 2586 agerem,
1216 2529 1287 2569 etsi
1313 2528 1383 2567 lioe
1406 2534 1444 2566 et
1469 2526 1539 2565 l'eci
1563 2537 1680 2578 saepe

340 2624 360 2655 2
379 2624 560 2665 continuit]
584 2625 620 2665 Q.
644 2627 779 2656 sicera.
802 2625 945 2665 Seripla
966 2624 1056 2653 enim
1077 2623 1163 2653 haee
1183 2620 1354 2652 uidentur·
1371 2618 1411 2649 (le
1430 2619 1494 2657 iis,
1516 2625 1605 2658 quae
1625 2614 1684 2645 illi

198 2676 367 2707 accidisse
384 2677 519 2708 Caesar
539 2677 568 2706 b.
588 2677 679 2707 (iull.
697 2676 755 2713 VJ,
773 2677 813 2708 315
833 2686 907 2716 sqq.
922 2677 1063 2706 narrat.
1205 2671 1244 2703 18
1258 2670 1298 2702 L.
1311 2670 1473 2701 Caesaris
1488 2667 1678 2700 alt-diceus.

340 2729 382 2759 20
402 2728 442 2759 de
462 2727 710 2767 gladiatoribus
731 2727 815 2767 suis]
838 2728 897 2766 Ljf.
921 2728 1023 2757 Caes.
1046 2726 1075 2755 b.
1097 2725 1165 2754 eiu.
1187 2723 1213 2762 l,
1240 2723 1290 2759 ¹4,
1312 2724 1342 2754 4.
1481 2719 1523 2753 23
1545 2718 1683 2759 scripsit

197 2780 390 2811 Medicam.
529 2779 570 2812 ‘213
587 2784 617 2809 tc
636 2789 705 2809 vm.
724 2789 769 2808 m.
784 2788 839 2818 pr.
854 2777 1043 2809 Medicam.
1185 2774 1227 2806 28
1239 2774 1308 2804 scio
1329 2783 1364 2804 re
1378 2772 1579 2810 1⁷1'ctor1'1ts3
1594 2770 1682 2801 scire

200 2832 391 2871 Mediceus,
412 2833 438 2861 si
459 2841 495 2863 re
515 2840 638 2871 margo
660 2830 871 2861 Cratandri.
1027 2826 1207 2857 uerissime
1229 2825 1425 2863 Manutius,
1447 2823 1536 2855 uelis
1557 2831 1683 2855 summe

200 2883 390 2914 Medscens.
532 2883 572 2914 34
593 2886 627 2913 et
647 2880 728 2921 l'eci]
749 2880 863 2911 effecit
884 2879 1075 2917 Mediceus,
1096 2877 1158 2909 sed
1175 2886 1266 2908 corr.
1290 2879 1323 2907 in
1342 2885 1459 2916 711a1·g.
