1835 3240
95 154 179 197 484
619 153 694 197 DE
725 153 918 197 BELLO
950 152 1202 198 GALLICO

171 268 382 308 decurrunt
403 275 442 309 et
472 268 623 310 eminus
657 268 744 309 sine
779 267 951 321 periculo
973 268 1219 321 proeliantur
1238 271 1457 324 multosque
1479 272 1652 326 pertina-

171 336 270 376 citer
290 337 547 377 succedentes
571 337 802 385 uulnerant3
835 349 914 375 non
937 336 1189 377 deterrentur
1209 344 1338 379 tamen
1359 340 1502 380 milites
1525 340 1651 380 nostri

172 404 309 444 uineas
331 405 508 458 proferre
538 411 578 443 et
611 403 745 443 labore
767 409 886 458 atque
909 403 1092 457 operibus
1114 404 1289 445 locorum
1312 407 1470 448 uincere
1492 407 1650 448 difficul-

124 471 150 511 4
172 479 287 512 tates.
330 470 482 511 Eodem
514 477 690 523 tempore
720 470 922 510 cuniculos
951 478 1076 512 tectos
1105 472 1151 511 ab
1175 472 1301 512 uineis
1324 482 1446 527 agunt
1466 476 1514 515 ad
1537 482 1652 529 caput

170 539 315 588 sontis;
342 539 443 591 quod
465 551 588 590 genus
611 538 740 591 operis
762 538 848 578 siue
869 538 948 578 ullo
971 538 1159 592 periculo,
1184 539 1269 579 siue
1292 541 1514 593 suspicione
1527 543 1649 583 hosti-

125 607 150 648 5
171 622 236 648 um
259 608 388 647 facere
409 605 566 645 licebat.
591 604 990 661 Extruituraggerin
1003 606 1246 647 altitudinem
1263 608 1400 660 pedum
1423 610 1648 662 sexaginta,

171 675 401 716 conlocatur
421 674 461 713 in
484 686 530 713 eo
552 673 674 713 turris
696 673 829 713 decem
852 674 1132 723 tabulatorum,
1158 688 1235 714 uon
1258 675 1412 728 quidem
1434 689 1532 728 quae
1550 690 1653 717 moe-

170 743 283 783 nibus
316 747 507 793 aequaret
537 741 596 791 (id
626 741 728 781 enim
759 741 877 782 nullis
900 742 1083 796 operibus
1106 742 1202 782 effici
1224 749 1418 796 poterat),
1452 744 1521 783 sed
1553 757 1653 796 quae

122 809 150 851 6
171 822 361 863 superare
385 808 503 848 fontis
525 809 723 863 fastigium
747 817 895 863 posset.
956 808 1025 850 Ex
1046 823 1092 850 ea
1114 825 1201 850 cum
1224 810 1301 851 tela
1323 811 1529 851 tormentis
1549 810 1653 851 iace·

169 884 312 917 rentur
332 877 377 916 ad
401 876 520 916 fontis
542 876 702 927 aditum,
728 890 800 917 nec
819 877 905 917 sine
927 878 1101 931 periculo
1123 885 1286 932 possent
1307 878 1652 932 aquarioppidani,

170 959 248 985 non
270 951 421 984 tantum
444 958 586 998 pecora
607 945 732 998 adque
752 945 943 995 iumenta,
966 946 1036 986 sed
1058 946 1173 986 etiam
1197 960 1339 999 magna
1363 946 1531 986 hostium
1557 946 1654 986 mul-

94 1012 152 1057 42
172 1012 298 1053 titudo
320 1012 385 1053 siti
408 1012 727 1053 consumebatur.
765 1010 853 1064 Quo
866 1013 967 1053 malo
980 1014 1179 1067 perterriti
1198 1014 1379 1068 oppidani
1397 1027 1516 1067 cupas
1538 1026 1650 1061 seuo,

170 1081 272 1135 pice,
297 1080 496 1121 scandulis
519 1080 741 1134 complent3
766 1094 833 1120 eas
855 1081 1042 1121 ardentes
1062 1082 1103 1121 in
1117 1095 1236 1136 opera
1248 1081 1655 1135 prouoluunteodem-

170 1162 244 1202 que
274 1155 450 1203 tempore
479 1148 672 1188 acerrime
702 1147 970 1202 proeliantur,
1015 1155 1057 1189 ut
1086 1148 1133 1189 ab
1161 1149 1343 1190 incendio
1372 1148 1654 1201 restinguendo

315 1299 329 1331 1
353 1299 539 1330 decurrunt
557 1302 589 1329 et
608 1298 638 1329 B
655 1301 692 1329 et
707 1298 862 1340 reliqui,
892 1301 929 1330 in
949 1299 1077 1340 quibus
1097 1301 1214 1330 tamen
1234 1297 1430 1329 secundum
1448 1306 1580 1338 parum
1597 1305 1656 1327 ac-

171 1351 336 1381 curatam.
357 1348 604 1389 Oudendorpz'i
619 1352 892 1381 annotationem
911 1354 944 1381 et
963 1351 1087 1381 omitti
1103 1349 1387 1380 eaez‘stimandum
1403 1351 1518 1387 esset5
1537 1347 1657 1379 decur-

170 1405 288 1432 rentes
309 1400 396 1440 cde,
419 1400 654 1432 discurrentes
673 1401 703 1431 b.
890 1402 1021 1433 eminus
1039 1401 1128 1433 Bcd
1146 1404 1179 1432 et
1197 1401 1341 1442 reliqui,
1363 1410 1430 1432 om.
1453 1400 1510 1431 be.

169 1451 384 1494 proeliantur
400 1468 445 1474 —-
463 1451 668 1491 uulnerant3
690 1461 754 1482 non
775 1451 994 1484 deterrentur
1009 1456 1119 1483 tamen
1132 1451 1208 1483 Bet
1224 1452 1380 1493 reliqui:
1399 1450 1656 1493 proeliabantur

170 1522 214 1527 -—
232 1503 484 1543 numerabant,
512 1507 550 1535 ut
577 1507 687 1535 tamen
717 1514 779 1535 nou
811 1504 1072 1536 deterrerentur
1088 1504 1140 1535 cd
1157 1507 1210 1544 et,
1242 1506 1307 1545 qai
1328 1508 1566 1539 terrerentur,
1596 1502 1655 1534 be.

315 1555 334 1588 3
353 1560 388 1587 et
406 1555 521 1586 labore
540 1565 609 1586 om.
630 1565 651 1587 a
664 1556 750 1587 boe.
916 1556 1068 1588 locorum
1087 1556 1226 1588 uincere
1247 1556 1307 1597 (B)
1327 1556 1406 1588 edd.
1426 1559 1510 1587 ante
1527 1566 1562 1596 u,
1583 1555 1657 1586 uin-

172 1618 250 1641 cere
269 1607 421 1640 locorum
440 1609 516 1638 sine
535 1610 769 1639 annotatione
787 1618 822 1639 u.
964 1610 985 1642 4
1004 1609 1181 1640 cuniculos
1200 1608 1443 1640 tectosBedd.
1463 1607 1654 1648 antefati„

170 1665 282 1692 tectos
302 1659 478 1691 cuniculos
497 1659 611 1691 Aldus
630 1670 664 1691 u.
846 1660 887 1692 ab
906 1660 1018 1693 uineis
1038 1665 1142 1700 agunt
1160 1660 1200 1692 ad
1221 1665 1322 1703 caput
1339 1661 1525 1701 Dauisz'us,
1548 1660 1588 1691 ad
1608 1659 1659 1691 ui-

172 1721 255 1744 neas
275 1716 381 1752 agunt
399 1715 433 1742 et
451 1711 651 1753 caputB(is
669 1711 793 1753 capud)
813 1722 829 1742 e
850 1713 945 1744 ‘mss.
962 1713 1004 1745 12
1021 1713 1082 1744 nel
1095 1712 1243 1754 plares',·
1264 1717 1369 1752 agunt
1387 1713 1428 1743 ad
1447 1711 1655 1755 caputAnd.

173 1763 287 1796 Ooeon.
310 1766 345 1795 et
360 1773 425 1805 pro
445 1773 524 1794 aar.
546 1762 629 1795 lect.
651 1774 687 1803 e,
716 1763 758 1794 ad
785 1773 930 1805 aggeres
958 1774 997 1796 ac
1024 1765 1144 1796 uineas
1164 1769 1270 1804 agunt
1288 1765 1327 1796 ad
1347 1769 1450 1806 caput
1465 1765 1511 1796 A.

172 1816 190 1848 5
211 1815 377 1858 periculo,
398 1815 471 1846 sine
490 1814 520 1845 B
541 1814 636 1845 ‘mss.
660 1813 711 1845 10⁷
730 1817 763 1845 et
781 1815 882 1846 etiam
897 1819 983 1857 post
1000 1816 1074 1847 sine
1091 1815 1215 1847 addito
1233 1816 1287 1855 D,·
1307 1816 1461 1858 periculo
1481 1820 1515 1847 et
1533 1816 1606 1847 sine
1620 1826 1656 1847 u.

316 1862 524 1907 suspicione]
544 1863 763 1905 susceptione
780 1863 811 1895 B
826 1864 864 1896 C.
1032 1866 1050 1898 6
1070 1867 1244 1898 extruitur
1263 1866 1339 1908 (B).
1504 1866 1609 1908 pedes
1627 1865 1658 1897 B

175 1918 270 1949 ‘mss.
294 1915 360 1949 11'.
517 1915 698 1956 sexaginta
719 1915 865 1947 Orosius
884 1916 943 1957 VI,
967 1916 1003 1950 11
1026 1921 1061 1948 et
1079 1929 1120 1950 Lx
1140 1921 1176 1950 in
1194 1929 1312 1960 marg.
1326 1928 1396 1960 pro
1414 1929 1494 1950 παν.
1516 1918 1597 1951 lect.
1618 1929 1656 1957 e,-

173 1979 234 2002 sex
251 1969 282 2001 B
300 1971 337 1999 et
350 1969 402 1999 sic
420 1966 480 1998 uel
497 1976 530 1997 Vl
549 1976 566 1996 e
588 1966 767 2007 ‘reliqui',·
787 1977 820 1997 lx
839 1977 885 1998 ex
902 1966 994 1999 And.
1019 1967 1135 2000 Ooeon.
1154 1979 1190 2000 u.
1210 1969 1252 2001 P.
1273 1970 1329 2002 39.
1472 1969 1660 2002 7c0nloca-

173 2023 230 2051 tur
245 2018 288 2050 B.
448 2017 640 2048 tabularum
659 2027 705 2048 m.
722 2026 782 2059 pr.
802 2016 846 2048 B.
1004 2018 1138 2059 quidem
1158 2029 1226 2050 om.
1247 2029 1264 2050 e
1281 2018 1375 2051 And.
1398 2018 1513 2051 Ooeon.

172 2071 193 2104 8
211 2075 376 2113 aequaret
394 2069 424 2101 B
439 2069 477 2110 C,
498 2069 604 2110 idque
623 2068 752 2110 legisse
771 2068 915 2100 Orosius
934 2068 1081 2100 uidetur
1098 2070 1189 2108 (uid.
1208 2081 1279 2111 seq.
1298 2073 1458 2110 annot.),·
1488 2070 1660 2113 adaequa-

173 2127 227 2155 ret
246 2123 357 2154 bceu
376 2120 524 2161 (suerat
541 2118 780 2162 aequaretur).
804 2119 879 2151 Cic.
900 2118 963 2159 off.
984 2118 1011 2159 J,
1035 2118 1066 2158 1,
1086 2119 1118 2151 3.
1260 2120 1279 2152 9
1298 2130 1463 2162 superare
1483 2121 1588 2153 fontis
1607 2120 1660 2152 sa·-

173 2174 311 2215 stigium
330 2175 447 2215 posset
473 2171 504 2203 B
523 2171 576 2213 (is
595 2169 783 2213 suparare)
810 2168 964 2210 relz'quz·;
994 2174 1176 2211 superaret
1202 2170 1305 2203 sontis
1335 2171 1508 2212 fastigium
1527 2183 1543 2203 e
1561 2171 1655 2204 And.

176 2221 292 2254 Ooeon.
313 2221 390 2252 cod.
411 2221 492 2254 Vrs.
523 2225 575 2262 et,
605 2223 769 2262 utputo,
789 2229 831 2260 a,
854 2229 900 2250 eoe
917 2229 986 2260 qno
1004 2220 1242 2252 Aclzaintrz'us
1261 2221 1302 2253 de
1320 2222 1351 2254 B
1370 2225 1489 2253 tacens
1507 2222 1659 2254 alteram

173 2275 393 2315 scripturam
411 2273 552 2305 retulit.
577 2272 688 2304 Codd.
712 2272 851 2304 Orosiz':
872 2271 1046 2304 extruitur
1064 2282 1169 2313 agger
1186 2277 1221 2304 et
1240 2274 1344 2306 turris
1363 2275 1483 2317 pedum
1502 2275 1661 2315 sexagin-

174 2331 230 2367 ta,
259 2326 355 2357 cuius
380 2330 501 2357 uertex
527 2334 675 2366 aequare
703 2324 746 2355 ad
773 2322 877 2354 fontis
906 2323 1017 2355 locum
1047 2325 1172 2368 possit3
1202 2335 1292 2366 quae
1308 2327 1578 2368 Hauercampus
1595 2337 1661 2359 sua

176 2379 380 2409 coniectura
398 2378 569 2407 mutauit.
592 2374 674 2408 Vid.
699 2374 860 2406 Grabilz.
882 2374 1017 2406 emend.
1042 2374 1142 2406 Oros.
1158 2385 1196 2416 p.
1217 2376 1273 2408 36.
1425 2378 1464 2410 10
1484 2378 1613 2409 aditum
1630 2378 1661 2410 B

179 2428 273 2459 ‘mss.
291 2426 488 2469 plerique’‚
510 2426 624 2458 aditus
643 2436 660 2456 e
678 2425 771 2457 And.
795 2424 910 2456 Ooeon.
1063 2430 1204 2467 possent
1221 2426 1340 2468 aquari
1357 2427 1388 2459 B
1407 2428 1565 2469 ‘ceteriu-
1584 2440 1661 2471 pos-

177 2483 255 2510 sent
274 2478 438 2520 adaquari
458 2477 549 2517 bed,
579 2476 836 2518 adaquarentur
854 2485 871 2506 e
887 2474 938 2518 (is
956 2474 1070 2517 adeq.)
1089 2476 1184 2508 And.
1206 2477 1318 2508 Ooeon.
1333 2503 1343 2518 ,
1374 2479 1608 2522 adaquaretur
1624 2491 1658 2513 a.

323 2531 360 2563 11
383 2531 492 2572 adque
511 2529 553 2569 B,
574 2538 643 2560 non
663 2531 776 2569 atque.
918 2536 1040 2567 magna
1059 2538 1127 2559 om.
1149 2538 1166 2558 e
1182 2529 1276 2560 And.
1300 2529 1415 2562 Ooeon.
1557 2532 1663 2564 hosti-

177 2593 231 2614 um
250 2581 433 2614 multitudo
452 2580 572 2613 Bedd.
593 2583 676 2611 ante
694 2578 779 2610 Alci.
799 2581 845 2618 et,
868 2580 933 2619 qui
947 2578 1044 2609 mult.
1065 2578 1210 2611 hostium
1225 2582 1259 2620 ?,
1284 2581 1379 2613 ‘mss.
1398 2581 1471 2624 10⁹3
1491 2583 1661 2616 hominum

179 2633 362 2666 multitudo
381 2643 397 2663 e
410 2643 445 2663 u.
474 2631 620 2663 Orosius
633 2643 642 2661 .·
663 2629 824 2672 oppidani
843 2633 968 2667 autem,
989 2628 1046 2660 ubi
1066 2630 1255 2664 exanimari
1273 2632 1330 2664 siti
1350 2644 1415 2665 non
1434 2634 1544 2666 solum
1561 2645 1662 2678 peco-

180 2696 218 2718 ra
237 2695 311 2726 sua,
331 2694 451 2717 uerum
470 2683 573 2715 etiam
591 2681 798 2714 infirmiores
817 2681 987 2713 hominum
1006 2686 1138 2715 aetates
1156 2685 1274 2717 uident
1292 2689 1374 2718 cett.
1537 2688 1578 2721 12
1596 2689 1660 2721 sihi

184 2737 212 2771 C
231 2741 266 2770 et
281 2748 349 2769 sec.
368 2748 415 2770 m.
437 2736 479 2769 B.
622 2735 703 2765 sebo
721 2733 766 2765 D.
936 2732 975 2765 13
995 2733 1160 2767 scindulis
1179 2746 1226 2767 ex
1243 2737 1383 2780 aliquot
1400 2739 1488 2771 dett.
1508 2743 1545 2772 et
1560 2740 1660 2773 codd.

185 2789 304 2821 Orosii
319 2799 355 2820 u.
503 2785 622 2828 implet
639 2788 673 2816 et
691 2793 749 2815 eas
768 2783 927 2815 ardentes
947 2782 1007 2826 (an
1026 2794 1085 2816 eas
1103 2795 1170 2817 om.
1183 2787 1214 2828 ?)
1233 2787 1262 2828 b,
1285 2789 1471 2832 completas
1489 2794 1524 2822 et
1541 2791 1662 2823 arden-

185 2846 235 2872 tes
256 2851 272 2872 e
291 2838 382 2873 And.
405 2838 520 2871 Oaeon.
665 2835 851 2878 eodemque
869 2835 900 2868 B
919 2835 1015 2868 ‘ms-s.
1035 2836 1079 2877 8’,
1100 2837 1216 2871 eodem
1235 2849 1269 2871 u.
