1835 3240
101 559 118 590 27(

75 896 115 929 10

77 1233 116 1266 15

71 1572 115 1607 20

71 1910 113 1944 25

680 169 867 212 CAPVT
890 169 944 211 65
958 194 1010 199 —
1022 167 1093 210 69.
1621 171 1702 213 701

149 284 346 338 Thapsum
360 281 456 322 mari
478 282 719 333 obsiderent,
737 284 819 338 ipse
842 284 983 324 castris
1003 280 1177 323 incensis
1196 288 1332 334 quarta
1348 283 1473 323 noctis
1495 284 1629 337 uigilia

150 351 234 391 acie
265 350 456 390 instructa
477 350 762 404 impedimentis
784 352 825 391 in
846 351 1007 391 sinistra
1030 356 1139 404 parte
1162 348 1377 389 conlocatis
1400 363 1452 389 cx
1475 364 1520 390 eo
1543 352 1628 392 loco

147 417 405 470 proficiscitur
426 425 465 458 et
486 418 665 472 peruenit
686 418 733 458 ad
756 418 933 471 oppidum
957 418 1118 471 Aggar-3
1143 416 1244 470 quod
1266 430 1286 456 a
1311 415 1490 457 Gaetulis
1512 431 1630 471 saepe

148 490 263 525 antea
293 493 551 539 oppugnatum
583 498 809 537 summaque
836 485 875 524 ui
906 499 977 538 per
1006 486 1112 539 ipsos
1144 484 1356 538 oppidanos
1390 491 1476 524 erat
1497 485 1630 524 defen-

151 565 251 591 sum.
296 551 352 592 lbi
383 554 424 593 in
454 567 588 606 campo
620 553 760 593 castris
791 553 879 592 unis
912 553 1047 605 positis
1078 553 1162 607 ipse
1185 553 1462 592 frumentatum
1484 552 1629 591 circum
1651 552 1678 591 2

145 619 261 659 uillas
294 634 380 660 cum
412 627 524 674 parte
555 620 985 673 exercitus.prosectus
1014 634 1156 673 magno
1189 620 1350 660 inuento
1374 619 1505 666 ordei,
1537 619 1628 669 olei,

147 687 254 737 uini,
287 688 348 727 fici
379 701 568 737 numero,
603 700 727 740 pauco
758 687 878 727 tritici
908 694 1025 740 atque
1054 694 1235 727 recreato
1268 687 1447 727 exercitu
1469 686 1571 727 redit
1591 686 1632 726 in

149 762 294 795 castra.
348 752 480 808 Scipio
512 754 670 795 interim
703 755 858 808 cognito
891 751 1080 795 Caesaris
1113 754 1289 795 discessu
1318 769 1404 794 cum
1434 753 1631 794 uniuersis
1653 752 1678 793 3

147 823 269 876 copiis
301 837 370 876 per
398 822 531 876 iugum
555 820 770 863 Caesarem
803 823 985 874 subsequi
1019 821 1147 875 coepit
1176 829 1290 874 atque
1313 822 1359 862 ab
1382 822 1466 862 eius
1489 821 1630 862 castris

147 890 254 930 milia
286 904 469 944 passuum
491 896 536 929 VI
568 890 683 944 longe
717 890 828 930 trinis
859 890 998 930 castris
1031 889 1246 943 dispertitis
1279 890 1400 943 copiis
1433 889 1627 929 consedit.

148 954 342 1011 Oppidum
366 964 452 997 erat
473 955 599 1006 Zeta,
636 958 738 1012 quod
760 958 900 997 aberat
921 972 942 997 a
968 955 1154 1010 Scipione
1176 957 1281 997 milia
1304 971 1487 1010 passuum
1508 964 1558 1007 X,
1581 955 1630 996 ad
1647 954 1706 999 68

148 1025 231 1064 eius
264 1026 464 1078 regionem
488 1032 527 1064 et
548 1032 694 1078 partein
719 1032 938 1064 castrorum
963 1025 1197 1064 collocatum
1213 1055 1223 1074 ,
1260 1038 1282 1063 a
1306 1022 1481 1065 Caesare
1503 1031 1633 1064 autem

147 1091 344 1132 diuersum
367 1106 411 1132 ac
433 1100 650 1142 remotum,
677 1092 776 1145 quod
799 1099 884 1132 erat
905 1091 951 1131 ab
975 1105 1020 1132 eo
1042 1091 1159 1145 longe
1181 1091 1287 1131 milia
1310 1106 1492 1145 passuum
1514 1098 1627 1130 XIIII.

146 1157 234 1199 Huc
257 1157 390 1214 Scipio
422 1160 599 1214 legiones
630 1160 726 1199 duas
756 1160 1017 1200 frumentandi
1049 1159 1178 1213 gratia
1211 1160 1332 1199 misit.
1378 1156 1493 1210 Quod
1526 1165 1632 1212 post-
1653 1157 1680 1197 2

149 1241 261 1279 quam
285 1225 438 1268 Caesar
460 1241 511 1267 ex
534 1228 695 1281 perfuga
718 1227 930 1280 cognouit,
966 1227 1108 1267 castris
1132 1241 1184 1268 ex
1205 1241 1340 1280 campo
1363 1226 1403 1266 in
1426 1226 1562 1266 collem
1587 1240 1632 1266 ac

146 1294 292 1334 tutiora
325 1295 412 1335 loca
442 1295 596 1335 collatis
625 1303 743 1348 atque
773 1295 826 1335 ibi
860 1295 1055 1349 praesidio
1077 1295 1214 1335 relicto
1237 1295 1321 1348 ipse
1343 1301 1481 1347 quarta
1501 1293 1634 1346 uigilia

148 1375 333 1417 egressus
355 1370 512 1417 praeter
533 1363 701 1403 hostium
725 1370 853 1403 castra
871 1363 1134 1417 proficiscitur
1151 1377 1235 1403 cum
1257 1362 1379 1415 copiis
1398 1369 1438 1402 et
1453 1361 1633 1415 oppidum

146 1430 307 1484 potitur.
350 1429 552 1486 Legiones
578 1429 777 1485 Scipionis
810 1431 1002 1484 comperit
1032 1431 1188 1484 longius
1211 1431 1250 1470 in
1273 1430 1379 1484 agris
1403 1429 1634 1470 frumentari
1656 1427 1681 1469 3

147 1505 202 1548 et,
232 1513 317 1538 cum
341 1513 387 1539 eo
410 1499 647 1539 contendere
670 1506 897 1548 conaretur,
922 1499 1202 1538 animaduertit
1223 1498 1356 1552 copias
1379 1497 1549 1538 hostium
1571 1497 1631 1536 his

146 1566 365 1620 legionibus
387 1581 597 1607 occurrere
620 1566 833 1620 suppetias.
871 1563 985 1618 Quae
1006 1580 1070 1606 res
1089 1566 1174 1606 eius
1191 1566 1374 1620 impetum
1394 1565 1629 1605 retardauit.

146 1632 283 1687 Itaque
306 1641 418 1688 capto
442 1632 491 1675 C.
517 1633 697 1674 Minucio
719 1633 892 1687 Regino,
921 1635 1051 1687 equite
1072 1633 1271 1684 Romano,
1300 1631 1498 1686 Scipionis
1523 1632 1633 1672 sami·
1655 1631 1682 1673 4

146 1701 357 1742 liarissimo
373 1732 383 1751 ‚
409 1702 473 1755 qui
497 1702 532 1742 ei
555 1702 693 1756 oppido
717 1708 914 1755 praeerat,
939 1709 978 1742 et
998 1701 1047 1743 P.
1072 1701 1206 1751 Atrio,
1231 1701 1361 1754 equite
1382 1700 1564 1740 Romano
1588 1702 1633 1740 de

146 1777 345 1809 conuentu
368 1768 577 1819 Vticensi,
614 1777 652 1809 et
685 1770 845 1810 camelis
876 1776 976 1809 XXII
1007 1770 1114 1823 regis
1145 1770 1322 1810 abductis
1356 1768 1551 1823 praesidio
1583 1767 1633 1807 ibi

146 1851 232 1876 cum
256 1834 383 1891 Oppio
415 1837 546 1891 legato
577 1837 717 1878 relicto
747 1838 831 1891 ipse
860 1851 902 1877 se
925 1837 1102 1890 recipere
1125 1838 1255 1893 coepit
1276 1838 1323 1877 ad
1347 1843 1488 1877 castra.
1533 1832 1634 1875 Cum
1651 1834 1709 1880 69

146 1903 220 1943 iam
251 1919 329 1944 non
350 1905 465 1959 longe
487 1920 509 1946 a
532 1905 673 1945 castris
697 1903 893 1959 Scipionis
916 1905 1097 1955 abesset,
1131 1920 1228 1959 quae
1252 1919 1340 1946 eum
1363 1918 1528 1945 necesse
1550 1910 1636 1943 erat

147 1973 434 2027 praetergredi,
459 1971 661 2013 Labienus
677 1973 945 2026 Afraniusque
968 1987 1053 2012 cum
1077 1973 1180 2013 omni
1204 1973 1376 2026 equitatu
1398 1972 1552 2024 leuique
1573 1985 1637 2011 ar-

148 2046 299 2079 matura
322 2054 371 2080 ex
394 2041 548 2081 insidiis
570 2040 694 2080 adorti
718 2040 863 2094 agmini
886 2040 971 2081 eius
995 2048 1176 2081 extremo
1198 2055 1241 2081 se
1261 2041 1433 2080 offerunt
1450 2046 1567 2092 atque
1583 2052 1636 2078 ex

149 2107 310 2147 collibus
350 2108 484 2162 primis
519 2108 711 2149 existunt.
767 2105 881 2159 Quod
921 2115 1123 2162 postquam
1157 2106 1310 2149 Caesar
1340 2107 1632 2157 animaduertit,
1656 2105 1683 2148 2

149 2175 343 2228 equitibus
365 2176 447 2217 suis
471 2176 638 2217 hostium
664 2176 702 2216 ui
726 2176 914 2230 oppositis
937 2177 1114 2217 sarcinas
1138 2176 1376 2230 legionarios
1393 2174 1432 2216 in
1450 2188 1635 2215 aceruum

293 2347 306 2379 1
329 2345 501 2378 Thabsum
520 2359 554 2389 α,
576 2346 743 2379 Thai-sum
765 2348 795 2379 b.
973 2349 993 2381 2
1013 2347 1201 2379 conlocatis
1220 2357 1253 2379 α.
1431 2346 1450 2379 3
1469 2346 1584 2387 Aggar
1601 2356 1633 2386 (ι,

149 2396 259 2436 Agger
278 2397 295 2428 b
314 2397 332 2429 3
352 2397 440 2429 dett.
465 2399 514 2430 ‘et
529 2410 558 2431 c.
580 2399 634 2431 76.
655 2397 708 2431 79⁹
728 2397 782 2439 (al
800 2397 882 2429 uide
902 2397 989 2438 z'bz');
1010 2399 1104 2438 Agar
1122 2408 1157 2430 u.
1359 2407 1438 2440 sepe
1458 2407 1491 2428 α.

152 2446 169 2477 5
190 2446 320 2489 campo]
342 2453 456 2480 castro
478 2449 509 2482 b.
675 2448 693 2480 6
713 2448 807 2479 ordei
827 2459 861 2489 a,
881 2459 949 2480 non
969 2449 1065 2480 hord.
1225 2449 1243 2481 7
1265 2458 1405 2490 paucum
1424 2458 1458 2487 α,
1478 2457 1582 2489 paruo
1603 2448 1633 2478 b.

293 2500 310 2531 9
330 2501 426 2542 sequi
447 2502 477 2533 b.
636 2501 675 2533 10
695 2500 885 2542 dispertitis
905 2512 924 2532 α
945 2502 974 2541 b,
995 2511 1065 2532 uon
1084 2500 1227 2542 dispart.
1387 2500 1420 2532 11
1446 2510 1477 2531 z.
1498 2504 1544 2531 et.
1565 2510 1584 2531 a
1603 2510 1635 2534 (ι,

153 2546 251 2579 Zumi
272 2549 310 2588 Ι),-
330 2549 432 2582 Zetta
453 2551 525 2583 ‘.'al
673 2551 713 2582 ab
733 2562 809 2583 cum
832 2553 849 2583 b
867 2562 902 2583 u.
1047 2552 1086 2583 13
1106 2552 1253 2583 diuisum
1274 2551 1306 2582 b.
1448 2551 1546 2591 longe
1567 2562 1635 2583 om.

155 2600 185 2631 b
348 2612 408 2634 xxv
426 2604 466 2642 Ι),-
487 2615 584 2635 xvnn
603 2614 637 2644 a,
658 2614 714 2635 x1x
735 2615 771 2643 ο,-
792 2615 877 2635 xv111
896 2614 931 2634 u.
953 2603 993 2635 Ρ.
1014 2603 1093 2637 224.
1264 2603 1302 2635 16
1323 2602 1459 2634 collatis
1477 2602 1635 2644 Lipsius,

153 2650 330 2683 collocatis
349 2654 449 2685 codd.
469 2655 508 2687 P.
527 2655 586 2687 211
611 2658 706 2687 emir.
850 2655 889 2687 19
910 2655 962 2686 his
981 2655 1058 2687 edd
1080 2658 1164 2686 ante
1182 2655 1282 2693 Ald„
1303 2655 1331 2686 is
1350 2666 1390 2694 α,·
1411 2655 1452 2686 iis
1471 2655 1583 2686 Aldus
1601 2666 1636 2686 u.

294 2704 334 2737 21
356 2703 512 2745 itaque]'
505 2715 577 2747 Ipse
597 2706 628 2736 b.
771 2706 920 2739 Minucio
941 2716 1028 2747 θέτο,-
1048 2707 1158 2738 inocio
1177 2716 1210 2747 a,
1232 2705 1357 2737 Mincio
1379 2707 1408 2745 b,
1432 2704 1539 2737 Mocio
1559 2714 1637 2736 cum.

157 2765 175 2786 u
195 2764 301 2797 snper
318 2753 371 2787 Mo
392 2767 429 2794 c;
449 2755 559 2788 Mucio
577 2756 736 2800 Scaliger
754 2770 789 2791 u.
933 2758 976 2792 23
995 2758 1151 2790 abductis
1169 2759 1339 2799 Iun-iuius,
1362 2755 1516 2789 adductis
1536 2754 1637 2786 codd.

300 2808 340 2841 24
362 2807 492 2850 Oppido
512 2819 546 2840 α.
738 2810 794 2853 ad]
815 2811 846 2842 in
869 2811 899 2841 b.
1093 2811 1136 2843 25
1156 2815 1327 2852 quactum
1347 2820 1379 2849 a,
1402 2818 1487 2850 quae
1508 2811 1585 2838 tunc
1606 2808 1637 2838 b.

297 2858 340 2891 2⁸3
353 2859 507 2891 existunt
521 2869 553 2891 α.
694 2861 895 2902 29uiJ111a.
1038 2860 1246 2901 legionarias
1262 2860 1291 2891 b.
1434 2856 1638 2890 aeci-bunio.
