1835 3240
705 159 1127 202 -—106--

171 281 248 323 tur,
284 287 359 326 quo
380 279 472 313 sunt
494 272 531 312 in
553 286 717 312 numero
741 270 1018 324 Curiosolites,
1041 274 1272 323 RhedoneS,
1297 273 1516 324 Ambibari,
1542 272 1658 315 Cale-

172 348 249 391 tes,
275 338 454 391 Osismii,
479 338 735 389 Lemouices,
759 340 919 391 Veneti,
947 340 1197 392 Vnelli,VI'.
1230 340 1297 381 Ex
1320 341 1396 389 his,
1421 357 1505 382 cum
1528 341 1659 383 Bello-

172 409 261 449 uaci
290 423 402 449 suum
435 422 637 448 numerum
670 421 749 446 non
781 409 1064 462 complessent,
1089 410 1183 458 sed,
1216 416 1259 448 ut
1280 417 1414 462 postea
1438 411 1656 459 ostendam,

173 477 247 516 duo
277 483 424 517 tantum
454 476 559 516 milia
591 476 820 524 misissent,
854 489 887 514 e.
921 475 991 524 76,
1018 476 1047 516 2
1078 477 1289 516 secundum
1331 477 1506 530 integros
1544 478 1656 517 codd.

173 545 345 597 equitum
368 541 484 593 VIH,
519 543 689 596 peditum
713 542 871 582 circiter
892 539 1045 581 CCXL
1069 541 1175 582 milia
1190 573 1200 591 ,
1243 543 1454 582 secundum
1488 544 1660 597 interpo-

171 611 273 652 latos
297 612 467 665 equitum
490 611 590 651 idem
613 622 798 649 numerus
813 639 823 657 ,
857 609 924 648 sed
948 609 1114 661 peditum
1138 609 1299 650 circiter
1327 607 1435 650 CCL
1458 611 1565 651 milia
1596 626 1660 651 co-

172 685 259 719 acta
285 679 478 719 dicuntur.
515 678 645 730 Atque
666 677 843 729 integros
867 676 977 715 codd.
1005 676 1090 716 sine
1113 677 1190 716 ulla
1211 677 1453 718 dubitatione
1476 692 1660 730 sequere-

172 760 285 795 mur,
321 746 396 786 nisi
428 760 513 786 cum
547 744 797 797 interpolatis
830 745 1075 784 consentiret
1104 742 1271 785 Orosius
1303 744 1374 791 VI,
1416 744 1479 784 ll.
1533 743 1658 797 Quem

173 828 260 854 cum
291 815 330 854 in
360 813 530 853 numeris
563 812 793 865 quibusdam
826 811 1092 851 emendatiore
1124 812 1258 852 codice
1274 826 1385 853 usum
1408 826 1496 853 esse
1519 814 1661 853 uideri-

171 896 258 922 mus
283 885 337 935 (p.
355 880 444 933 39),
468 881 726 933 interpolatos
750 879 810 919 hic
833 879 978 919 codicis
1000 880 1202 934 archetypi
1224 881 1459 934 scripturam
1478 894 1661 921 seruasse

173 949 421 990 statuendum
443 947 614 988 uidetur.
666 946 817 987 Eorum
839 954 966 986 autem
991 961 1263 996 numerorum,
1297 950 1361 1001 qui
1383 962 1499 1001 supra
1523 948 1659 1002 scripti

171 1024 277 1066 sunt,
304 1016 336 1055 si
361 1029 428 1069 pro
452 1016 586 1055 decem
611 1013 910 1055 Bellouacorum
935 1015 1090 1055 milibus
1114 1016 1186 1055 duo
1210 1016 1404 1069 ponimus,
1428 1030 1577 1056 summa
1600 1023 1661 1055 est

171 1084 276 1124 milia
311 1080 573 1124 CCLXXV:
609 1097 681 1136 qua
706 1083 780 1123 etsi
802 1083 913 1122 codd.
940 1080 1000 1122 VI
1021 1083 1178 1123 milibus
1201 1083 1392 1123 minorem
1415 1083 1575 1132 habent,
1601 1090 1660 1122 ta-

171 1166 259 1192 men
283 1165 327 1191 ea
351 1165 505 1204 quoque
526 1151 630 1191 iusto
655 1150 780 1190 maior
801 1157 886 1200 est,
925 1156 964 1190 et
986 1151 1185 1204 complura
1206 1151 1268 1190 hic
1291 1150 1445 1191 turbata
1477 1164 1565 1190 esse
1586 1150 1660 1204 ipsi

171 1219 326 1259 codices
348 1218 538 1259 indicant.
572 1216 605 1258 Ii
626 1218 791 1271 primum
814 1231 884 1271 pro
906 1217 1174 1259 Ambiuaretis
1196 1218 1341 1259 habent
1361 1217 1659 1259 Ambiuaretos.

172 1286 263 1328 Lib.
292 1284 382 1336 Vll,
407 1284 476 1335 90,
502 1285 544 1335 6,
578 1286 643 1326 ubi
664 1285 756 1326 item
777 1284 1025 1325 Ambiuareti
1048 1286 1241 1333 eduntur,
1274 1286 1315 1326 in
1346 1286 1457 1326 codd.
1482 1285 1660 1326 Ambila-

171 1355 244 1395 reti
269 1355 469 1408 leguntur.
503 1354 758 1403 Ambiuariti,
784 1367 881 1406 quos
904 1351 976 1401 IV,
1001 1350 1027 1391 9
1058 1359 1164 1392 extr.
1190 1350 1342 1393 Caesar
1362 1360 1473 1393 trans
1503 1351 1659 1393 Mosam

170 1423 317 1477 positos
342 1422 462 1463 fuisse
485 1422 636 1472 scribit,
663 1436 748 1462 cum
773 1421 832 1460 his
859 1420 1108 1461 Haeduorum
1132 1420 1359 1469 clientibus,
1385 1434 1481 1473 quos
1503 1420 1550 1460 iis
1574 1434 1661 1473 pro—

171 1490 336 1544 pinquos
370 1489 492 1530 fuisse
523 1491 772 1530 statuendum
813 1495 897 1537 est,
941 1488 1127 1540 coniungi
1168 1495 1381 1541 nequeunt.
1432 1486 1581 1527 Eadem
1615 1487 1662 1527 de

171 1572 291 1598 causa
313 1571 363 1597 ne
384 1556 619 1597 Ambiliatos
643 1557 815 1609 quidem,
840 1556 903 1609 qui
925 1553 1001 1605 ΙΙΙ,
1024 1554 1066 1605 9,
1094 1553 1147 1595 10
1173 1569 1217 1595 se
1248 1570 1333 1595 sum
1354 1554 1520 1596 Venetis
1552 1555 1660 1594 aliis-

173 1639 246 1678 que
268 1624 474 1664 maritimis
497 1625 754 1665 coniunxisse
777 1624 960 1663 dicuntur
975 1655 985 1672 ,
1010 1623 1073 1675 qui
1095 1623 1135 1662 in
1157 1623 1403 1676 interpolatis
1427 1622 1539 1661 codd.
1566 1621 1660 1660 Am-

169 1693 276 1736 biani
307 1692 460 1732 notiore
492 1693 673 1742 nomine,
705 1692 752 1731 ab
785 1690 932 1733 Oresio
961 1688 1036 1740 VI,
1070 1689 1096 1730 8
1124 1690 1362 1730 Ambiuariti
1394 1689 1656 1743 appellantur,

171 1759 425 1801 Haeduorum
448 1760 611 1800 clientes
635 1760 756 1800 fuisse
785 1758 1113 1800 existimabimus.
1159 1756 1254 1798 Non
1282 1758 1368 1797 sine
1400 1757 1531 1810 specie
1565 1755 1659 1796 Gla-

169 1841 315 1871 reanus
337 1827 614 1879 Ambibarios,
648 1828 714 1882 qui
744 1827 849 1868 infra
879 1827 983 1868 inter
1004 1827 1185 1868 ciuitates
1208 1825 1440 1865 Armoricas
1474 1826 1659 1878 leguntur

173 1897 282 1949 (nam
307 1895 571 1946 ‘Ambibarii⁷,
611 1910 691 1936 non
717 1893 951 1935 ‘Ambibari'
981 1901 1074 1934 sunt
1103 1893 1145 1933 in
1170 1893 1363 1947 ‘plurimis
1395 1894 1522 1932 codd.'
1555 1891 1658 1933 Oud.

173 1971 210 2003 et
232 1962 326 2004 Par.
353 1968 450 2018 pr.)‚
479 1965 635 2004 eosdem
660 1963 905 2004 existimauit
935 1969 1051 2015 atque
1072 1960 1325 2001 Ambiliatos.
1380 1959 1661 2000 Ambluaretos

170 2039 298 2073 autem
313 2061 324 2079 ‚
358 2032 423 2085 qui
459 2032 520 2072 hic
551 2031 808 2072 Haeduorum
830 2031 992 2071 clientes
1015 2031 1224 2078 dicuntur,
1249 2042 1344 2068 sane
1367 2027 1579 2068 uerisimile
1601 2035 1662 2067 est

171 2099 327 2139 eosdem
351 2113 438 2139 esse
460 2106 576 2152 atque
596 2098 864 2139 Ambilaretos
879 2128 889 2147 ,
923 2112 1021 2151 quos
1043 2112 1079 2137 c.
1103 2095 1174 2146 90,
1199 2094 1225 2135 6
1247 2096 1362 2135 huius
1383 2095 1471 2135 libri
1494 2109 1661 2135 comme-

171 2166 320 2208 morari
352 2166 450 2206 dixi.
498 2165 557 2206 Ibi
588 2167 690 2207 enim
713 2164 762 2207 C.
789 2167 986 2208 Antistius
1008 2165 1189 2219 Reginus
1221 2163 1261 2203 in
1283 2163 1575 2212 Ambilaretos,
1608 2161 1658 2202 T.

173 2232 338 2277 Sextius
369 2234 408 2274 in
440 2232 641 2288 Bituriges
672 2235 814 2275 missus
838 2234 1003 2274 dicitur:
1039 2231 1238 2286 Bituriges
1269 2238 1396 2271 autem
1417 2231 1464 2270 ab
1489 2229 1661 2270 Haeduis

172 2300 312 2356 Ligeri
334 2302 480 2342 diuisos
506 2303 625 2342 fuisse
649 2316 701 2342 ex
723 2317 757 2342 c.
783 2302 823 2351 5,
848 2301 874 2341 4
897 2301 1009 2341 liuius
1032 2300 1120 2340 libri
1144 2300 1304 2340 scimus.
1337 2297 1391 2337 Et
1413 2298 1662 2350 quemadmo-

173 2369 259 2409 dum
290 2369 525 2412 Ambiliatos
555 2378 594 2410 et
624 2370 876 2410 Ambibarios
911 2369 1065 2409 eosdem
1096 2368 1218 2408 fuisse
1249 2373 1356 2407 recte
1379 2366 1545 2404 forsitan
1568 2362 1661 2404 Gla-

172 2451 316 2478 reanus
340 2438 569 2486 coniecerit,
602 2438 657 2477 ita
679 2438 762 2477 fieri
786 2444 930 2490 potest,
955 2436 1055 2490 quod
1076 2433 1226 2477 Vrsino
1248 2434 1374 2474 uisum
1397 2439 1473 2480 est,
1505 2439 1546 2470 ut
1565 2431 1661 2470 Am-

172 2505 341 2546 hluareti
363 2505 449 2545 siue
471 2504 700 2545 Ambilareti
725 2505 838 2544 iidem
872 2505 951 2544 sint
968 2519 1053 2544 cum
1077 2502 1252 2543 Haeduis
1275 2500 1479 2541 Ambarris
1494 2530 1504 2547 ‚
1539 2499 1602 2553 qui
1625 2496 1660 2548 I,

176 2572 287 2622 11,4
308 2573 526 2613 necessarii
550 2579 589 2612 et
610 2571 1158 2625 consanguineiHaeduorum
1181 2569 1438 2622 appellantur.
1472 2564 1551 2606 Sed
1574 2580 1660 2605 cum

175 2641 271 2682 haec
294 2639 424 2680 omnia
447 2639 494 2679 ob
516 2640 672 2679 nimiam
695 2640 893 2679 nominum
916 2638 1213 2693 discrepantiam
1236 2637 1389 2676 incerta
1402 2635 1494 2683 sint,
1522 2633 1661 2686 ubique

178 2708 333 2749 codices
367 2708 589 2760 sequendos
623 2708 734 2747 duxi.
789 2706 942 2747 Deinde
974 2705 1228 2746 Brannouios
1255 2703 1341 2743 sine
1370 2702 1511 2742 idonea
1542 2714 1661 2741 causa

177 2772 414 2816 Ciacconius
444 2782 484 2815 et
515 2772 696 2828 Scaliger
728 2774 929 2815 eiciendos
958 2778 1219 2826 putauerunt,
1259 2779 1391 2825 utpote
1421 2768 1660 2822 discrepanti

177 2843 374 2898 scriptura
395 2843 654 2885 Aulercorum
668 2841 961 2883 Brannouicum
983 2848 1108 2881 ortos.
1134 2837 1280 2892 Quidni
1303 2838 1407 2879 enim
1428 2846 1468 2879 et
1478 2836 1661 2878 Brauuo-
