1835 3240
693 172 921 213 —24

152 310 251 337 rum.
294 291 433 333 Naues
457 287 645 329 Caesaris
668 286 850 326 dicuntur
872 285 1066 325 ‘incertae
1090 285 1278 326 locorum'
1299 286 1341 334 7,
1366 285 1408 335 3,
1445 285 1634 326 ‘incertae

152 363 325 403 locorum
357 365 472 411 atque
505 362 724 395 castrorum
756 352 928 393 suorum'
951 351 1021 402 21,
1046 352 1071 392 3
1094 360 1133 392 61
1152 352 1222 398 28,
1247 352 1295 392 1:
1330 353 1453 393 uerba
1477 359 1633 393 ‘natura

153 429 229 470 loci
258 423 475 481 perspecta'
505 423 687 476 leguntur
716 420 756 470 3,
781 420 821 460 4.
857 420 927 466 38,
950 419 992 459 2.
1025 418 1096 468 76,
1127 418 1177 468 33
1214 416 1444 460 ‘Caesarem
1476 435 1554 460 11011
1579 423 1634 461 fe-

153 493 318 536 fellerat'
351 493 391 542 3,
424 491 465 530 4.
503 489 570 540 56,
603 490 643 530 4.
688 487 758 536 75,
792 488 832 528 5.
865 486 933 537 80,
962 485 1009 537 ‘13
1045 486 1241 526 ‘omnibus
1273 487 1420 527 insciis'
1451 488 1514 534 10,
1547 487 1571 527 3
1595 495 1635 528 et

152 563 222 613 37,
246 561 295 612 23
324 558 549 600 ‘luminibus
571 555 764 597 accensis⁷
788 553 842 594 56
864 561 969 595 extr.
995 552 1049 594 89
1071 561 1205 603 extr.;
1236 558 1329 593 ‘non
1351 554 1523 595 arbitror
1544 569 1634 595 esse

153 624 551 685 praetermittendum'
583 623 652 673 59,
689 622 711 663 1
746 632 781 663 et
813 621 883 671 84,
922 621 959 662 1.
1005 619 1086 662 Sed
1118 635 1189 674 qua
1223 621 1471 674 neglegentia
1501 622 1539 662 in
1562 623 1634 662 hoc

153 710 299 752 genere
320 701 501 735 uersatus
524 693 576 732 sit
596 691 765 745 scriptor
780 721 790 740 ‚
822 690 913 730 inde
936 690 1078 742 optime
1096 689 1377 742 perspicietur,
1412 690 1512 741 quod
1535 703 1635 729 noua

152 780 219 806 res
250 778 340 805 raro
372 761 487 801 aliter
515 774 628 813 quam
659 758 845 799 aduerhio
880 755 1068 798 ‘interim'
1099 756 1347 810 adiungitur,
1388 756 1488 808 quod
1518 769 1637 796 sexa-

155 833 239 886 gies
262 838 301 871 et
322 830 454 870 sexies
470 859 480 878 ,
514 828 548 868 si
570 833 677 867 recte
700 825 924 876 numeraui,
958 825 998 865 in
1031 824 1103 864 hoe
1125 823 1224 866 libro
1247 824 1435 877 scriptum
1459 830 1543 873 est,
1576 823 1636 863 bis

157 897 339 940 ‘interea'
362 896 423 952 (8,
448 895 488 936 4.
520 895 590 946 44,
616 894 676 949 1).

268 963 583 1006 Commentarius
615 964 661 1004 de
688 963 789 1004 bello
812 961 1066 1017 Hispaniensi
1100 974 1330 1014 quamquam
1365 967 1402 1000 et
1424 959 1638 1013 corruptis-

153 1035 274 1075 simus
305 1041 366 1074 est
396 1040 434 1073 et
463 1031 596 1072 multis
625 1031 800 1085 partibus
824 1037 1050 1078 truncatus,
1085 1043 1164 1069 non
1195 1035 1285 1069 sunt
1315 1035 1444 1068 tamen
1477 1028 1550 1068 hae
1572 1040 1636 1067 res

153 1102 452 1156 impedimento,
485 1113 560 1153 quo
589 1100 743 1148 minus,
776 1105 961 1152 quantum
1003 1097 1050 1137 ad
1091 1097 1190 1136 hanc
1231 1096 1498 1149 quaestionem
1541 1094 1636 1135 satis

155 1176 239 1219 est,
275 1175 384 1209 certo
408 1168 453 1208 de
475 1181 521 1207 eo
543 1167 718 1208 iudicare
740 1166 950 1220 possimus.
995 1163 1111 1217 Quod
1142 1164 1261 1217 igitur
1282 1163 1323 1203 in
1345 1163 1444 1203 libro
1467 1164 1513 1203 de
1534 1163 1636 1203 bello

152 1237 343 1277 Africano
374 1250 440 1276 res
472 1243 603 1290 gestas
633 1234 785 1289 plenius
817 1248 929 1287 quam
968 1232 1008 1272 in
1043 1231 1310 1286 superioribus
1342 1229 1636 1270 commentariis

152 1305 299 1345 relatas
330 1304 526 1351 diximus,
570 1304 631 1343 hic
663 1303 764 1343 liber
791 1302 832 1341 in
862 1315 907 1340 ea
939 1308 1050 1354 parte
1083 1300 1198 1340 etiam
1230 1299 1461 1339 Africanum
1492 1298 1636 1338 bellum

154 1379 333 1425 superat,
368 1372 422 1411 ita
454 1379 497 1412 ut
529 1385 577 1411 ne
608 1371 791 1411 minimae
824 1369 977 1422 quidem
1002 1381 1067 1408 res
1090 1367 1392 1420 praetermissae
1414 1367 1634 1413 uideantur,

154 1454 240 1481 eum
281 1439 344 1479 1161
383 1439 627 1492 singulorum
660 1438 859 1478 hominum
892 1436 1113 1488 transfugia
1144 1447 1270 1487 neque
1302 1434 1426 1473 solum
1456 1433 1637 1482 militum,

152 1509 222 1549 sed
264 1508 380 1549 etiam
421 1507 626 1549 mulierum
667 1513 784 1559 atque
816 1517 1052 1552 seruorum,
1094 1502 1363 1555 speculatores
1405 1500 1638 1554 deprehensi

153 1575 304 1629 aliaque
335 1574 600 1615 huiuscemodi
632 1572 929 1614 accuratissime
962 1570 1178 1624 perscripta
1204 1569 1298 1609 sint.
1340 1567 1439 1609 Item
1462 1568 1521 1608 hic
1544 1582 1639 1621 quo-

153 1657 226 1696 que
256 1643 356 1682 liber
386 1656 449 1682 res
472 1649 606 1695 gestas
628 1641 841 1681 seeundum
863 1638 1049 1692 temporis
1072 1638 1247 1677 ordinem
1270 1636 1386 1676 habet
1407 1636 1635 1690 dispositas,

154 1711 224 1751 sed
256 1711 352 1750 adeo
383 1710 611 1756 fastidiose,
644 1716 685 1748 ut
715 1709 756 1748 in
786 1708 902 1760 longe
934 1706 1105 1746 maxima
1135 1711 1270 1758 parte,
1304 1704 1394 1744 inde
1427 1705 1473 1744 ab
1499 1704 1637 1744 obses-

154 1779 267 1818 sione
290 1775 404 1818 Vliae
427 1791 549 1830 usque
572 1777 616 1817 ad
641 1790 808 1830 pugnam
829 1774 1107 1822 Mundensem,
1142 1787 1220 1812 non
1239 1779 1404 1821 tantum,
1430 1773 1518 1826 quid
1540 1786 1638 1813 uno-

156 1859 306 1900 quoque
336 1846 398 1886 die
428 1852 581 1899 gestum
611 1845 685 1893 sit,
731 1842 941 1896 separatim
972 1843 1192 1888 referatur,
1234 1840 1303 1880 sed
1339 1841 1455 1880 etiam
1488 1840 1569 1880 dies
1599 1847 1640 1879 et

154 1921 294 1955 noctes
317 1920 433 1966 atque
457 1920 588 1967 partes
611 1926 744 1952 earum
768 1911 1036 1964 diiungantur.
1080 1907 1167 1949 Etsi
1197 1908 1369 1961 scriptor
1389 1907 1638 1962 apertissime

154 1983 263 2023 fauet
293 1978 573 2029 Caesarianis,
607 1994 769 2032 quorum
803 1979 843 2018 in
874 1976 1054 2017 exercitu
1080 1989 1122 2016 se
1146 1975 1265 2015 fuisse
1288 1988 1404 2029 saepe
1426 1975 1636 2028 significat,

153 2049 494 2103 Pompeianosque
527 2047 690 2100 despicit
720 2054 758 2086 et
790 2045 1030 2093 contemnit,
1063 2050 1194 2083 tamen
1229 2043 1325 2082 haec
1355 2043 1479 2096 magis
1502 2055 1639 2084 narra-

153 2118 260 2158 tione
280 2130 414 2157 rerum
436 2123 633 2170 gestarum
655 2128 724 2168 pro
747 2113 911 2154 consilio
933 2111 1114 2155 instituta
1136 2123 1248 2162 quam
1272 2108 1638 2149 ratiocinationibus

153 2193 193 2226 et
223 2184 374 2225 iudiciis
397 2182 691 2236 interponendis
707 2213 718 2232 ,
751 2189 794 2221 ut
822 2181 863 2221 in
889 2179 989 2220 libro
1012 2179 1059 2218 de
1080 2177 1180 2217 bello
1202 2176 1393 2219 Africano
1417 2177 1557 2219 factum
1581 2175 1640 2222 ui-

153 2253 302 2302 dimus,
336 2250 564 2291 declarauit.
608 2248 655 2289 In
687 2248 866 2289 oratione
899 2260 1022 2300 pauca
1052 2245 1310 2286 inueniuntur
1337 2243 1428 2284 belli
1458 2243 1638 2285 Africani

152 2320 309 2362 similia.
352 2319 492 2372 Aeque
524 2319 750 2370 frequenter
781 2323 896 2368 atque
925 2314 1004 2354 illic
1025 2312 1209 2366 leguntur
1232 2311 1479 2354 ‘aduersarii'
1508 2311 1569 2359 (2,
1592 2310 1635 2352 2.

154 2387 196 2438 3,
220 2387 262 2428 8.
307 2386 348 2436 5,
373 2384 413 2426 6.
456 2384 498 2433 6,
526 2384 563 2423 1.
612 2384 680 2434 10,
704 2384 745 2423 4.
793 2382 859 2432 11,
885 2381 925 2422 3.
972 2379 1041 2430 13,
1065 2379 1105 2420 8.
1148 2379 1216 2429 15,
1239 2380 1281 2420 4.
1331 2378 1398 2426 18,
1424 2378 1464 2418 5.
1497 2377 1568 2428 20,
1591 2378 1634 2419 2.

153 2454 288 2505 21,1.
321 2452 393 2504 23,
419 2452 440 2492 1
465 2450 550 2493 616
572 2452 646 2492 1113.
679 2450 749 2498 24,
774 2448 815 2490 6.
849 2448 920 2498 25,
945 2447 970 2488 3
993 2446 1093 2488 618.
1127 2446 1198 2494 29,
1227 2446 1251 2486 3
1274 2454 1312 2487 et
1332 2445 1358 2487 6
1381 2445 1480 2491 618,
1516 2446 1584 2495 31,
1612 2446 1634 2486 1

154 2530 196 2566 61
215 2521 240 2562 3
263 2529 300 2562 61
321 2521 347 2561 4
370 2527 408 2561 61
428 2521 453 2561 7
477 2527 515 2560 61
538 2518 605 2559 10.
640 2518 708 2567 32,
733 2517 774 2557 2.
809 2516 879 2564 38,
904 2515 928 2555 5
958 2514 1076 2566 616).
1119 2512 1218 2554 Item
1244 2521 1473 2554 constanter
1494 2514 1637 2554 dicitur

156 2587 375 2631 ‘conuallis'
408 2587 534 2638 (7,1.
575 2586 646 2636 25,
668 2586 710 2627 2.
754 2584 825 2634 28,
848 2584 915 2637 2):
950 2590 990 2623 et
1023 2582 1169 2636 ‘potiri'
1199 2582 1259 2622 hic
1290 2595 1440 2634 quoque
1474 2583 1638 2622 coniun-

153 2666 258 2700 ctum
290 2663 351 2697 est
380 2670 465 2696 cum
497 2655 673 2708 genitiuo
706 2653 745 2703 1,
771 2652 810 2692 1.
844 2651 885 2701 2,
909 2651 936 2691 2
967 2658 1005 2692 61
1030 2650 1259 2691 aecusatiuo
1283 2647 1350 2699 16,
1375 2650 1426 2699 4,
1460 2650 1528 2689 3611
1551 2663 1637 2689 sae-

153 2727 239 2781 pius
270 2739 354 2766 cum
384 2722 555 2763 ablatiuo
585 2721 674 2774 (13,
706 2721 747 2761 4.
790 2719 860 2769 19,
893 2717 934 2759 6.
976 2717 1045 2768 34,
1075 2717 1116 2760 5.
1150 2715 1221 2768 40,
1245 2716 1305 2769 8).
1349 2715 1395 2757 Ι11
1424 2717 1638 2757 enuntiatis

153 2792 331 2835 relatiuis
372 2789 790 2844 plusquamperfectum
830 2787 999 2840 positum
1041 2792 1102 2825 est
1131 2799 1201 2839 pro
1231 2785 1460 2839 imperfecto
1493 2783 1560 2834 13,
1594 2784 1635 2825 8.

159 2861 225 2909 14,
258 2859 299 2900 2.
344 2857 411 2910 16,
444 2857 485 2898 2.
526 2855 598 2907 40,
620 2855 672 2907 63
706 2869 841 2897 uerum
871 2853 986 2906 longe
1017 2853 1334 2906 frequentissime
1365 2853 1637 2894 coniunctiuus
