1835 3240
723 198 835 206 --
894 174 949 215 84

182 303 230 329 ne
266 289 362 329 nihil
393 295 521 329 actum
553 288 755 328 censeret'
789 295 883 328 cett.
926 287 982 328 At
1003 300 1061 334 ea,
1095 300 1192 340 quae
1214 286 1325 326 initio
1358 285 1472 325 huius
1495 285 1667 339 disputa-

181 357 299 397 tionis
322 371 372 397 ex
395 357 507 396 codd.
534 357 662 410 posui,
697 356 767 396 soli
802 355 1076 407 neglegentiae
1106 354 1313 408 scriptoris
1341 353 1461 393 tribui
1484 360 1664 407 possunt,

182 424 373 478 similique
394 424 435 463 in
459 437 573 464 causa
597 425 693 464 haec
714 430 826 463 sunt:
862 421 980 463 Caes,
1004 421 1043 460 b.
1069 421 1172 461 Gall.
1193 419 1289 470 Vll,
1313 420 1383 470 86,
1407 420 1435 460 2
1467 421 1665 474 ‘imperat,

180 491 214 532 si
245 491 440 532 sustinere
473 506 550 530 non
583 491 728 544 possit,
764 488 940 529 deductis
964 488 1190 528 cohortibus
1214 488 1418 540 eruptione
1449 494 1664 540 pugnaret:

180 559 219 599 id
241 559 316 598 nisi
338 558 565 599 necessario
589 572 637 598 ne
660 556 808 605 faciat',
833 554 949 604 VIII,
974 555 1043 604 34,
1067 555 1094 594 4
1128 560 1260 607 ‘quam
1280 553 1328 593 ob
1354 553 1572 595 causamC.
1589 553 1667 595 Ca-

181 626 315 666 ninius
347 632 426 665 toto
459 625 597 678 oppido
631 624 870 665 munitiones
904 622 1149 662 circumdare
1180 628 1374 671 moratur,
1411 635 1461 660 ne
1483 629 1552 661 aut
1572 637 1668 676 opus

181 694 360 734 effectum
393 692 495 733 tueri
539 706 616 731 non
638 698 771 745 posset
800 697 866 730 aut
896 688 1069 742 pluribus
1109 689 1151 729 in
1180 689 1279 729 locis
1309 689 1463 728 infirma
1492 689 1670 742 disponat

181 760 390 814 praesidia'
423 761 531 814 (nam
555 756 742 799 Caesaris
765 758 853 797 loco
887 756 1064 810 ‘pugnet'
1087 763 1125 796 et
1146 756 1269 796 Hirtii
1303 756 1455 810 ‘possit'
1486 756 1527 796 in
1547 757 1670 796 inter-

182 829 322 882 polatis
356 834 506 867 tantum
537 826 648 866 codd.
685 826 917 879 leguntur),
953 821 1040 864 Cic.
1075 838 1144 877 pro
1176 823 1285 864 Mur.
1327 824 1396 873 41,
1421 823 1476 864 89
1509 828 1670 877 ‘quanta

181 903 311 936 autem
333 893 576 948 perturbatio
599 894 780 933 fortunae
802 899 919 944 atque
941 891 1135 931 sermonis
1150 922 1160 940 ,
1195 892 1320 944 quod,
1352 892 1487 944 quibus
1510 892 1551 931 in
1572 891 1670 931 locis

180 964 314 1018 paucis
337 969 428 1002 ante
451 960 585 1000 diebus
610 962 752 1000 factum
776 972 864 1000 esse
887 959 1085 998 consulem
1109 957 1316 1000 Murenam
1341 959 1466 999 nuntii
1497 959 1671 998 litterae-

182 1045 255 1084 que
277 1030 542 1070 celebrassent
573 1036 611 1068 et
640 1028 742 1068 unde
766 1028 937 1080 hospites
970 1033 1087 1079 atque
1109 1026 1219 1066 amici
1243 1027 1481 1080 gratulatum
1503 1026 1670 1066 Romam

181 1098 468 1145 concurrerint,
495 1110 540 1135 eo
564 1095 726 1135 accedat
746 1096 829 1148 ipse
852 1094 1010 1134 nuntius
1033 1107 1126 1133 suae
1149 1094 1410 1145 calainitatis“;
1436 1093 1526 1135 Liu.
1545 1092 1667 1143 XXI,

181 1164 235 1206 30
257 1171 363 1205 extr.
400 1163 578 1217 ‘proinde
610 1170 677 1203 aut
707 1163 893 1203 cederent
914 1162 1043 1202 animo
1066 1167 1182 1215 atque
1203 1162 1350 1202 uirtute
1372 1162 1479 1216 genti
1511 1176 1581 1215 per
1603 1175 1669 1201 eos

181 1233 263 1273 dies
289 1233 431 1272 totiens
455 1231 500 1270 ab
523 1245 565 1271 se
588 1231 733 1280 uictae,
759 1237 827 1270 aut
847 1228 1003 1270 itineris
1025 1229 1140 1268 finem
1162 1238 1322 1283 sperent
1349 1244 1525 1284 campum
1548 1230 1670 1269 inter-

177 1301 368 1340 iacentem
398 1298 533 1339 Tiberi
565 1312 610 1338 ac
643 1298 843 1338 moenibus
880 1296 1080 1337 Romanis'
1115 1304 1155 1337 et
1193 1296 1399 1347 XXXIII,
1424 1296 1450 1336 (i
1483 1301 1568 1336 ‘eos
1591 1297 1670 1336 fru-

182 1368 301 1410 menti
325 1367 398 1408 sibi
422 1374 576 1407 centum
600 1365 706 1406 milia
728 1366 971 1420 imperasse:
999 1366 1115 1418 quod,
1141 1379 1375 1418 quamquam
1398 1364 1570 1404 sterilem
1593 1370 1671 1404 ter-

181 1450 264 1476 ram
296 1442 411 1476 arent
440 1435 625 1487 ipsosque
657 1434 772 1474 etiam
805 1440 985 1487 agrestes
1025 1432 1231 1486 peregrino
1264 1433 1458 1472 frumento
1501 1432 1669 1480 alerent,

181 1511 327 1553 tamen,
362 1516 410 1542 ne
434 1502 595 1542 dessent
617 1502 758 1550 officio,
783 1500 1031 1550 confecisse}
1066 1499 1229 1541 Vitruu.
1253 1497 1308 1548 II,
1336 1498 1375 1549 1,
1401 1497 1426 1538 (i
1451 1505 1554 1539 ‘cum
1576 1512 1672 1554 ergo

183 1572 277 1611 haec
307 1570 363 1610 ita
391 1569 537 1609 suerint
558 1569 683 1622 primo
707 1568 947 1616 constituta,
979 1575 1018 1607 et
1048 1574 1188 1607 natura
1218 1581 1297 1606 non
1328 1567 1454 1607 solum
1487 1567 1670 1606 sensibus

182 1638 408 1677 ornauisset
430 1644 586 1690 gentes,
622 1635 690 1676 sed
713 1635 830 1674 etiam
853 1633 1157 1688 cogitationibus
1181 1641 1217 1674 et
1241 1634 1415 1674 consiliis
1438 1634 1674 1674 armauisset

186 1712 337 1745 mentes
360 1711 400 1744 et
430 1703 663 1744 subiecisset
694 1709 825 1743 cetera
858 1702 1042 1742 animalia
1075 1701 1146 1741 sub
1178 1689 1398 1754 potestate,
1432 1709 1513 1740 tum
1535 1715 1629 1741 uero
1653 1714 1672 1740 e

181 1771 505 1812 fabricationibus
528 1770 793 1812 aedificiorum
816 1770 1007 1823 gradatim
1031 1768 1231 1823 progressi
1253 1769 1301 1808 ad
1323 1775 1475 1809 ceteras
1505 1775 1611 1808 artes
1634 1775 1675 1808 et

180 1839 406 1893 disciplinas
437 1852 458 1878 e
490 1840 573 1880 fera
601 1838 825 1892 agrestique
856 1838 936 1877 uita
958 1837 1005 1876 ad
1026 1843 1270 1877 mansuetam
1304 1836 1573 1890 perduxerunt
1603 1836 1674 1876 hu-

182 1907 421 1947 manitatem'
453 1914 492 1946 et
524 1921 558 1947 e.
592 1907 634 1955 2,
658 1905 683 1946 2
709 1910 777 1945 ‘ex
811 1905 869 1945 his
893 1919 987 1958 ergo
1011 1904 1318 1958 congruentibus
1342 1919 1427 1944 cum
1450 1918 1514 1944 res
1538 1916 1672 1943 omnes

183 1975 289 2015 coire
312 1975 499 2027 nascique
521 1973 731 2013 uideantur
753 1980 793 2012 et
814 1985 883 2012 eae
906 1972 946 2011 in
967 1972 1130 2012 infinitis
1153 1972 1361 2025 generibus
1383 1978 1673 2012 rerum'natura

183 2049 317 2083 essent
339 2042 577 2095 disparatae,
602 2041 736 2094 putaui
759 2046 943 2094 oportere
966 2041 1012 2081 de
1034 2040 1294 2080 uarietatibus
1317 2047 1356 2079 et
1384 2038 1673 2079 discriminibus

183 2124 276 2150 usus
300 2124 435 2152 earum
458 2107 690 2163 exponere'.
744 2106 854 2147 Haec
877 2122 956 2147 non
979 2108 1110 2148 omnia
1130 2108 1379 2148 librariorum
1402 2106 1567 2146 ludibria
1590 2105 1675 2145 exi-

186 2178 381 2219 stimanda
412 2190 500 2217 esse
541 2177 812 2216 demonstrant
850 2188 990 2215 uersus
1030 2175 1200 2229 Vergilii
1231 2174 1336 2215 Aen.
1370 2173 1405 2224 I,
1438 2173 1520 2214 297
1563 2174 1674 2213 ‘haec

182 2246 238 2286 ait
269 2252 308 2286 et
338 2243 473 2285 Maiae
502 2245 676 2299 genitum
710 2243 881 2283 demittit
902 2243 949 2282 ab
972 2243 1067 2293 alto,
1101 2250 1143 2283 ut
1164 2249 1295 2283 terrae
1318 2250 1436 2294 utque
1459 2254 1586 2282 nouae
1609 2254 1675 2294 pa·

185 2320 295 2353 teant
317 2311 569 2366 Carthaginis
589 2325 702 2352 arces
725 2310 895 2364 hospitio
919 2310 1114 2351 Teucris:
1149 2325 1198 2351 ne
1221 2311 1288 2351 sati
1310 2309 1442 2351 nescia
1467 2308 1568 2349 Dido
1591 2308 1675 2348 fini-

182 2380 253 2420 bus
275 2379 460 2420 arceret'.
516 2378 803 2420 Verumtamen
826 2391 923 2431 quae
947 2392 999 2419 ex
1021 2377 1127 2418 Hirt.
1152 2377 1268 2428 VIII,
1293 2378 1362 2424 34,
1387 2377 1413 2417 4
1435 2376 1562 2429 posui,
1597 2383 1675 2415 tam

182 2448 335 2489 ineerta
357 2455 474 2497 sunt,
500 2453 542 2487 ut
562 2446 614 2486 ibi
649 2445 800 2500 ‘possit'
834 2460 980 2499 ponere
1003 2447 1180 2500 equidem
1205 2460 1284 2486 non
1307 2444 1513 2485 dubitarim
1532 2461 1540 2482 ε
1570 2448 1674 2496 ‘pos-

183 2516 246 2555 sit'
270 2515 374 2555 enim
396 2521 436 2554 et
459 2514 621 2567 ‘posset'
644 2514 741 2554 adeo
764 2514 846 2553 fere
867 2527 1023 2567 semper
1053 2515 1094 2554 in
1125 2514 1280 2568 optimis
1313 2512 1424 2551 codd.
1450 2517 1674 2564 permutan-

183 2589 272 2632 tur,
311 2589 354 2622 ut
394 2595 528 2621 eorum
570 2581 674 2620 nulla
711 2581 751 2620 in
782 2581 852 2620 hac
885 2594 928 2620 re
960 2582 1172 2621 auctoritas
1205 2580 1281 2629 sit,
1324 2579 1414 2618 item
1446 2578 1546 2631 apud
1575 2575 1671 2616 Liu.

183 2647 392 2698 XXXIII,
418 2647 444 2688 (i
477 2647 683 2688 ‘ararent'
716 2656 755 2687 et
775 2649 875 2701 apud
899 2645 1134 2688 Ciceronem
1157 2661 1226 2699 pro
1248 2645 1357 2685 Mur.
1382 2644 1451 2695 41,
1477 2644 1531 2685 8‘.)
1565 2649 1674 2684 ‘eon-

184 2716 401 2757 currerent'
434 2723 594 2770 propter
616 2716 764 2755 erroris
788 2715 1015 2754 facilitatem
1038 2714 1295 2767 praeferenda
1325 2713 1511 2753 arbitror.
1564 2711 1674 2752 Reli-

186 2798 261 2838 qua
293 2784 486 2825 mouenda
516 2797 593 2822 non
615 2789 722 2822 sunt.
775 2780 853 2822 Sed
875 2782 974 2835 apud
997 2778 1115 2821 Caes.
1141 2781 1178 2820 b.
1206 2779 1309 2821 Gall.
1335 2779 1429 2830 VII,
1453 2779 1523 2830 86,
1557 2778 1582 2818 2
1606 2793 1673 2832 po-

185 2852 353 2893 nendum
371 2858 432 2893 est
463 2851 512 2892 ‘si
534 2850 730 2892 sustinere
753 2864 830 2890 non
853 2849 1013 2904 posset'.
1058 2847 1250 2890 Omnibus
1278 2848 1507 2898 enimlocis,
1534 2846 1671 2901 quibus
