1835 3240
81 902 122 935 10

82 1241 121 1273 15

78 1576 121 1611 20

563 173 748 218 COMM.
772 173 853 216 IIII
892 172 1016 216 CAP.
1042 173 1244 217 16-18,
1629 178 1712 222 337

161 292 276 332 batur
296 295 453 343 propter
473 288 733 339 latitudinem,
758 288 1004 343 rapiditatem
1027 288 1350 340 altitudinemque
1373 288 1554 339 fluminis,
1579 300 1637 334 ta-

158 372 247 398 men
268 358 306 397 id
327 356 401 396 sibi
424 357 736 397 contendendum
767 364 836 397 aut
865 357 982 397 aliter
1010 370 1088 396 non
1117 356 1397 396 traducendum
1420 359 1639 399 exercitum

159 424 429 465 existimabat.
472 423 683 465 Rationem
707 425 837 479 pontis
860 424 961 464 hanc
982 424 1168 464 instituit.
1225 421 1353 477 Tigna
1374 423 1465 462 bina
1487 427 1637 477 sesqui·
1659 426 1683 466 3

157 491 308 546 pedalia
339 492 496 546 paulum
528 492 575 532 ab
609 492 686 532 imo
717 498 930 545 praeacuta
959 492 1135 532 dimensa
1169 491 1216 531 ad
1245 490 1490 531 altitudinem
1512 491 1639 531 flumi—

160 559 221 600 nis
251 560 461 600 interuallo
490 560 630 613 pedum
661 560 823 600 duorum
846 560 949 599 inter
969 574 1012 599 se
1034 559 1235 614 iungebat.
1298 558 1409 599 Haec
1440 573 1528 599 cum
1559 573 1640 599 ma·
1660 560 1688 600 4

156 627 444 668 chinationibus
467 627 631 668 inmissa
651 627 692 667 in
714 627 857 667 flumen
875 628 1067 667 defixerat
1089 627 1313 679 fistucisque
1335 627 1537 681 adegerat,
1562 641 1642 667 non

155 695 330 736 sublicae
351 696 464 735 modo
486 695 634 735 directe
655 695 703 735 ad
726 694 1059 748 perpendiculum,
1085 694 1154 734 sed
1176 708 1299 748 prone
1311 709 1357 735 ac
1376 694 1574 749 fastigate,
1600 701 1643 735 ut

156 763 373 803 secundum
395 770 573 803 naturam
596 762 764 802 fluminis
786 762 1114 816 procumberent,
1146 761 1205 802 his
1227 762 1321 802 item
1343 763 1542 803 contraria
1562 762 1638 802 duo
1662 761 1686 803 5

155 830 204 869 ad
235 831 399 870 eundem
429 831 582 870 modum
614 831 750 870 iuncta
779 830 988 870 interuallo
1022 830 1161 883 pedum
1196 830 1488 882 quadragenum
1512 829 1558 870 ab
1579 830 1641 870 in-

155 897 299 938 feriore
321 905 431 951 parte
455 905 591 939 contra
621 898 700 938 uim
736 905 852 951 atque
873 898 1059 951 impetum
1082 897 1251 937 fluminis
1275 911 1467 938 conuersa
1489 905 1639 938 statue-

152 964 233 1003 bat.
277 964 387 1006 Haec
412 972 574 1018 utraque
595 965 758 1020 insuper
774 965 1016 1019 bipedalibus
1039 965 1214 1005 trabibus
1237 966 1427 1016 inmissis,
1452 972 1638 1019 quantum
1661 962 1687 1005 6

156 1045 291 1072 eorum
313 1033 509 1086 tignorum
531 1034 714 1074 iunctura
736 1033 918 1081 distabat,
945 1033 1046 1073 binis
1069 1033 1266 1084 utrimque
1288 1033 1415 1073 fibulis
1439 1034 1485 1074 ab
1504 1041 1638 1074 extre-

153 1112 216 1139 ma
237 1107 346 1153 parte
370 1101 680 1152 distinebantur3
720 1101 858 1155 quibus
881 1101 1065 1142 disclusis
1088 1108 1204 1154 atque
1224 1101 1265 1141 in
1287 1102 1526 1141 contrariam
1549 1115 1637 1155 par·
1659 1100 1685 1141 7

154 1173 232 1206 tem
254 1168 441 1209 reuinctis
475 1176 584 1209 tanta
616 1177 702 1210 erat
735 1169 866 1223 operis
896 1169 1092 1209 firmitudo
1115 1176 1233 1222 atque
1255 1183 1302 1209 ea
1322 1183 1454 1210 rerum
1477 1176 1636 1218 natura,

155 1241 213 1284 ut,
238 1249 312 1287 quo
333 1236 458 1276 maior
479 1237 539 1277 uis
562 1251 685 1290 aquae
707 1250 750 1277 se
771 1237 1040 1287 incitauisset,
1080 1237 1153 1277 hoc
1185 1237 1311 1277 artius
1343 1237 1506 1291 inligata
1528 1243 1639 1277 tene-

154 1309 309 1343 rentur.
372 1302 483 1343 Haec
513 1305 660 1345 directa
690 1306 856 1345 materia
878 1305 1021 1345 iniecta
1044 1305 1359 1346 contexebantur
1379 1319 1425 1345 ac
1447 1305 1638 1358 longuriis
1660 1303 1687 1346 8

156 1370 405 1424 cratibusque
427 1372 806 1422 consternebantur3
845 1386 890 1412 ac
923 1373 1043 1413 nihilo
1073 1373 1204 1413 secius
1235 1372 1409 1413 sublicae
1440 1379 1481 1413 et
1510 1373 1557 1412 ad
1578 1373 1640 1412 in·
1661 1371 1687 1412 9

157 1437 341 1478 seriorem
364 1446 514 1491 partem
536 1440 706 1480 fluminis
729 1440 881 1493 oblique
905 1440 1138 1495 agebantur,
1174 1454 1274 1493 quae
1302 1454 1372 1494 pro
1401 1441 1526 1481 ariete
1547 1440 1639 1481 sub-

156 1504 280 1544 iectae
304 1512 339 1544 et
363 1520 449 1546 cum
481 1507 586 1547 omni
620 1521 737 1561 opere
759 1509 995 1549 coniunctae
1017 1508 1096 1548 uim
1117 1509 1287 1548 fluminis
1310 1508 1565 1562 exciperent,
1601 1514 1640 1548 et
1664 1507 1715 1549 10

154 1571 253 1612 aliae
274 1572 366 1612 item
389 1587 509 1627 supra
538 1582 695 1628 pontem
727 1576 917 1616 mediocri
945 1576 1097 1629 spatio,
1131 1583 1194 1626 ut,
1230 1576 1262 1616 si
1294 1576 1480 1616 arborum
1509 1576 1640 1617 trunci

154 1639 239 1679 siue
262 1653 383 1680 naues
400 1640 590 1682 dciciendi
602 1643 731 1696 operis
750 1651 885 1684 essent
906 1657 929 1683 a
949 1644 1129 1684 barbaris
1151 1644 1311 1692 missae,
1337 1644 1396 1684 his
1419 1644 1639 1684 defensori-

153 1705 223 1746 bus
246 1720 379 1747 earum
402 1722 534 1749 rerum
557 1710 617 1750 uis
640 1711 900 1761 minueretur,
926 1725 1000 1752 neu
1025 1711 1132 1765 ponti
1154 1718 1360 1752 nocerent.
1395 1710 1546 1751 Diebus
1569 1711 1634 1751 de·
1659 1711 1713 1755 18

154 1787 260 1822 cem,
295 1775 431 1828 quibus
464 1778 629 1818 materia
659 1786 798 1832 coepta
827 1786 914 1820 erat
946 1779 1195 1833 conportari,
1231 1779 1336 1820 omni
1358 1792 1476 1833 opere
1498 1779 1638 1819 effecto

154 1843 354 1884 exercitus
390 1845 620 1887 traducitur.
685 1843 839 1887 Caesar
870 1848 918 1888 ad
949 1855 1155 1900 utramque
1184 1854 1336 1901 partem
1366 1847 1495 1901 pontis
1526 1848 1637 1888 firmo
1660 1849 1687 1890 2

297 1999 318 2031 2
336 1998 408 2041 aut]
428 2000 516 2032 haud
538 2001 565 2034 C
583 2004 620 2033 et
633 2012 699 2034 sec.
720 2013 767 2034 m.
788 2003 831 2036 B.
984 2004 1003 2036 3
1022 2003 1259 2046 sequipedalia
1274 2004 1318 2035 A.
1483 2003 1503 2034 4
1523 2002 1643 2044 paulu-

156 2048 223 2080 lum
243 2049 274 2080 b.
415 2051 565 2083 dimersa
583 2054 620 2084 in
637 2063 753 2095 marg.
774 2054 817 2086 A.
960 2055 977 2086 5
998 2055 1181 2096 iungebant
1204 2055 1235 2086 b.
1407 2064 1482 2085 cum
1501 2054 1640 2086 achina-

156 2099 304 2132 tionibus
322 2111 369 2133 m.
385 2111 444 2143 pr.
465 2103 506 2134 B.
648 2105 667 2137 6
687 2105 827 2138 inmissa
846 2107 879 2139 A
892 2107 1010 2149 CDs.
1152 2107 1186 2138 in
1205 2106 1340 2138 flumine
1363 2107 1392 2139 b.
1563 2106 1639 2137 difi-

154 2155 254 2182 xerat
271 2151 314 2182 B.
455 2153 657 2198 fusticisque
675 2157 707 2188 D
722 2158 772 2198 E,
794 2156 1045 2200 festuculisque
1065 2158 1083 2189 b
1099 2168 1116 2189 c
1128 2158 1196 2200 ds.
1339 2157 1358 2190 7
1377 2157 1505 2189 directe
1518 2157 1549 2190 E
1561 2157 1638 2199 df2'

155 2201 295 2234 derecte
315 2213 332 2233 e
350 2206 386 2234 et
403 2214 481 2236 cum
499 2205 509 2236 i
527 2216 634 2247 super
651 2208 692 2239 de
710 2208 764 2248 A,
785 2208 945 2241 derectae
964 2210 1013 2249 B,
1036 2210 1189 2240 directae
1212 2209 1282 2241 CD
1302 2212 1339 2240 ct
1353 2219 1422 2240 sec.
1442 2218 1488 2240 m.
1509 2208 1561 2248 Β,-
1582 2208 1640 2239 de-

154 2256 251 2282 recta
267 2262 302 2284 u.
525 2266 630 2298 prone
648 2258 681 2289 A
693 2258 764 2290 CD
776 2259 866 2290 Ede
885 2262 921 2291 et
936 2270 1005 2291 sec.
1025 2269 1070 2291 m.
1084 2259 1277 2301 s(fuerat
1294 2259 1420 2301 proni),
1441 2269 1568 2301 pronae
1588 2259 1637 2299 B;

153 2311 258 2343 prona
278 2313 312 2334 u.
508 2305 672 2348 fastigate
690 2308 842 2350 AEes,
866 2308 1052 2351 fastigatae
1068 2311 1116 2352 B,
1138 2311 1304 2352 fatigatae
1324 2312 1363 2351 b,
1386 2311 1563 2352 fastigiate
1585 2312 1639 2344 C?

155 2351 287 2393 D?d?,·
307 2352 469 2396 fastigata
488 2367 522 2389 u.
648 2359 668 2391 8
687 2359 738 2390 his
757 2359 883 2402 BEf,
904 2360 946 2392 iis
964 2361 1041 2392 Au.
1183 2363 1246 2393 duo
1267 2362 1383 2403 codd„
1405 2372 1473 2394 non
1494 2373 1529 2394 11.

157 2402 176 2434 9
195 2403 363 2437 disiuncta
382 2417 402 2438 a
415 2408 432 2439 b
446 2419 475 2440 e.
662 2410 818 2442 inferiori
841 2412 882 2444 C.
1036 2413 1070 2446 11
1095 2414 1264 2456 (inmissis
1281 2415 1414 2457 ABs)
1432 2415 1584 2447 immissa
1604 2415 1636 2447 b.

175 2505 181 2511 ⁸
300 2458 342 2492 12
359 2459 527 2502 utrimque
544 2461 751 2505 A(B)Ds‚
772 2473 842 2494 non
860 2463 1033 2506 utrinque.
1185 2465 1225 2499 13
1245 2466 1559 2508 destffiebanturf,
1581 2466 1639 2498 de-

158 2506 353 2540 tinebantur
373 2511 400 2542 C
418 2514 454 2543 et
468 2523 536 2544 sec.
557 2524 604 2545 m.
625 2515 675 2554 B,
698 2515 961 2548 destinabantur
978 2517 1018 2548 E.
1223 2519 1262 2551 14
1282 2519 1394 2561 operis
1415 2517 1579 2550 fortitudo
1604 2519 1636 2550 b.

301 2558 339 2590 15
359 2560 517 2603 (inligata
535 2564 609 2595 AB
623 2565 748 2605 CDE)
766 2566 920 2608 ligatas.
1109 2568 1149 2601 16
1169 2569 1300 2601 directa
1320 2569 1380 2611 (B)
1400 2572 1437 2601 et
1451 2580 1521 2601 sec.
1541 2580 1587 2600 m.
1611 2568 1639 2600 C

161 2605 305 2646 (suerat
319 2610 445 2644 iniecta
465 2615 538 2646 ‘uel
555 2616 638 2647 tale’
655 2617 724 2649 Eoe.
744 2618 882 2658 Facu),
905 2619 1045 2651 derecta
1064 2620 1176 2652 ‘mss.’
1198 2622 1391 2664 DEeset
1407 2632 1485 2653 cum
1502 2622 1513 2653 i
1530 2630 1637 2663 super

160 2656 199 2687 de
216 2658 261 2688 A.
399 2665 538 2697 materie
558 2666 576 2697 b
589 2667 664 2709 ds,
686 2669 849 2700 materiae
869 2679 898 2700 e.
1039 2671 1093 2714 ac]
1114 2676 1148 2704 et
1166 2671 1338 2715 (B)?fet
1356 2674 1464 2704 tacite
1482 2681 1518 2702 u.

161 2707 201 2739 17
221 2709 396 2752 subliquae
416 2714 446 2746 b.
586 2723 620 2749 et
638 2718 740 2761 A(B)
757 2720 920 2760 CDEe,
941 2722 1058 2763 om.f.
1203 2723 1243 2755 18
1262 2723 1418 2765 obliquae
1441 2723 1524 2765 Cf:
1551 2721 1637 2753 obli-

161 2771 223 2801 que
236 2779 279 2783 ——
296 2762 333 2794 19
346 2765 489 2798 fluminis
508 2778 576 2800 om.
596 2770 678 2801 DE.
797 2782 856 2813 pro
877 2772 1008 2813 pariete
1027 2784 1105 2805 cum
1124 2776 1240 2807 tribus
1258 2775 1343 2807 dett.
1366 2785 1402 2806 u.
1518 2772 1560 2805 20
1580 2782 1635 2804 su-

161 2823 220 2854 per
240 2814 269 2844 b.
410 2817 446 2849 21
470 2821 581 2860 operis
599 2821 847 2865 A(B)CDE,
870 2824 983 2866 operis
1003 2835 1108 2858 causa
1125 2827 1186 2867 es.
1358 2827 1401 2860 22
1421 2823 1500 2865 neu]
1523 2834 1583 2855 nec
1603 2825 1634 2855 b.

302 2864 344 2898 23
364 2870 554 2908 conportari
572 2871 614 2902 B.
752 2871 867 2914 opere]
888 2879 986 2914 ponte
1008 2875 1039 2906 b.
1180 2876 1223 2911 24
1243 2876 1524 2917 transduciturs-

199 2926 318 2963 Cacsar,
340 2929 384 2956 ed.
407 2928 547 2967 Nipperd.
1383 2940 1437 2980 22
