1835 3240
98 904 140 937 10

102 1582 144 1616 20

101 1919 141 1951 25

105 2262 146 2294 30

535 171 539 177 ‘
586 168 769 213 COMM.
795 167 855 212 III
876 165 1001 211 CAP.
1031 166 1081 209 14
1100 192 1155 198 —
1179 166 1245 209 16.
1644 165 1724 210 571

170 302 254 330 cum
285 292 346 335 et,
388 284 507 325 sicuti
536 284 635 324 mari
667 283 919 337 portibusque
942 280 1158 324 Caesarem
1192 279 1446 335 prohibebat,
1482 281 1535 321 ita
1566 282 1651 335 ipse

172 354 276 395 omni
298 360 403 393 terra
426 366 559 394 earum
584 353 789 405 regionum
813 351 1116 404 prohibebatur:
1143 348 1347 403 praesidiis
1370 348 1469 387 enim
1490 349 1651 401 disposi-
1671 348 1699 389 2

172 422 222 462 tis
235 421 365 461 omnia
386 421 501 460 litora
516 417 727 460 aCaesare
752 419 1003 468 tenebantur,
1029 431 1155 470 neque
1168 415 1342 470 lignandi
1358 422 1474 467 atque
1487 416 1653 467 aquandi

171 503 300 542 neque
322 502 445 529 naues
469 488 516 527 ad
539 494 683 528 terram
705 486 899 538 religandi
922 493 1094 540 potestas
1118 485 1248 525 tiebat.
1302 482 1403 523 Erat
1423 496 1487 522 res
1510 483 1549 522 in
1572 497 1650 523 ma-
1673 482 1698 522 3

174 571 250 611 gna
273 556 513 605 difficultate,
537 554 774 607 summisque
796 553 987 607 angustiis
1010 567 1142 593 rerum
1167 551 1479 592 necessariarum
1505 564 1656 604 preme-

169 625 336 675 bantur,
369 625 466 664 adeo
500 630 541 663 ut
569 629 808 676 cogerentur
836 621 952 661 sicuti
980 621 1171 673 reliquum
1194 626 1450 660 commeatum
1472 618 1526 658 ita
1550 618 1656 671 ligna

171 699 286 746 atque
308 706 446 745 aquam
469 688 648 743 Corcyra
681 689 849 729 nauibus
881 689 1074 729 onerariis
1097 688 1354 741 subportare,
1391 693 1506 739 atque
1537 686 1654 726 etiam
1676 684 1704 726 4

172 775 250 801 uno
273 770 448 814 tempore
469 758 626 808 accidit,
651 757 984 798 utdillicilioribus
1007 755 1066 795 usi
1090 755 1387 808 tempestatibus
1399 769 1448 795 ex
1472 753 1652 808 pellibus,

173 828 312 882 quibus
336 834 450 868 erant
472 833 596 866 tectae
620 839 756 874 naues,
782 831 1020 864 nocturnum
1039 824 1224 876 excipere
1247 837 1374 863 rorem
1389 828 1652 875 cogerentur3

173 910 268 949 quas
302 902 430 936 tamen
463 893 709 934 difficultates
732 893 927 947 patienter
947 899 1062 944 atque
1085 905 1209 943 aequo
1231 890 1360 930 animo
1384 890 1566 930 ferebant
1587 902 1654 929 ne·
1676 887 1701 929 5

173 978 248 1018 que
270 963 345 1003 sibi
367 963 549 1003 nudanda
573 961 690 1001 litora
712 968 750 1001 et
771 960 1048 1012 relinquendos
1071 966 1207 1012 portus
1231 958 1526 998 existimabant.
1574 954 1654 998 Sed
1674 954 1703 996 6

172 1047 258 1072 cum
282 1038 417 1072 essent
436 1030 476 1069 in
499 1029 638 1082 quibus
662 1027 929 1068 demonstraui
952 1027 1145 1080 angustiis
1161 1057 1171 1076 ‚
1206 1040 1251 1065 ac
1282 1039 1325 1066 se
1347 1024 1448 1065 Libo
1478 1039 1565 1065 eum
1588 1022 1656 1064 Bi-

170 1100 259 1141 bulo
282 1096 580 1146 coniunxisset,
615 1097 825 1149 loquuntur
856 1096 969 1135 ambo
992 1109 1045 1135 ex
1067 1094 1233 1134 nauibus
1256 1108 1342 1133 cum
1365 1092 1439 1133 Μ’.
1464 1092 1595 1132 Acilio
1619 1098 1659 1132 et

172 1166 300 1208 Statio
321 1165 464 1206 Murco
487 1164 651 1218 legatis3
676 1178 841 1219 quorum
865 1164 965 1203 alter
986 1163 1111 1217 oppidi
1135 1162 1254 1202 muris
1270 1192 1281 1211 ‚
1320 1162 1422 1201 alter
1452 1159 1657 1214 praesidiis

173 1235 432 1275 terrestribus
455 1240 661 1288 praeerat:
698 1232 798 1272 uelle
822 1246 864 1272 se
888 1232 932 1271 de
956 1231 1139 1271 maximis
1161 1230 1278 1270 rebus
1302 1244 1385 1270 cum
1410 1226 1576 1269 Caesari
1599 1227 1657 1267 lo-

174 1304 264 1359 qui,
298 1302 331 1343 si
363 1302 420 1343 eis
453 1301 616 1342 facultas
648 1301 777 1341 detur.
823 1299 911 1340 Huc
947 1300 1094 1339 addunt
1124 1313 1246 1353 pauca
1276 1298 1333 1338 rei
1366 1296 1655 1337 confirmandae
1676 1292 1703 1334 7

174 1385 318 1417 causa,
351 1377 394 1410 ut
424 1371 470 1411 de
502 1369 786 1423 compositione
819 1368 944 1408 acturi
967 1368 1211 1408 uiderentur.
1253 1364 1417 1406 Interim
1440 1364 1655 1418 postulant,

176 1446 216 1478 ut
238 1439 318 1478 sint
338 1438 528 1488 indutiae,
554 1445 670 1490 atque
693 1437 740 1477 ab
763 1437 812 1477 iis
834 1437 1060 1490 impetrant.
1109 1433 1298 1489 Magnum
1322 1434 1442 1481 enim,
1468 1432 1569 1486 quod
1592 1432 1657 1472 ad-
1679 1430 1706 1473 8

176 1496 387 1556 ferebant.
414 1507 644 1555 uidebatur,
679 1513 714 1545 et
740 1503 955 1545 Caesarem
986 1504 1025 1543 id
1047 1517 1197 1543 summe
1218 1502 1395 1543 sciebant
1417 1514 1585 1554 cupere,
1620 1506 1660 1540 et

176 1576 392 1629 profectum
416 1574 562 1627 aliquid
577 1572 735 1615 Vibullii
759 1573 951 1612 mandatis
975 1571 1291 1612 existimabatur.
1319 1567 1470 1609 Caesar
1494 1582 1540 1608 eo
1563 1575 1659 1607 tem-
1677 1566 1735 1611 16

174 1657 267 1696 pore
290 1657 374 1682 cum
400 1643 553 1695 legione
578 1655 653 1681 una
676 1642 874 1695 profectus
899 1640 946 1679 ad
970 1639 1216 1693 recipiendas
1240 1638 1449 1678 ulteriores
1479 1636 1661 1676 ciuitates

175 1718 214 1751 et
236 1725 317 1750 rem
342 1709 638 1750 frumentariam
664 1709 964 1762 expediendam,
991 1722 1063 1760 qua
1087 1714 1252 1760 anguste
1275 1706 1480 1754 utebatur,
1506 1710 1591 1744 erat
1613 1704 1661 1743 ad

174 1776 428 1827 Buthrotum,
450 1766 673 1831 oppositum
700 1774 920 1831 Corcyrae.
974 1774 1032 1815 Ibi
1056 1776 1204 1815 certior
1235 1774 1280 1813 ab
1305 1773 1435 1812 Acilio
1458 1779 1497 1812 et
1520 1769 1661 1811 Murco
1683 1772 1710 1812 2

174 1859 244 1898 per
265 1846 417 1886 litteras
448 1847 574 1886 factus
608 1846 654 1885 de
686 1845 890 1899 postulatis
915 1843 1082 1884 Libonis
1114 1850 1153 1884 et
1174 1842 1300 1882 Bibuli
1327 1841 1519 1895 legionem
1543 1839 1663 1880 relin-

175 1913 283 1965 quit3
307 1914 390 1966 ipse
413 1912 574 1954 Oricum
599 1914 829 1953 reuertitur.
874 1912 936 1953 Eo
959 1928 1045 1953 eum
1069 1913 1268 1961 uenisset,
1294 1916 1515 1950 euocantur
1537 1909 1592 1949 illi
1615 1909 1662 1949 ad
1683 1906 1708 1947 3

181 1981 432 2034 colloquium.
495 1980 634 2021 Prodit
656 1980 757 2020 Libo
781 1989 896 2033 atque
920 1988 1085 2020 excusat
1105 1979 1304 2025 Bibulum,
1331 1978 1432 2031 quod
1455 1978 1486 2017 is
1510 1978 1666 2017 iracun-

180 2048 241 2089 dia
264 2063 414 2089 summa
429 2057 513 2090 erat
535 2049 838 2105 inimicitiasque
862 2049 1028 2089 babebat
1050 2049 1167 2089 etiam
1190 2048 1364 2101 priuatas
1388 2060 1474 2085 cum
1490 2043 1665 2086 Caesare

184 2131 235 2158 ex
257 2118 455 2159 aedilitate
478 2125 515 2158 et
538 2125 721 2172 praetura
744 2124 974 2171 conceptas:
1001 2117 1048 2156 ob
1071 2131 1155 2157 eam
1179 2130 1336 2155 causam
1351 2114 1582 2165 colloquium
1606 2112 1664 2152 ui-

179 2194 309 2236 tasse,
350 2200 398 2226 ne
430 2200 494 2226 res
526 2188 721 2227 maximae
752 2185 834 2239 spei
859 2186 1130 2237 maximaeque
1155 2184 1335 2224 utilitatis
1359 2182 1441 2222 eius
1464 2180 1667 2221 iracundia

177 2255 473 2309 impedirentur.
498 2253 677 2309 Pompeii
699 2269 889 2295 summam
913 2267 1001 2294 esse
1016 2267 1061 2293 ac
1084 2253 1204 2293 l'uisse
1227 2265 1381 2305 semper
1404 2251 1662 2298 uoluntatem,
1688 2246 1714 2287 4

323 2416 341 2448 3
362 2416 477 2448 littora
497 2426 531 2448 α.
674 2415 801 2457 ligandi
822 2425 854 2446 α.
998 2419 1098 2456 atque
1119 2412 1264 2455 aquandi
1284 2411 1332 2452 (a)
1346 2412 1374 2452 b,
1399 2420 1503 2452 neque
1520 2407 1669 2451 aquandi

183 2475 216 2497 a.
358 2468 375 2500 7
397 2467 582 2510 Corcyram
602 2477 621 2498 α
634 2478 662 2498 c.
804 2467 1020 2509 (subportare
1040 2467 1076 2505 α)
1098 2466 1277 2506 deportare
1299 2465 1329 2494 b.
1481 2461 1583 2492 etiam
1602 2469 1668 2489 uno

186 2527 206 2549 α
227 2517 507 2559 ‘mss.qnidr1m’,
530 2529 593 2549 uno
614 2517 717 2549 etiam
736 2528 771 2548 11.
982 2516 1019 2548 ll
1044 2517 1144 2547 litora
1166 2520 1351 2557 portusque
1374 2513 1614 2555 relinquendos
1635 2511 1665 2541 [ι.

330 2571 368 2602 13
387 2569 442 2602 M'.
464 2570 629 2611 Vrsinus,
649 2568 693 2601 M.
715 2569 813 2601 codd.
834 2568 917 2600 Fid.
936 2580 964 2599 e.
986 2569 1040 2607 30,
1067 2569 1095 2599 l.
1213 2567 1356 2598 Acilicio
1377 2577 1409 2598 (1.
1544 2565 1580 2596 15
1601 2572 1669 2594 ma-

186 2621 285 2652 ximis
305 2621 345 2652 de
363 2631 408 2652 ew
426 2632 492 2653 uno
512 2622 582 2653 det.
605 2632 639 2653 u.
785 2621 822 2653 16
843 2620 891 2651 eis
911 2630 987 2661 ege,
1008 2620 1038 2651 ei
1058 2630 1077 2650 α
1092 2619 1131 2659 b;
1152 2619 1217 2651 sibi
1237 2619 1308 2650 eius
1329 2629 1362 2649 ιι.
1514 2616 1553 2648 18
1573 2614 1669 2645 indu-

186 2672 258 2703 ciae
279 2672 343 2713 (a).
508 2673 548 2703 ab
570 2672 620 2703 bis
639 2682 673 2703 α.
839 2670 1045 2702 adserebant
1063 2680 1097 2701 a.
1260 2670 1302 2701 20
1323 2669 1470 2710 aliquem
1493 2668 1523 2697 b.

188 2724 329 2756 Vibuttii
351 2724 575 2764 ciacconius,
598 2724 706 2756 Bibuli
726 2723 827 2755 codd.
969 2721 1212 2753 existimabant
1233 2722 1263 2752 b.
1429 2720 1468 2752 23
1491 2718 1668 2749 Burtolltlll

187 2786 220 2807 α.
361 2775 548 2816 oppositum
562 2775 601 2814 ὸς
622 2774 778 2816 oppidum
797 2784 817 2805 a
832 2773 1009 2815 ‘relz'qai',
1031 2783 1098 2805 om.
1114 2784 1142 2803 e.
1284 2772 1302 2802 2
1314 2772 1326 2803 ἰ
1340 2770 1478 2812 reliquit
1492 2770 1522 2799 b.

187 2827 229 2858 26
249 2830 349 2868 atque
369 2825 482 2857 Aldus
501 2828 546 2865 et,
570 2825 652 2856 ‘nisi
668 2824 852 2866 mesallo',
876 2825 913 2863 ὓς
936 2834 1042 2866 neque
1060 2822 1114 2866 (a)
1137 2822 1313 2864 ''1²elc'qui'.
1469 2819 1513 2853 28
1532 2826 1669 2850 eausam

189 2887 209 2908 α
233 2878 245 2909 4
265 2876 370 2917 dett„
389 2885 511 2907 remu.
651 2876 692 2909 2‘.)
713 2875 851 2918 speique
870 2885 903 2906 α.
1044 2874 1087 2907 30
1108 2872 1253 2916 semper]
1273 2883 1331 2914 per
1350 2882 1383 2903 ιι.
