1835 3240
79 132 163 174 422
604 137 679 180 DE
711 138 902 183 BELLO
936 139 1188 185 GALLICO

156 247 277 288 lentio
290 262 340 289 ex
357 250 447 305 fuga
459 252 794 306 excepitueritus,
823 267 871 293 ne
894 268 965 307 qua
989 255 1029 295 in
1051 256 1192 297 castris
1215 271 1266 298 ex
1288 272 1424 299 eorum
1447 273 1641 300 concursu

160 322 198 356 et
220 316 490 359 misericordia
513 320 617 375 uulgi
641 321 782 360 seditio
806 329 1013 373 oreretur,
1049 330 1091 363 ut
1124 324 1257 377 procul
1284 326 1325 365 in
1355 327 1420 367 uia
1442 327 1641 381 dispositis

158 383 416 426 familiaribus
439 387 520 427 suis
544 388 862 442 principibusque
885 390 1089 430 ciuitatum
1104 391 1360 445 disparandos
1375 395 1643 436 deducendos-

159 466 234 505 que
256 454 302 493 ad
323 467 416 493 suos
439 462 622 505 curaret,
648 470 748 508 qnae
770 457 909 510 cuique
932 457 1081 498 ciuitati
1105 473 1196 513 pars
1220 466 1438 501 castrorum
1460 463 1507 503 ab
1529 463 1642 504 initio

81 518 137 563 29
160 520 392 561 obuenerat.
434 519 602 561 Postero
625 523 686 564 die
708 525 876 565 concilio
899 533 1117 566 conuocato
1143 528 1370 569 consolatus
1393 530 1639 572 cohortatus-

161 602 236 640 que
259 595 334 638 est,
361 602 410 629 ne
434 603 476 629 se
499 590 702 631 admodum
717 593 846 633 animo
870 593 1139 644 demitterent,
1165 609 1214 635 ne
1236 596 1564 649 perturbarentur
1582 599 1643 640 in-

111 655 139 696 2
161 657 378 696 commodo.
421 655 518 697 Non
542 658 686 700 uirtute
709 674 836 714 neque
858 662 898 701 in
921 663 1006 702 acie
1030 662 1171 703 uicisse
1192 662 1419 715 Romanos,
1458 665 1526 705 sed
1548 666 1644 707 arti-

159 724 249 764 ficio
272 725 437 777 quodam
460 732 499 766 et
520 727 686 768 scientia
708 729 1027 783 oppugnationis,
1052 730 1162 771 cuius
1184 732 1242 772 rei
1266 732 1412 772 fuerint
1434 732 1505 787 ipsi
1526 733 1647 788 impe-

114 790 139 831 3
160 792 243 832 riti.
296 792 474 843 Errare,
512 795 546 835 si
578 796 642 849 qui
672 797 710 836 in
740 796 842 837 bello
874 798 1000 838 omnis
1033 799 1229 840 secundos
1269 814 1401 841 rerum
1432 808 1645 855 prouentus

112 858 139 898 4
161 866 386 913 expectent.
430 858 515 902 Sibi
537 877 747 918 numquam
780 865 973 918 placuisse
994 866 1212 908 Auaricum
1234 868 1414 919 defendi,
1448 869 1558 910 cuius
1589 870 1646 911 rei

161 934 285 968 testes
307 929 413 983 ipsos
436 930 622 983 haberet3
661 933 730 973 sed
762 934 907 974 factum
938 934 1189 988 inprudentia
1209 934 1434 991 Biturigum
1467 944 1507 977 et
1528 937 1648 979 nimia

112 994 137 1034 5
161 995 419 1050 obsequentia
441 999 696 1053 reliquorum,
722 1001 778 1041 uti
801 1001 874 1042 hoc
896 1002 1183 1044 incommodum
1206 1005 1468 1059 acciperetur.
1521 1003 1565 1045 ld
1590 1012 1646 1046 ta-

113 1060 140 1102 6
161 1078 250 1104 men
282 1079 324 1105 se
357 1067 541 1107 celeriter
572 1069 786 1110 maioribus
819 1070 1034 1111 commodis
1063 1078 1307 1112 sanaturum.
1350 1072 1455 1113 Nam
1479 1087 1577 1126 quae
1600 1074 1647 1114 ab

159 1132 322 1186 reliquis
346 1132 472 1175 Gallis
495 1136 677 1177 ciuitates
700 1137 980 1188 dissentirent,
1015 1138 1084 1179 has
1116 1153 1190 1179 sua
1221 1140 1420 1195 diligentia
1442 1142 1645 1182 adiunctu-

160 1214 248 1240 rum
281 1209 396 1254 atque
428 1217 547 1242 unum
580 1205 786 1245 consilium
811 1206 929 1246 totius
953 1204 1107 1247 Galliae
1129 1208 1358 1248 effecturum
1374 1239 1385 1259 ,
1421 1209 1531 1250 cuius
1554 1224 1647 1250 con-

160 1269 292 1308 sensui
318 1283 366 1309 ne
388 1270 494 1311 orbis
517 1272 671 1324 quidem
696 1279 888 1313 terrarum
912 1275 1037 1328 possit
1058 1274 1276 1326 obsistere3
1310 1276 1425 1328 idque
1455 1289 1497 1316 se
1528 1290 1648 1330 prope

112 1335 139 1376 7
162 1336 238 1375 iam
262 1337 442 1377 effectum
466 1338 627 1379 habere.
653 1338 810 1381 Interea
833 1354 997 1394 aequum
1021 1356 1109 1383 esse
1132 1343 1179 1383 ab
1200 1343 1248 1384 iis
1271 1345 1486 1385 communis
1509 1345 1647 1386 salutis

161 1417 277 1444 causa
300 1404 515 1458 impetrari,
542 1413 585 1447 ut
606 1416 735 1449 castra
758 1409 910 1450 munire
931 1410 1208 1462 instituerent,
1234 1426 1309 1465 quo
1332 1412 1483 1453 facilius
1505 1427 1650 1468 repen-

86 1470 146 1516 30
171 1472 274 1512 tinos
297 1472 468 1514 hostium
489 1475 656 1529 impetus
678 1478 938 1519 sustinerent.
1001 1477 1094 1519 Fuit
1125 1479 1221 1520 haec
1243 1480 1369 1520 oratio
1391 1495 1470 1521 non
1491 1481 1649 1536 ingrata

161 1538 288 1581 Gallis
304 1572 314 1592 ,
341 1548 378 1581 et
401 1543 594 1595 maxime,
631 1546 732 1598 quod
754 1546 838 1600 ipse
861 1547 990 1587 animo
1015 1561 1093 1588 non
1116 1547 1316 1589 defecerat
1345 1555 1456 1590 tanto
1488 1556 1649 1603 accepto

158 1609 406 1650 incommodo
430 1625 556 1665 neque
578 1627 622 1653 se
643 1614 682 1654 in
707 1614 900 1655 occultum
922 1615 1127 1656 abdiderat
1148 1623 1187 1656 et
1208 1624 1460 1670 conspectum
1473 1617 1649 1658 multitu-

111 1676 139 1717 2
161 1677 261 1717 dinis
284 1679 462 1732 fugerat,
493 1681 656 1734 plusque
678 1683 808 1722 animo
831 1683 1038 1737 prouidere
1061 1691 1100 1724 et
1121 1685 1367 1738 praesentire
1389 1685 1646 1726 existimaba-

160 1751 238 1794 tur,
265 1747 366 1799 quod
389 1760 432 1786 re
454 1747 608 1802 integra
632 1750 757 1803 primo
778 1750 1066 1792 incendendum
1087 1751 1320 1803 Auaricum,
1350 1760 1439 1807 post
1461 1754 1647 1794 deseren-

111 1811 136 1853 3
160 1812 248 1852 dum
270 1821 495 1855 censuerat.
547 1814 684 1870 Itaque
716 1825 758 1858 ut
789 1819 1027 1872 reliquorum
1059 1821 1339 1874 imperatorum
1362 1835 1428 1862 res
1451 1822 1644 1862 aduersae

160 1882 435 1923 auctoritatem
459 1883 660 1936 minuunt,
694 1886 751 1926 sic
775 1886 887 1927 huius
911 1902 962 1928 ex
985 1889 1184 1928 contrario
1208 1889 1379 1942 dignitas
1401 1890 1647 1931 incommodo

159 1957 323 2004 accepto
345 1950 384 1990 in
407 1951 488 1992 dies
511 1954 744 2007 augebatur.
790 1954 918 1996 Simul
938 1956 978 1995 in
999 1970 1107 2010 spem
1132 1957 1344 1997 ueniebant
1366 1958 1449 1998 eius
1466 1959 1647 1999 adfirma-

112 2015 137 2055 4
160 2017 268 2058 tione
290 2018 335 2059 de
357 2019 520 2073 reliquis
553 2022 812 2075 adiungendis
835 2024 1084 2074 ciuitatibus3
1119 2024 1363 2079 primumque
1394 2039 1440 2066 eo
1474 2033 1648 2080 tempore

160 2084 264 2126 Galli
287 2095 417 2128 castra
438 2090 592 2130 munire
614 2090 872 2132 instituerunt
904 2099 942 2132 et
972 2093 1029 2133 sic
1052 2099 1145 2133 sunt
1165 2093 1297 2133 animo
1319 2094 1552 2144 confirmati,
1579 2095 1647 2135 ho-

158 2154 283 2195 mines
305 2155 449 2197 insueti
473 2157 637 2210 laboris,
662 2167 704 2199 ut
728 2160 881 2211 omnia,
907 2174 1007 2214 quae
1028 2160 1342 2216 imperarentur,
1366 2161 1438 2202 sibi
1461 2161 1646 2216 patienda

158 2280 205 2322 pit
219 2279 283 2322 (B)
302 2282 468 2325 ‘7·el2'quz',
490 2286 600 2316 etiam
619 2284 702 2325 cd',·
723 2290 821 2317 nocte
842 2286 980 2318 silentio
999 2287 1049 2319 sic
1069 2288 1206 2330 excepit
1224 2298 1244 2319 a
1259 2287 1296 2327 b,
1317 2292 1415 2320 nocte
1435 2288 1484 2320 sic
1503 2298 1543 2319 ex
1565 2288 1645 2329 fuga

158 2334 294 2376 excepit
311 2345 340 2366 e.
483 2338 497 2370 1
520 2348 560 2370 ex
581 2348 684 2369 cursu
703 2349 817 2370 eorum
839 2340 871 2371 b.
1013 2340 1033 2373 2
1052 2345 1209 2372 oreretur
1225 2340 1299 2372 AB
1312 2340 1352 2372 C.
1496 2341 1514 2373 6
1533 2341 1643 2373 animo

157 2394 226 2416 om.
248 2385 280 2416 b.
466 2397 506 2417 ne
526 2388 810 2428 perturbarentur
827 2388 857 2420 B
876 2388 1177 2432 ‘mss.plert'q1ce',
1199 2400 1283 2422 neue
1302 2391 1590 2433 perturbarentur
1608 2402 1642 2423 u.

302 2435 320 2467 9
340 2436 447 2468 omnis
465 2437 538 2469 AB
553 2438 592 2470 C.
787 2444 976 2481 prouentus
995 2441 1058 2472 Ba
1071 2451 1087 2472 e
1105 2441 1250 2482 reliqui,
1271 2446 1414 2473 euentus
1435 2441 1499 2474 bd.

160 2487 200 2520 10
220 2498 389 2529 nunquam
409 2489 482 2530 (B).
632 2491 666 2523 11
689 2491 908 2533 inprudentia
926 2492 969 2524 B.
1137 2492 1177 2526 12
1196 2497 1308 2524 tamen
1329 2494 1512 2525 sceleriter
1530 2494 1575 2535 A,
1596 2498 1646 2526 ta-

156 2550 233 2572 men
253 2541 413 2572 celeriter
433 2541 464 2572 b.
592 2542 631 2574 13
652 2548 850 2575 senaturuin
868 2554 915 2575 m.
931 2553 991 2585 pr.
1011 2544 1044 2576 A
1058 2544 1098 2576 C.
1244 2545 1283 2579 14
1303 2544 1435 2577 Galliae
1453 2546 1499 2578 D.

159 2593 373 2625 dcsentirent
391 2593 435 2625 Α.
638 2595 677 2626 v15
698 2595 880 2627 consensui
899 2606 915 2626 e
936 2598 973 2627 et
988 2596 1128 2637 reliqui,
1152 2606 1319 2628 consensu
1340 2597 1398 2639 (B)
1411 2600 1426 2629 ἶ)
1439 2598 1457 2629 b
1470 2607 1500 2628 c.

160 2646 200 2679 17
219 2646 260 2677 ab
280 2645 331 2677 his
351 2645 392 2676 B.
538 2645 578 2678 18
597 2647 830 2689 repetentinos
849 2650 892 2681 B.
1051 2647 1090 2680 19
1110 2648 1323 2680 sustinerent
1342 2649 1372 2680 B
1390 2647 1568 2690 ‘relz'qttz'’,
1589 2657 1645 2680 su-

159 2699 287 2731 stinere
307 2702 445 2740 possent
464 2697 481 2729 b
495 2698 586 2729 ede.
818 2699 861 2732 20
881 2703 915 2730 et
932 2698 1078 2730 maxime
1097 2700 1127 2731 B
1145 2702 1250 2732 ‘msam
1267 2700 1393 2743 plur.',
1414 2701 1559 2732 maxime
1579 2710 1642 2732 eu.

301 2750 341 2783 21
363 2759 397 2781 se
415 2759 484 2781 om.
505 2749 535 2781 B
558 2748 774 2791 ‘mss-sere'.
946 2751 990 2784 22
1007 2753 1090 2782 ante
1112 2749 1248 2792 fugerat
1266 2751 1347 2783 add.
1369 2762 1432 2784 non
1451 2752 1498 2784 D.

157 2802 200 2835 23
220 2806 339 2844 postea
360 2801 390 2833 b.
530 2802 573 2833 25
593 2811 610 2832 e
629 2801 802 2833 contrario
824 2802 853 2833 b.
996 2803 1038 2837 26
1058 2802 1296 2836 adfirmatione
1314 2804 1357 2836 B.
1498 2804 1542 2838 28
1564 2815 1644 2836 con-

160 2853 282 2885 firmati
301 2863 375 2895 ego,
399 2852 606 2884 consternati
629 2852 726 2884 codd,
750 2853 788 2884 P.
810 2853 864 2887 92.
1004 2853 1045 2886 29
1064 2854 1226 2897 patienda
1244 2855 1481 2888 existimarent
1500 2855 1528 2888 B
1546 2854 1643 2888 ‘reli-

1682 877 1721 910 10

1681 1217 1720 1250 15

1677 1556 1722 1591 20

1677 1898 1721 1932 25
