1835 3240
648 195 759 200 ———
822 170 901 211 159
961 195 1072 200 -—-

131 294 280 328 montes
304 282 525 325 Ceraunios
556 283 641 323 siue
663 283 982 325 Acroceraunios
1014 285 1247 338 intellegens
1263 316 1273 336 ,
1312 286 1375 327 ubi
1400 286 1613 331 Caesarem

130 354 323 410 appulisse
344 352 514 407 Appian.
539 352 577 393 b.
604 353 679 393 ciu.
705 352 767 401 ll,
802 352 855 393 54
888 360 928 393 et
950 350 1068 394 Cass.
1101 351 1178 393 Dio
1200 352 1316 402 XLI,
1340 354 1395 395 44
1418 358 1612 398 referunt.

129 422 276 464 Verum
299 429 441 462 terram
466 419 753 462 Cerauniorum
776 422 831 462 ita
853 422 1004 462 demum
1029 422 1160 462 dicere
1182 422 1350 472 licebat,
1385 423 1416 462 si
1450 425 1613 478 populus

127 491 265 543 aliquis
287 491 371 531 eius
394 490 562 529 nominis
595 490 642 529 ad
674 489 744 529 hos
776 496 931 529 montes
963 489 1202 540 habitasset,
1237 504 1349 543 quem
1382 504 1460 531 non
1490 492 1614 544 magis

127 559 307 599 nouimus
320 572 432 611 quam
444 555 686 598 Germinios.
706 556 809 597 Nam
822 555 1012 598 Ceraunii
1027 558 1112 598 siue
1126 556 1317 609 Cerauni,
1334 573 1429 611 quos
1442 558 1612 599 Ptolem.

126 624 178 675 II,
208 625 273 676 17,
297 625 613 666 8commemorat
635 632 674 665 et
692 623 844 665 Plinius
868 625 958 665 hist.
975 632 1056 665 nat.
1071 624 1147 676 ΙΙΙ,
1172 625 1241 676 22,
1267 626 1320 666 43
1342 627 1382 667 in
1394 625 1554 681 Illyrico
1576 627 1616 666 in

126 693 328 734 Naronam
359 693 550 733 coloniam
575 693 820 732 contributos
845 693 968 733 fuisse
988 694 1137 743 refert,
1172 695 1290 748 longe
1320 694 1367 734 ab
1400 693 1522 735 Orico
1553 707 1616 734 re-

128 762 220 802 moti
244 764 414 802 fuerunt.
450 758 564 813 Quod
587 768 715 801 autem
733 759 922 801 Dauisius
945 769 1189 802 commentus
1213 770 1286 812 est,
1313 769 1354 802 ut
1379 761 1616 804 ‘Ceraunio-

126 831 226 870 rum'
260 829 514 883 sequentibus
546 829 677 868 uerbis
707 829 1009 883 adiungeretur,
1045 829 1093 869 ob
1125 830 1421 871 collocationem
1452 845 1616 885 praepo-

126 899 280 938 sitionis
306 898 436 938 ‘inter'
459 896 614 951 probari
638 897 788 949 nequit.
822 895 902 937 Pro
927 895 1254 938 ‘Germiniorum’
1282 898 1323 938 in
1355 899 1616 940 deterioribus

126 967 272 1018 aliquot
293 966 403 1006 codd.
428 965 574 1020 legitur
608 970 618 988 ‘
635 962 967 1015 Germaniormn’,
1001 965 1041 1005 in
1063 966 1151 1006 aliis
1178 964 1470 1007 ‘Graecoruml
1510 966 1614 1020 Ego,

127 1049 212 1074 cum
244 1048 485 1087 nequaquam
519 1033 690 1073 omnium
723 1033 807 1073 eius
840 1047 933 1073 orae
956 1033 1183 1087 populorum
1208 1034 1364 1075 nomina
1388 1035 1501 1075 nobis
1524 1041 1617 1075 nota

126 1104 228 1152 sint,
261 1102 494 1156 optimorum
524 1102 635 1142 codd.
670 1101 905 1154 scripturam
936 1101 1072 1142 salsam
1105 1116 1193 1142 esse
1215 1117 1293 1142 non
1316 1103 1615 1143 affirmauerim.

127 1169 204 1211 Sed
228 1170 340 1224 paulo
371 1170 536 1211 iuferius
567 1176 674 1210 recte
695 1167 963 1223 Glandorpius
996 1176 1034 1209 et
1064 1170 1130 1210 alii
1160 1167 1377 1211 Caesarem
1409 1170 1617 1224 scripsisse

129 1246 347 1281 statuerunt
381 1240 445 1279 ‘ad
469 1252 555 1279 eum
586 1239 730 1284 locum,
757 1238 821 1291 qui
850 1237 1121 1292 appellabatur
1151 1237 1373 1279 Palaeste'.
1426 1238 1617 1279 Lucanus

128 1308 231 1346 onim
254 1307 307 1358 V,
331 1306 413 1347 455
436 1308 482 1347 de
515 1308 683 1347 traiectu
714 1306 754 1346 in
777 1304 987 1346 Graeciam
1011 1304 1200 1347 Caesaris
1225 1307 1320 1348 baec
1342 1307 1500 1348 scribit:

900 1372 997 1414 ‘Sed
1020 1382 1135 1415 nocte
1158 1376 1293 1430 fugata

297 1441 471 1483 Laesum
495 1442 597 1482 nube
621 1441 703 1482 dies
724 1442 837 1482 iubar
859 1442 1003 1482 extulit
1023 1442 1177 1495 imaque
1199 1444 1346 1483 sensim

298 1508 513 1550 Concussit
534 1510 661 1563 pelagi
684 1510 884 1563 mouitque
907 1507 1107 1550 Ceraunia
1135 1511 1281 1552 nautis.

297 1577 393 1618 Inde
415 1579 499 1631 rapi
522 1591 689 1631 coepere
711 1584 817 1617 rates
840 1585 958 1630 atque
980 1592 1151 1630 aequora
1178 1579 1345 1620 classem

297 1642 431 1686 Curua
454 1645 588 1698 sequi,
614 1659 711 1698 quae
733 1645 808 1685 iam
833 1652 952 1686 uento
976 1647 1172 1699 fluctuque
1197 1647 1369 1687 secundo

294 1712 427 1767 Lapsa
452 1711 697 1754 Palaestinas
720 1714 832 1754 uncis
856 1714 1023 1754 confixit
1045 1715 1217 1754 arenas'.

129 1781 346 1837 Magistro,
379 1782 444 1836 qui
464 1780 711 1822 Pharsaliam
735 1782 882 1835 posuit,
908 1796 1038 1837 pugna
1060 1781 1290 1824 Pharsalica
1312 1782 1616 1824 obuersabatur.

135 1848 267 1902 bQuod
288 1850 659 1891 ——arbitrabantur'
685 1850 785 1890 edidi
808 1848 902 1891 Par.
917 1865 997 1891 see.
1024 1858 1063 1891 et
1084 1849 1200 1892 Leid.
1228 1867 1287 1906 pr.
1313 1859 1502 1892 secutus:
1529 1866 1620 1892 nam

133 1919 203 1958 boc
226 1918 385 1959 uerbum
407 1918 566 1972 passiuo
588 1918 811 1973 significatu
841 1934 861 1959 a
887 1917 1083 1960 Cicerone
1106 1934 1258 1973 quoque
1281 1927 1320 1960 et
1342 1920 1428 1960 aliis
1451 1921 1619 1974 positum

131 2000 219 2026 osse
242 1987 370 2027 docuit
391 1985 547 2040 Zumpt.
574 1987 621 2027 ad
644 1985 763 2028 Verr.
792 1986 843 2037 V,
868 1987 938 2037 41,
966 1986 1062 2028 106.

243 2051 292 2094 C.
316 2053 357 2105 8,
380 2054 408 2095 4
429 2055 483 2094 ita
506 2055 643 2108 posui:
684 2054 788 2095 ‘Hoc
821 2058 1000 2097 confecto
1034 2056 1195 2109 negotio
1226 2069 1247 2095 a
1273 2053 1433 2096 Salonis
1457 2055 1503 2096 ad
1527 2053 1621 2097 Ori-

132 2136 217 2161 cum
240 2130 389 2176 portus,
423 2123 616 2163 stationes
638 2123 847 2177 littoraque
869 2124 1000 2164 omnia
1023 2125 1138 2178 longe
1161 2124 1317 2177 lateque
1340 2123 1532 2164 classibus
1555 2138 1621 2163 oc-

132 2190 316 2243 cupauit'.
358 2190 565 2232 Edebatur
599 2198 609 2215 ⁶
624 2205 647 2231 a
668 2189 829 2233 Salonis
851 2193 898 2233 ad
922 2190 1033 2234 Orici
1056 2193 1251 2246 portum':
1284 2192 1382 2232 mire
1404 2192 1530 2232 altero
1552 2207 1620 2246 op-

131 2257 217 2311 pido
238 2259 345 2312 ipso,
380 2260 543 2301 alterius
578 2267 694 2314 portu
725 2269 1047 2302 commemorato.
1112 2258 1236 2301 Cuius
1270 2260 1326 2301 rei
1350 2259 1479 2313 aliqua
1503 2274 1622 2301 causa

131 2334 250 2377 esset,
274 2328 307 2368 si
328 2326 494 2369 Bibulus
517 2328 624 2383 prius
647 2328 826 2383 oppidum
849 2330 1069 2379 tenuisset,
1094 2329 1217 2370 altero
1241 2329 1426 2370 exclusus
1450 2329 1617 2370 suisset:

132 2400 168 2432 at
192 2391 451 2448 Pompeianos
473 2403 660 2437 neutrum
683 2396 860 2437 tenuisse
882 2411 917 2437 c.
944 2398 970 2438 9
985 2429 994 2447 ‚
1028 2397 1056 2438 2
1077 2404 1115 2437 et
1141 2396 1189 2437 11
1207 2428 1217 2447 ‚
1252 2396 1277 2436 3
1307 2398 1618 2437 demonstratur.

132 2460 184 2499 Et
205 2470 354 2514 portus,
380 2479 454 2518 qua
477 2464 685 2505 facillimus
710 2462 966 2506 Caesarianis
990 2479 1176 2519 egressus
1200 2472 1310 2514 erat,
1347 2465 1517 2505 omnium
1540 2480 1622 2506 ma-

132 2529 237 2569 xime
260 2533 473 2584 occupandi
496 2540 625 2573 erant.
691 2531 803 2585 Quae
837 2534 895 2574 bis
928 2534 1059 2575 uerbis
1092 2535 1138 2575 de
1160 2534 1296 2574 eodem
1321 2532 1462 2574 Bibulo
1484 2534 1621 2574 adiun-

132 2603 291 2649 guntur,
324 2598 364 2637 iu
386 2601 497 2640 codd.
523 2601 576 2641 ita
600 2602 745 2655 scripta
768 2608 884 2642 sunt:
929 2602 1221 2656 ‘custodiisque
1244 2602 1468 2656 diligentius
1491 2602 1621 2656 dispo—

132 2664 216 2703 sitis
238 2664 321 2717 ipse
342 2669 575 2720 grauissima
599 2670 725 2711 hieme
757 2671 797 2710 in
828 2671 996 2712 nauibus
1030 2671 1232 2711 excubans
1262 2684 1389 2724 neque
1424 2671 1542 2711 ullum
1565 2670 1621 2709 la-

131 2731 264 2771 borem
286 2741 353 2773 aut
373 2749 511 2777 munus
534 2738 755 2792 despiciens
778 2752 904 2792 neque
927 2739 1140 2780 subsidium
1163 2746 1397 2793 expectans,
1422 2738 1455 2778 si
1470 2737 1619 2792 inJCae-

133 2799 232 2839 saris
256 2802 499 2854 complexum
522 2806 660 2845 uenire
682 2807 843 2860 posset'.
902 2806 1096 2848 Extrema
1130 2814 1315 2860 corrupta
1346 2820 1434 2846 esse
1467 2804 1619 2845 intelle-

134 2875 235 2907 ctum
260 2875 332 2909 est.
357 2868 462 2910 Nam
475 2871 630 2913 etiamsi
651 2873 692 2915 in
715 2875 964 2929 complexum
978 2875 1142 2916 alterius
1164 2874 1346 2917 uenireis
1369 2873 1443 2914 dici
1466 2879 1614 2926 posset,
