<?xml version="1.0" encoding="UTF-8"?>
<!DOCTYPE html PUBLIC "-//W3C//DTD XHTML 1.0 Transitional//EN"
    "http://www.w3.org/TR/xhtml1/DTD/xhtml1-transitional.dtd">
<html xmlns="http://www.w3.org/1999/xhtml" xml:lang="en" lang="en">
 <head>
  <title>
</title>
<meta http-equiv="Content-Type" content="text/html;charset=utf-8" />
  <meta name='ocr-system' content='tesseract 3.04.00' />
  <meta name='ocr-capabilities' content='ocr_page ocr_carea ocr_par ocr_line ocrx_word'/>
</head>
<body>
  <div class='ocr_page' id='page_1' title='image "./commentarii00caesuoft_0132.png"; bbox 0 0 1835 3240; ppageno 0'>
   <div class='ocr_carea' id='block_1_1' title="bbox 687 165 1110 208">
    <p class='ocr_par' dir='ltr' id='par_1_1' title="bbox 687 165 1110 208">
     <span class='ocr_line' id='line_1_1' title="bbox 687 165 1110 208; baseline -0.005 0"><span class='ocrx_word' id='word_1_1' title='bbox 687 165 1110 208; x_wconf 76' lang='lat'>——122—</span> 
     </span>
    </p>
   </div>
   <div class='ocr_carea' id='block_1_2' title="bbox 158 279 1667 2900">
    <p class='ocr_par' dir='ltr' id='par_1_2' title="bbox 158 279 1647 1008">
     <span class='ocr_line' id='line_1_2' title="bbox 160 279 1644 336; baseline 0 -15"><span class='ocrx_word' id='word_1_2' title='bbox 160 280 231 332; x_wconf 85' lang='lat'><strong>66,</strong></span> <span class='ocrx_word' id='word_1_3' title='bbox 257 280 278 320; x_wconf 88' lang='lat'><strong>1</strong></span> <span class='ocrx_word' id='word_1_4' title='bbox 305 281 486 336; x_wconf 85' lang='lat' dir='ltr'><strong>‘imperat</strong></span> <span class='ocrx_word' id='word_1_5' title='bbox 507 286 618 333; x_wconf 88' lang='lat' dir='ltr'><strong>porta</strong></span> <span class='ocrx_word' id='word_1_6' title='bbox 640 279 852 319; x_wconf 84' lang='lat' dir='ltr'><strong>decumana</strong></span> <span class='ocrx_word' id='word_1_7' title='bbox 876 280 1051 333; x_wconf 77' lang='lat' dir='ltr'><strong>legiones</strong></span> <span class='ocrx_word' id='word_1_8' title='bbox 1073 294 1118 321; x_wconf 91' lang='lat' dir='ltr'><strong>se</strong></span> <span class='ocrx_word' id='word_1_9' title='bbox 1138 288 1347 322; x_wconf 85' lang='lat' dir='ltr'><strong>ueteranas</strong></span> <span class='ocrx_word' id='word_1_10' title='bbox 1370 282 1509 334; x_wconf 76' lang='lat' dir='ltr'><strong>sequi&#39;.</strong></span> <span class='ocrx_word' id='word_1_11' title='bbox 1547 280 1644 333; x_wconf 83' lang='lat' dir='ltr'><strong>Qui-</strong></span> 
     </span>
     <span class='ocr_line' id='line_1_3' title="bbox 158 347 1643 402; baseline 0 -13"><span class='ocrx_word' id='word_1_12' title='bbox 158 349 231 389; x_wconf 85' lang='lat' dir='ltr'><strong>bus</strong></span> <span class='ocrx_word' id='word_1_13' title='bbox 253 356 381 389; x_wconf 89' lang='lat' dir='ltr'><strong>autem</strong></span> <span class='ocrx_word' id='word_1_14' title='bbox 412 348 510 388; x_wconf 90' lang='lat' dir='ltr'><strong>locis</strong></span> <span class='ocrx_word' id='word_1_15' title='bbox 543 347 793 387; x_wconf 85' lang='lat' dir='ltr'><strong>accusatiuus</strong></span> <span class='ocrx_word' id='word_1_16' title='bbox 826 361 911 385; x_wconf 87' lang='lat' dir='ltr'><strong>cum</strong></span> <span class='ocrx_word' id='word_1_17' title='bbox 943 347 1074 387; x_wconf 85' lang='lat' dir='ltr'><strong>actiuo</strong></span> <span class='ocrx_word' id='word_1_18' title='bbox 1106 348 1300 389; x_wconf 86' lang='lat' dir='ltr'><strong>infinitiuo</strong></span> <span class='ocrx_word' id='word_1_19' title='bbox 1331 349 1509 402; x_wconf 79' lang='lat' dir='ltr'><strong>ponitur,</strong></span> <span class='ocrx_word' id='word_1_20' title='bbox 1543 350 1643 400; x_wconf 84' lang='lat' dir='ltr'><strong>apud</strong></span> 
     </span>
     <span class='ocr_line' id='line_1_4' title="bbox 161 412 1643 469; baseline 0 -13"><span class='ocrx_word' id='word_1_21' title='bbox 161 413 281 456; x_wconf 84' lang='lat' dir='ltr'><strong>Caes.</strong></span> <span class='ocrx_word' id='word_1_22' title='bbox 307 416 342 455; x_wconf 87' lang='lat' dir='ltr'><strong>b.</strong></span> <span class='ocrx_word' id='word_1_23' title='bbox 370 416 447 455; x_wconf 78' lang='lat' dir='ltr'><strong>eiu.</strong></span> <span class='ocrx_word' id='word_1_24' title='bbox 473 412 530 454; x_wconf 94' lang='lat' dir='ltr'><strong>III</strong></span> <span class='ocrx_word' id='word_1_25' title='bbox 546 445 556 464; x_wconf 82' lang='lat'>‚</span> <span class='ocrx_word' id='word_1_26' title='bbox 579 413 658 462; x_wconf 81' lang='lat'><strong>42,</strong></span> <span class='ocrx_word' id='word_1_27' title='bbox 691 414 718 454; x_wconf 76' lang='lat'>2</span> <span class='ocrx_word' id='word_1_28' title='bbox 750 419 812 453; x_wconf 85' lang='lat' dir='ltr'><strong>‘eo</strong></span> <span class='ocrx_word' id='word_1_29' title='bbox 835 420 982 466; x_wconf 85' lang='lat' dir='ltr'><strong>partem</strong></span> <span class='ocrx_word' id='word_1_30' title='bbox 1007 415 1163 454; x_wconf 91' lang='lat' dir='ltr'><strong>nauium</strong></span> <span class='ocrx_word' id='word_1_31' title='bbox 1186 416 1389 469; x_wconf 82' lang='lat' dir='ltr'><strong>longarum</strong></span> <span class='ocrx_word' id='word_1_32' title='bbox 1413 417 1643 463; x_wconf 86' lang='lat' dir='ltr'><strong>conuenire,</strong></span> 
     </span>
     <span class='ocr_line' id='line_1_5' title="bbox 161 481 1646 534; baseline 0.001 -11"><span class='ocrx_word' id='word_1_33' title='bbox 161 485 399 524; x_wconf 82' lang='lat' dir='ltr'><strong>frumentun]</strong></span> <span class='ocrx_word' id='word_1_34' title='bbox 423 489 757 533; x_wconf 84' lang='lat' dir='ltr'><strong>commeatumque</strong></span> <span class='ocrx_word' id='word_1_35' title='bbox 780 481 1015 533; x_wconf 83' lang='lat' dir='ltr'><strong>comportari</strong></span> <span class='ocrx_word' id='word_1_36' title='bbox 1039 482 1222 534; x_wconf 84' lang='lat' dir='ltr'><strong>imperat&#39;</strong></span> <span class='ocrx_word' id='word_1_37' title='bbox 1257 490 1294 522; x_wconf 84' lang='lat' dir='ltr'><strong>et</strong></span> <span class='ocrx_word' id='word_1_38' title='bbox 1322 483 1360 521; x_wconf 86' lang='lat' dir='ltr'><strong>b.</strong></span> <span class='ocrx_word' id='word_1_39' title='bbox 1384 483 1473 523; x_wconf 79' lang='lat' dir='ltr'><strong>Al&#39;r.</strong></span> <span class='ocrx_word' id='word_1_40' title='bbox 1511 484 1557 523; x_wconf 86' lang='lat' dir='ltr'><strong>ll</strong></span> <span class='ocrx_word' id='word_1_41' title='bbox 1575 515 1584 532; x_wconf 84' lang='lat'><strong>‚</strong></span> <span class='ocrx_word' id='word_1_42' title='bbox 1619 484 1646 525; x_wconf 77' lang='grc'>2</span> 
     </span>
     <span class='ocr_line' id='line_1_6' title="bbox 165 548 1645 604; baseline 0 -13"><span class='ocrx_word' id='word_1_43' title='bbox 165 551 230 591; x_wconf 92' lang='lat' dir='ltr'><strong>‘de</strong></span> <span class='ocrx_word' id='word_1_44' title='bbox 251 551 416 591; x_wconf 89' lang='lat' dir='ltr'><strong>nauibus</strong></span> <span class='ocrx_word' id='word_1_45' title='bbox 438 550 604 603; x_wconf 86' lang='lat' dir='ltr'><strong>imperat</strong></span> <span class='ocrx_word' id='word_1_46' title='bbox 627 562 761 588; x_wconf 89' lang='lat' dir='ltr'><strong>omnes</strong></span> <span class='ocrx_word' id='word_1_47' title='bbox 785 548 916 601; x_wconf 77' lang='lat' dir='ltr'><strong>egredi</strong></span> <span class='ocrx_word' id='word_1_48' title='bbox 939 554 1054 600; x_wconf 86' lang='lat' dir='ltr'><strong>atque</strong></span> <span class='ocrx_word' id='word_1_49' title='bbox 1075 555 1248 589; x_wconf 87' lang='lat' dir='ltr'><strong>armatos</strong></span> <span class='ocrx_word' id='word_1_50' title='bbox 1266 549 1306 588; x_wconf 89' lang='lat' dir='ltr'><strong>in</strong></span> <span class='ocrx_word' id='word_1_51' title='bbox 1327 549 1459 590; x_wconf 88' lang='lat' dir='ltr'><strong>littore</strong></span> <span class='ocrx_word' id='word_1_52' title='bbox 1473 552 1645 604; x_wconf 90' lang='lat' dir='ltr'><strong>reliquos</strong></span> 
     </span>
     <span class='ocr_line' id='line_1_7' title="bbox 164 615 1643 668; baseline -0.001 -9"><span class='ocrx_word' id='word_1_53' title='bbox 164 619 421 659; x_wconf 82' lang='lat' dir='ltr'><strong>aduenientes</strong></span> <span class='ocrx_word' id='word_1_54' title='bbox 444 616 586 656; x_wconf 77' lang='lat' dir='ltr'><strong>milites</strong></span> <span class='ocrx_word' id='word_1_55' title='bbox 617 615 868 667; x_wconf 80' lang='lat' dir='ltr'><strong>expectare&#39;‚</strong></span> <span class='ocrx_word' id='word_1_56' title='bbox 904 627 971 654; x_wconf 92' lang='lat' dir='ltr'><strong>eos</strong></span> <span class='ocrx_word' id='word_1_57' title='bbox 993 615 1049 654; x_wconf 89' lang='lat' dir='ltr'><strong>ita</strong></span> <span class='ocrx_word' id='word_1_58' title='bbox 1070 625 1318 668; x_wconf 85' lang='lat' dir='ltr'><strong>comparatos</strong></span> <span class='ocrx_word' id='word_1_59' title='bbox 1341 630 1430 657; x_wconf 89' lang='lat' dir='ltr'><strong>esse</strong></span> <span class='ocrx_word' id='word_1_60' title='bbox 1451 618 1643 668; x_wconf 87' lang='lat' dir='ltr'><strong>uidemus,</strong></span> 
     </span>
     <span class='ocr_line' id='line_1_8' title="bbox 163 682 1647 737; baseline -0.001 -12"><span class='ocrx_word' id='word_1_61' title='bbox 163 692 207 725; x_wconf 82' lang='lat' dir='ltr'><strong>ut</strong></span> <span class='ocrx_word' id='word_1_62' title='bbox 227 686 329 725; x_wconf 90' lang='lat' dir='ltr'><strong>alter</strong></span> <span class='ocrx_word' id='word_1_63' title='bbox 351 684 594 731; x_wconf 81' lang='lat' dir='ltr'><strong>inlinitiuns‚</strong></span> <span class='ocrx_word' id='word_1_64' title='bbox 636 682 698 734; x_wconf 89' lang='lat' dir='ltr'><strong>qui</strong></span> <span class='ocrx_word' id='word_1_65' title='bbox 731 682 928 734; x_wconf 80' lang='lat' dir='ltr'><strong>passiuanl</strong></span> <span class='ocrx_word' id='word_1_66' title='bbox 958 682 1120 723; x_wconf 83' lang='lat' dir='ltr'><strong>formam</strong></span> <span class='ocrx_word' id='word_1_67' title='bbox 1144 683 1282 734; x_wconf 83' lang='lat' dir='ltr'><strong>habet,</strong></span> <span class='ocrx_word' id='word_1_68' title='bbox 1326 684 1547 737; x_wconf 77' lang='lat' dir='ltr'><strong>proximum</strong></span> <span class='ocrx_word' id='word_1_69' title='bbox 1576 686 1647 724; x_wconf 92' lang='lat' dir='ltr'><strong>im-</strong></span> 
     </span>
     <span class='ocr_line' id='line_1_9' title="bbox 162 749 1647 806; baseline -0.001 -14"><span class='ocrx_word' id='word_1_70' title='bbox 162 752 321 806; x_wconf 87' lang='lat' dir='ltr'><strong>perandi</strong></span> <span class='ocrx_word' id='word_1_71' title='bbox 346 751 466 791; x_wconf 87' lang='lat' dir='ltr'><strong>uerbo</strong></span> <span class='ocrx_word' id='word_1_72' title='bbox 489 751 614 789; x_wconf 88' lang='lat' dir='ltr'><strong>locum</strong></span> <span class='ocrx_word' id='word_1_73' title='bbox 638 756 795 798; x_wconf 83' lang='lat' dir='ltr'><strong>teneat,</strong></span> <span class='ocrx_word' id='word_1_74' title='bbox 829 749 982 789; x_wconf 88' lang='lat' dir='ltr'><strong>actiuus</strong></span> <span class='ocrx_word' id='word_1_75' title='bbox 1013 751 1263 804; x_wconf 78' lang='lat' dir='ltr'><strong>neglegentia</strong></span> <span class='ocrx_word' id='word_1_76' title='bbox 1294 752 1457 804; x_wconf 84' lang='lat' dir='ltr'><strong>quadam</strong></span> <span class='ocrx_word' id='word_1_77' title='bbox 1482 752 1647 805; x_wconf 85' lang='lat' dir='ltr'><strong>scripto-</strong></span> 
     </span>
     <span class='ocr_line' id='line_1_10' title="bbox 161 815 1645 873; baseline -0.001 -13"><span class='ocrx_word' id='word_1_78' title='bbox 161 821 217 860; x_wconf 90' lang='lat' dir='ltr'><strong>ris</strong></span> <span class='ocrx_word' id='word_1_79' title='bbox 240 827 409 873; x_wconf 88' lang='lat' dir='ltr'><strong>ponatur</strong></span> <span class='ocrx_word' id='word_1_80' title='bbox 431 824 498 858; x_wconf 83' lang='lat' dir='ltr'><strong>aut</strong></span> <span class='ocrx_word' id='word_1_81' title='bbox 526 817 591 856; x_wconf 89' lang='lat' dir='ltr'><strong>illo</strong></span> <span class='ocrx_word' id='word_1_82' title='bbox 625 815 744 856; x_wconf 88' lang='lat' dir='ltr'><strong>uerbo</strong></span> <span class='ocrx_word' id='word_1_83' title='bbox 775 829 817 856; x_wconf 91' lang='lat' dir='ltr'><strong>se</strong></span> <span class='ocrx_word' id='word_1_84' title='bbox 848 831 1010 857; x_wconf 91' lang='lat' dir='ltr'><strong>usurum</strong></span> <span class='ocrx_word' id='word_1_85' title='bbox 1042 832 1120 858; x_wconf 89' lang='lat' dir='ltr'><strong>non</strong></span> <span class='ocrx_word' id='word_1_86' title='bbox 1152 819 1415 872; x_wconf 87' lang='lat' dir='ltr'><strong>praeuidentis</strong></span> <span class='ocrx_word' id='word_1_87' title='bbox 1445 826 1514 859; x_wconf 89' lang='lat' dir='ltr'><strong>aut</strong></span> <span class='ocrx_word' id='word_1_88' title='bbox 1534 833 1645 858; x_wconf 86' lang='lat' dir='ltr'><strong>usum</strong></span> 
     </span>
     <span class='ocr_line' id='line_1_11' title="bbox 164 881 1647 940; baseline -0.002 -12"><span class='ocrx_word' id='word_1_89' title='bbox 164 901 253 928; x_wconf 87' lang='lat' dir='ltr'><strong>esse</strong></span> <span class='ocrx_word' id='word_1_90' title='bbox 275 901 352 926; x_wconf 91' lang='lat' dir='ltr'><strong>non</strong></span> <span class='ocrx_word' id='word_1_91' title='bbox 376 884 629 925; x_wconf 78' lang='lat' dir='ltr'><strong>attendentis.</strong></span> <span class='ocrx_word' id='word_1_92' title='bbox 693 881 881 924; x_wconf 87' lang='lat' dir='ltr'><strong>Ceterum</strong></span> <span class='ocrx_word' id='word_1_93' title='bbox 906 886 1006 938; x_wconf 86' lang='lat' dir='ltr'><strong>qnod</strong></span> <span class='ocrx_word' id='word_1_94' title='bbox 1028 887 1127 940; x_wconf 86' lang='lat' dir='ltr'><strong>apud</strong></span> <span class='ocrx_word' id='word_1_95' title='bbox 1150 886 1323 927; x_wconf 87' lang='lat' dir='ltr'><strong>Hirtium</strong></span> <span class='ocrx_word' id='word_1_96' title='bbox 1359 886 1647 939; x_wconf 70' lang='lat' dir='ltr'><strong>‘equitatuque’</strong></span> 
     </span>
     <span class='ocr_line' id='line_1_12' title="bbox 163 951 1426 1008; baseline 0 -14"><span class='ocrx_word' id='word_1_97' title='bbox 163 955 291 1008; x_wconf 83' lang='lat' dir='ltr'><strong>posui,</strong></span> <span class='ocrx_word' id='word_1_98' title='bbox 317 954 489 993; x_wconf 86' lang='lat' dir='ltr'><strong>datiuum</strong></span> <span class='ocrx_word' id='word_1_99' title='bbox 511 966 572 992; x_wconf 89' lang='lat' dir='ltr'><strong>me</strong></span> <span class='ocrx_word' id='word_1_100' title='bbox 595 951 770 1004; x_wconf 83' lang='lat' dir='ltr'><strong>intellegi</strong></span> <span class='ocrx_word' id='word_1_101' title='bbox 794 953 894 993; x_wconf 88' lang='lat' dir='ltr'><strong>uelle</strong></span> <span class='ocrx_word' id='word_1_102' title='bbox 919 953 987 994; x_wconf 86' lang='lat' dir='ltr'><strong>uix</strong></span> <span class='ocrx_word' id='word_1_103' title='bbox 1010 961 1085 1002; x_wconf 84' lang='lat' dir='ltr'><strong>est,</strong></span> <span class='ocrx_word' id='word_1_104' title='bbox 1110 956 1210 1006; x_wconf 90' lang='lat' dir='ltr'><strong>quod</strong></span> <span class='ocrx_word' id='word_1_105' title='bbox 1232 968 1426 994; x_wconf 86' lang='lat' dir='ltr'><strong>moneam.</strong></span> 
     </span>
    </p>

    <p class='ocr_par' dir='ltr' id='par_1_3' title="bbox 165 1018 1653 1617">
     <span class='ocr_line' id='line_1_13' title="bbox 278 1018 1650 1075; baseline 0.001 -14"><span class='ocrx_word' id='word_1_106' title='bbox 278 1018 327 1061; x_wconf 92' lang='lat' dir='ltr'><strong>C.</strong></span> <span class='ocrx_word' id='word_1_107' title='bbox 352 1020 430 1070; x_wconf 72' lang='lat'><strong>28,</strong></span> <span class='ocrx_word' id='word_1_108' title='bbox 463 1020 490 1059; x_wconf 74' lang='lat'><strong>2</strong></span> <span class='ocrx_word' id='word_1_109' title='bbox 520 1020 616 1059; x_wconf 90' lang='lat' dir='ltr'><strong>haec</strong></span> <span class='ocrx_word' id='word_1_110' title='bbox 647 1019 888 1059; x_wconf 83' lang='lat' dir='ltr'><strong>edebantur:</strong></span> <span class='ocrx_word' id='word_1_111' title='bbox 926 1018 1075 1061; x_wconf 73' lang='lat' dir='ltr'><strong>‘Cuius</strong></span> <span class='ocrx_word' id='word_1_112' title='bbox 1099 1023 1316 1075; x_wconf 82' lang='lat' dir='ltr'><strong>praeceptis</strong></span> <span class='ocrx_word' id='word_1_113' title='bbox 1339 1030 1381 1062; x_wconf 92' lang='lat' dir='ltr'><strong>ut</strong></span> <span class='ocrx_word' id='word_1_114' title='bbox 1402 1035 1466 1062; x_wconf 88' lang='lat' dir='ltr'><strong>res</strong></span> <span class='ocrx_word' id='word_1_115' title='bbox 1488 1036 1650 1075; x_wconf 84' lang='lat' dir='ltr'><strong>gerere-</strong></span> 
     </span>
     <span class='ocr_line' id='line_1_14' title="bbox 165 1086 1651 1144; baseline 0.002 -17"><span class='ocrx_word' id='word_1_116' title='bbox 165 1095 252 1137; x_wconf 88' lang='lat' dir='ltr'><strong>tur,</strong></span> <span class='ocrx_word' id='word_1_117' title='bbox 286 1086 334 1140; x_wconf 80' lang='lat' dir='ltr'><strong>Q.</strong></span> <span class='ocrx_word' id='word_1_118' title='bbox 358 1088 476 1128; x_wconf 86' lang='lat' dir='ltr'><strong>Atius</strong></span> <span class='ocrx_word' id='word_1_119' title='bbox 500 1087 634 1129; x_wconf 78' lang='lat' dir='ltr'><strong>Varus</strong></span> <span class='ocrx_word' id='word_1_120' title='bbox 671 1089 890 1140; x_wconf 81' lang='lat' dir='ltr'><strong>praefectus</strong></span> <span class='ocrx_word' id='word_1_121' title='bbox 921 1089 1116 1142; x_wconf 82' lang='lat' dir='ltr'><strong>equitum,</strong></span> <span class='ocrx_word' id='word_1_122' title='bbox 1149 1090 1359 1144; x_wconf 83' lang='lat' dir='ltr'><strong>singularis</strong></span> <span class='ocrx_word' id='word_1_123' title='bbox 1393 1098 1432 1130; x_wconf 92' lang='lat' dir='ltr'><strong>et</strong></span> <span class='ocrx_word' id='word_1_124' title='bbox 1460 1090 1580 1130; x_wconf 85' lang='lat' dir='ltr'><strong>animi</strong></span> <span class='ocrx_word' id='word_1_125' title='bbox 1612 1097 1651 1130; x_wconf 90' lang='lat' dir='ltr'><strong>et</strong></span> 
     </span>
     <span class='ocr_line' id='line_1_15' title="bbox 165 1155 1651 1210; baseline 0 -14"><span class='ocrx_word' id='word_1_126' title='bbox 165 1156 396 1210; x_wconf 87' lang='lat' dir='ltr'><strong>prudentiae</strong></span> <span class='ocrx_word' id='word_1_127' title='bbox 421 1156 505 1206; x_wconf 84' lang='lat' dir='ltr'><strong>uir,</strong></span> <span class='ocrx_word' id='word_1_128' title='bbox 540 1170 634 1196; x_wconf 89' lang='lat' dir='ltr'><strong>suos</strong></span> <span class='ocrx_word' id='word_1_129' title='bbox 669 1155 850 1196; x_wconf 80' lang='lat' dir='ltr'><strong>hortatur</strong></span> <span class='ocrx_word' id='word_1_130' title='bbox 881 1171 1097 1210; x_wconf 81' lang='lat' dir='ltr'><strong>agmenque</strong></span> <span class='ocrx_word' id='word_1_131' title='bbox 1120 1157 1289 1197; x_wconf 89' lang='lat' dir='ltr'><strong>hostium</strong></span> <span class='ocrx_word' id='word_1_132' title='bbox 1312 1165 1547 1198; x_wconf 88' lang='lat' dir='ltr'><strong>consecutus</strong></span> <span class='ocrx_word' id='word_1_133' title='bbox 1570 1165 1651 1197; x_wconf 89' lang='lat' dir='ltr'><strong>tur-</strong></span> 
     </span>
     <span class='ocr_line' id='line_1_16' title="bbox 165 1223 1651 1278; baseline 0.001 -16"><span class='ocrx_word' id='word_1_134' title='bbox 165 1237 248 1263; x_wconf 88' lang='lat' dir='ltr'><strong>mas</strong></span> <span class='ocrx_word' id='word_1_135' title='bbox 271 1225 410 1277; x_wconf 87' lang='lat' dir='ltr'><strong>partim</strong></span> <span class='ocrx_word' id='word_1_136' title='bbox 442 1223 593 1263; x_wconf 90' lang='lat' dir='ltr'><strong>idoneis</strong></span> <span class='ocrx_word' id='word_1_137' title='bbox 625 1223 722 1263; x_wconf 85' lang='lat' dir='ltr'><strong>locis</strong></span> <span class='ocrx_word' id='word_1_138' title='bbox 745 1224 938 1278; x_wconf 82' lang='lat' dir='ltr'><strong>disponit,</strong></span> <span class='ocrx_word' id='word_1_139' title='bbox 973 1225 1113 1278; x_wconf 78' lang='lat' dir='ltr'><strong>partini</strong></span> <span class='ocrx_word' id='word_1_140' title='bbox 1137 1225 1310 1278; x_wconf 88' lang='lat' dir='ltr'><strong>equitum</strong></span> <span class='ocrx_word' id='word_1_141' title='bbox 1333 1224 1521 1278; x_wconf 90' lang='lat' dir='ltr'><strong>proelium</strong></span> <span class='ocrx_word' id='word_1_142' title='bbox 1546 1239 1651 1264; x_wconf 89' lang='lat' dir='ltr'><strong>com-</strong></span> 
     </span>
     <span class='ocr_line' id='line_1_17' title="bbox 165 1291 1652 1341; baseline 0.001 -11"><span class='ocrx_word' id='word_1_143' title='bbox 165 1291 314 1331; x_wconf 84' lang='lat' dir='ltr'><strong>mittit&#39;.</strong></span> <span class='ocrx_word' id='word_1_144' title='bbox 359 1291 434 1331; x_wconf 88' lang='lat' dir='ltr'><strong>Hic</strong></span> <span class='ocrx_word' id='word_1_145' title='bbox 458 1298 634 1332; x_wconf 83' lang='lat' dir='ltr'><strong>extrema</strong></span> <span class='ocrx_word' id='word_1_146' title='bbox 658 1304 744 1331; x_wconf 87' lang='lat' dir='ltr'><strong>eam</strong></span> <span class='ocrx_word' id='word_1_147' title='bbox 767 1298 916 1331; x_wconf 71' lang='lat' dir='ltr'><strong>tantum</strong></span> <span class='ocrx_word' id='word_1_148' title='bbox 941 1292 1179 1332; x_wconf 87' lang='lat' dir='ltr'><strong>sententiam</strong></span> <span class='ocrx_word' id='word_1_149' title='bbox 1201 1293 1434 1341; x_wconf 84' lang='lat' dir='ltr'><strong>admittunt,</strong></span> <span class='ocrx_word' id='word_1_150' title='bbox 1461 1299 1498 1332; x_wconf 93' lang='lat' dir='ltr'><strong>ut</strong></span> <span class='ocrx_word' id='word_1_151' title='bbox 1520 1291 1652 1332; x_wconf 71' lang='lat' dir='ltr'><strong>Varus</strong></span> 
     </span>
     <span class='ocr_line' id='line_1_18' title="bbox 165 1358 1652 1413; baseline -0.001 -14"><span class='ocrx_word' id='word_1_152' title='bbox 165 1366 347 1412; x_wconf 82' lang='lat' dir='ltr'><strong>equestre</strong></span> <span class='ocrx_word' id='word_1_153' title='bbox 369 1359 560 1412; x_wconf 87' lang='lat' dir='ltr'><strong>proelium</strong></span> <span class='ocrx_word' id='word_1_154' title='bbox 583 1359 829 1399; x_wconf 84' lang='lat' dir='ltr'><strong>commisisse</strong></span> <span class='ocrx_word' id='word_1_155' title='bbox 852 1359 1020 1398; x_wconf 85' lang='lat' dir='ltr'><strong>dicatur.</strong></span> <span class='ocrx_word' id='word_1_156' title='bbox 1063 1358 1107 1399; x_wconf 89' lang='lat' dir='ltr'><strong>Id</strong></span> <span class='ocrx_word' id='word_1_157' title='bbox 1140 1367 1270 1399; x_wconf 85' lang='lat' dir='ltr'><strong>autem</strong></span> <span class='ocrx_word' id='word_1_158' title='bbox 1302 1367 1341 1400; x_wconf 85' lang='lat' dir='ltr'><strong>et</strong></span> <span class='ocrx_word' id='word_1_159' title='bbox 1369 1360 1498 1413; x_wconf 86' lang='lat' dir='ltr'><strong>putide</strong></span> <span class='ocrx_word' id='word_1_160' title='bbox 1520 1359 1652 1403; x_wconf 85' lang='lat' dir='ltr'><strong>admo-</strong></span> 
     </span>
     <span class='ocr_line' id='line_1_19' title="bbox 166 1426 1651 1480; baseline 0 -15"><span class='ocrx_word' id='word_1_161' title='bbox 166 1426 256 1466; x_wconf 89' lang='lat' dir='ltr'><strong>dum</strong></span> <span class='ocrx_word' id='word_1_162' title='bbox 279 1427 502 1467; x_wconf 77' lang='lat' dir='ltr'><strong>declaratur</strong></span> <span class='ocrx_word' id='word_1_163' title='bbox 517 1458 526 1475; x_wconf 84' lang='lat'>,</span> <span class='ocrx_word' id='word_1_164' title='bbox 563 1441 648 1467; x_wconf 84' lang='lat' dir='ltr'><strong>cum</strong></span> <span class='ocrx_word' id='word_1_165' title='bbox 682 1427 807 1466; x_wconf 84' lang='lat' dir='ltr'><strong>nullas</strong></span> <span class='ocrx_word' id='word_1_166' title='bbox 840 1427 971 1480; x_wconf 82' lang='lat' dir='ltr'><strong>copias</strong></span> <span class='ocrx_word' id='word_1_167' title='bbox 993 1426 1067 1465; x_wconf 86' lang='lat' dir='ltr'><strong>nisi</strong></span> <span class='ocrx_word' id='word_1_168' title='bbox 1092 1433 1296 1478; x_wconf 86' lang='lat' dir='ltr'><strong>equestres</strong></span> <span class='ocrx_word' id='word_1_169' title='bbox 1319 1441 1451 1467; x_wconf 89' lang='lat' dir='ltr'><strong>secum</strong></span> <span class='ocrx_word' id='word_1_170' title='bbox 1474 1426 1651 1474; x_wconf 87' lang='lat' dir='ltr'><strong>haberet,</strong></span> 
     </span>
     <span class='ocr_line' id='line_1_20' title="bbox 168 1493 1653 1549; baseline -0.001 -15"><span class='ocrx_word' id='word_1_171' title='bbox 168 1508 294 1547; x_wconf 87' lang='lat' dir='ltr'><strong>neque</strong></span> <span class='ocrx_word' id='word_1_172' title='bbox 317 1495 371 1534; x_wconf 87' lang='lat' dir='ltr'><strong>ita</strong></span> <span class='ocrx_word' id='word_1_173' title='bbox 396 1495 490 1535; x_wconf 74' lang='lat' dir='ltr'><strong>llaec</strong></span> <span class='ocrx_word' id='word_1_174' title='bbox 514 1495 635 1549; x_wconf 87' lang='lat' dir='ltr'><strong>priori</strong></span> <span class='ocrx_word' id='word_1_175' title='bbox 666 1494 838 1535; x_wconf 86' lang='lat' dir='ltr'><strong>membro</strong></span> <span class='ocrx_word' id='word_1_176' title='bbox 869 1495 1119 1548; x_wconf 75' lang='lat' dir='ltr'><strong>respondent.</strong></span> <span class='ocrx_word' id='word_1_177' title='bbox 1184 1493 1300 1534; x_wconf 91' lang='lat' dir='ltr'><strong>Edidi</strong></span> <span class='ocrx_word' id='word_1_178' title='bbox 1331 1495 1455 1549; x_wconf 81' lang='lat' dir='ltr'><strong>igitur</strong></span> <span class='ocrx_word' id='word_1_179' title='bbox 1489 1499 1653 1534; x_wconf 86' lang='lat' dir='ltr'><strong>‘turmas</strong></span> 
     </span>
     <span class='ocr_line' id='line_1_21' title="bbox 165 1562 1613 1617; baseline -0.001 -15"><span class='ocrx_word' id='word_1_180' title='bbox 165 1562 305 1616; x_wconf 86' lang='lat' dir='ltr'><strong>partim</strong></span> <span class='ocrx_word' id='word_1_181' title='bbox 328 1563 480 1603; x_wconf 90' lang='lat' dir='ltr'><strong>idoneis</strong></span> <span class='ocrx_word' id='word_1_182' title='bbox 503 1563 600 1602; x_wconf 86' lang='lat' dir='ltr'><strong>locis</strong></span> <span class='ocrx_word' id='word_1_183' title='bbox 625 1562 810 1615; x_wconf 77' lang='lat' dir='ltr'><strong>disponit,</strong></span> <span class='ocrx_word' id='word_1_184' title='bbox 836 1569 945 1615; x_wconf 85' lang='lat' dir='ltr'><strong>parte</strong></span> <span class='ocrx_word' id='word_1_185' title='bbox 969 1562 1142 1617; x_wconf 86' lang='lat' dir='ltr'><strong>equitum</strong></span> <span class='ocrx_word' id='word_1_186' title='bbox 1165 1563 1354 1615; x_wconf 86' lang='lat' dir='ltr'><strong>proelium</strong></span> <span class='ocrx_word' id='word_1_187' title='bbox 1379 1562 1613 1602; x_wconf 70' lang='lat' dir='ltr'><strong>committit&#39;.</strong></span> 
     </span>
    </p>

    <p class='ocr_par' dir='ltr' id='par_1_4' title="bbox 168 1627 1660 2494">
     <span class='ocr_line' id='line_1_22' title="bbox 281 1627 1652 1682; baseline -0.001 -13"><span class='ocrx_word' id='word_1_188' title='bbox 281 1627 331 1669; x_wconf 86' lang='lat' dir='ltr'><strong>C.</strong></span> <span class='ocrx_word' id='word_1_189' title='bbox 357 1629 425 1679; x_wconf 77' lang='lat'><strong>42,</strong></span> <span class='ocrx_word' id='word_1_190' title='bbox 457 1630 483 1669; x_wconf 80' lang='lat'>4</span> <span class='ocrx_word' id='word_1_191' title='bbox 505 1632 545 1670; x_wconf 90' lang='lat' dir='ltr'><strong>in</strong></span> <span class='ocrx_word' id='word_1_192' title='bbox 571 1630 717 1670; x_wconf 81' lang='lat' dir='ltr'><strong>‘multis</strong></span> <span class='ocrx_word' id='word_1_193' title='bbox 741 1629 869 1669; x_wconf 84' lang='lat' dir='ltr'><strong>codd.&#39;</strong></span> <span class='ocrx_word' id='word_1_194' title='bbox 894 1627 998 1670; x_wconf 88' lang='lat' dir='ltr'><strong>Oud.</strong></span> <span class='ocrx_word' id='word_1_195' title='bbox 1023 1630 1076 1669; x_wconf 87' lang='lat' dir='ltr'><strong>ita</strong></span> <span class='ocrx_word' id='word_1_196' title='bbox 1099 1631 1286 1682; x_wconf 87' lang='lat' dir='ltr'><strong>scriptum</strong></span> <span class='ocrx_word' id='word_1_197' title='bbox 1311 1636 1394 1669; x_wconf 81' lang='lat' dir='ltr'><strong>est:</strong></span> <span class='ocrx_word' id='word_1_198' title='bbox 1431 1628 1527 1669; x_wconf 84' lang='lat' dir='ltr'><strong>‘Res</strong></span> <span class='ocrx_word' id='word_1_199' title='bbox 1551 1629 1652 1668; x_wconf 89' lang='lat' dir='ltr'><strong>enim</strong></span> 
     </span>
     <span class='ocr_line' id='line_1_23' title="bbox 169 1695 1657 1752; baseline -0.001 -15"><span class='ocrx_word' id='word_1_200' title='bbox 169 1697 383 1752; x_wconf 84' lang='lat' dir='ltr'><strong>gerebatur</strong></span> <span class='ocrx_word' id='word_1_201' title='bbox 405 1705 441 1736; x_wconf 85' lang='lat' dir='ltr'><strong>et</strong></span> <span class='ocrx_word' id='word_1_202' title='bbox 464 1697 626 1737; x_wconf 70' lang='lat' dir='ltr'><strong>excelso</strong></span> <span class='ocrx_word' id='word_1_203' title='bbox 649 1698 736 1737; x_wconf 91' lang='lat' dir='ltr'><strong>loco</strong></span> <span class='ocrx_word' id='word_1_204' title='bbox 762 1704 797 1736; x_wconf 87' lang='lat' dir='ltr'><strong>et</strong></span> <span class='ocrx_word' id='word_1_205' title='bbox 819 1698 860 1736; x_wconf 89' lang='lat' dir='ltr'><strong>in</strong></span> <span class='ocrx_word' id='word_1_206' title='bbox 882 1704 1094 1749; x_wconf 85' lang='lat' dir='ltr'><strong>conspectu</strong></span> <span class='ocrx_word' id='word_1_207' title='bbox 1117 1697 1318 1737; x_wconf 80' lang='lat' dir='ltr'><strong>exercitus</strong></span> <span class='ocrx_word' id='word_1_208' title='bbox 1343 1697 1483 1736; x_wconf 86' lang='lat' dir='ltr'><strong>nostri.</strong></span> <span class='ocrx_word' id='word_1_209' title='bbox 1528 1695 1584 1735; x_wconf 78' lang='lat' dir='ltr'><strong>Ita</strong></span> <span class='ocrx_word' id='word_1_210' title='bbox 1617 1703 1657 1735; x_wconf 88' lang='lat' dir='ltr'><strong>nt</strong></span> 
     </span>
     <span class='ocr_line' id='line_1_24' title="bbox 168 1763 1656 1819; baseline -0.002 -14"><span class='ocrx_word' id='word_1_211' title='bbox 168 1766 331 1818; x_wconf 88' lang='lat' dir='ltr'><strong>quisque</strong></span> <span class='ocrx_word' id='word_1_212' title='bbox 363 1772 516 1819; x_wconf 87' lang='lat' dir='ltr'><strong>poterat</strong></span> <span class='ocrx_word' id='word_1_213' title='bbox 545 1765 718 1805; x_wconf 80' lang='lat' dir='ltr'><strong>maxime</strong></span> <span class='ocrx_word' id='word_1_214' title='bbox 748 1764 939 1817; x_wconf 81' lang='lat' dir='ltr'><strong>insigni5‚</strong></span> <span class='ocrx_word' id='word_1_215' title='bbox 975 1778 1050 1816; x_wconf 91' lang='lat' dir='ltr'><strong>quo</strong></span> <span class='ocrx_word' id='word_1_216' title='bbox 1082 1764 1213 1804; x_wconf 92' lang='lat' dir='ltr'><strong>notior</strong></span> <span class='ocrx_word' id='word_1_217' title='bbox 1243 1764 1501 1816; x_wconf 82' lang='lat' dir='ltr'><strong>testatiorque</strong></span> <span class='ocrx_word' id='word_1_218' title='bbox 1530 1763 1656 1803; x_wconf 89' lang='lat' dir='ltr'><strong>uirtus</strong></span> 
     </span>
     <span class='ocr_line' id='line_1_25' title="bbox 169 1830 1651 1884; baseline -0.001 -12"><span class='ocrx_word' id='word_1_219' title='bbox 169 1840 276 1872; x_wconf 88' lang='lat' dir='ltr'><strong>esset</strong></span> <span class='ocrx_word' id='word_1_220' title='bbox 298 1832 406 1882; x_wconf 83' lang='lat' dir='ltr'><strong>eius,</strong></span> <span class='ocrx_word' id='word_1_221' title='bbox 443 1832 529 1871; x_wconf 89' lang='lat' dir='ltr'><strong>telis</strong></span> <span class='ocrx_word' id='word_1_222' title='bbox 563 1832 733 1872; x_wconf 89' lang='lat' dir='ltr'><strong>hostium</strong></span> <span class='ocrx_word' id='word_1_223' title='bbox 766 1832 1021 1884; x_wconf 87' lang='lat' dir='ltr'><strong>flammaeque</strong></span> <span class='ocrx_word' id='word_1_224' title='bbox 1054 1845 1098 1872; x_wconf 92' lang='lat' dir='ltr'><strong>se</strong></span> <span class='ocrx_word' id='word_1_225' title='bbox 1129 1830 1360 1882; x_wconf 73' lang='lat' dir='ltr'><strong>offerebat&#39;3</strong></span> <span class='ocrx_word' id='word_1_226' title='bbox 1394 1832 1433 1871; x_wconf 91' lang='lat' dir='ltr'><strong>in</strong></span> <span class='ocrx_word' id='word_1_227' title='bbox 1465 1830 1557 1871; x_wconf 89' lang='lat' dir='ltr'><strong>Par.</strong></span> <span class='ocrx_word' id='word_1_228' title='bbox 1592 1845 1651 1884; x_wconf 85' lang='lat' dir='ltr'><strong>pr.</strong></span> 
     </span>
     <span class='ocr_line' id='line_1_26' title="bbox 169 1897 1655 1953; baseline -0.001 -14"><span class='ocrx_word' id='word_1_229' title='bbox 169 1907 208 1940; x_wconf 89' lang='lat' dir='ltr'><strong>et</strong></span> <span class='ocrx_word' id='word_1_230' title='bbox 232 1899 335 1940; x_wconf 77' lang='lat' dir='ltr'><strong>‘sex&#39;</strong></span> <span class='ocrx_word' id='word_1_231' title='bbox 369 1900 479 1940; x_wconf 87' lang='lat' dir='ltr'><strong>codd.</strong></span> <span class='ocrx_word' id='word_1_232' title='bbox 507 1897 779 1953; x_wconf 88' lang='lat' dir='ltr'><strong>Oudendorpii</strong></span> <span class='ocrx_word' id='word_1_233' title='bbox 804 1900 872 1940; x_wconf 74' lang='lat' dir='ltr'><strong>‘ut&#39;</strong></span> <span class='ocrx_word' id='word_1_234' title='bbox 896 1906 987 1940; x_wconf 86' lang='lat' dir='ltr'><strong>ante</strong></span> <span class='ocrx_word' id='word_1_235' title='bbox 1013 1898 1220 1952; x_wconf 72' lang='lat' dir='ltr'><strong>‘quisque&#39;,</strong></span> <span class='ocrx_word' id='word_1_236' title='bbox 1245 1900 1285 1939; x_wconf 94' lang='lat' dir='ltr'><strong>in</strong></span> <span class='ocrx_word' id='word_1_237' title='bbox 1307 1898 1424 1953; x_wconf 85' lang='lat' dir='ltr'><strong>Egm.</strong></span> <span class='ocrx_word' id='word_1_238' title='bbox 1463 1897 1655 1952; x_wconf 81' lang='lat' dir='ltr'><strong>‘poterat&#39;</strong></span> 
     </span>
     <span class='ocr_line' id='line_1_27' title="bbox 170 1965 1656 2020; baseline -0.001 -13"><span class='ocrx_word' id='word_1_239' title='bbox 170 1968 359 2008; x_wconf 89' lang='lat' dir='ltr'><strong>omissum</strong></span> <span class='ocrx_word' id='word_1_240' title='bbox 381 1974 456 2007; x_wconf 86' lang='lat' dir='ltr'><strong>est.</strong></span> <span class='ocrx_word' id='word_1_241' title='bbox 502 1965 734 2020; x_wconf 78' lang='lat' dir='ltr'><strong>interpolati</strong></span> <span class='ocrx_word' id='word_1_242' title='bbox 757 1968 946 2007; x_wconf 90' lang='lat' dir='ltr'><strong>hactenus</strong></span> <span class='ocrx_word' id='word_1_243' title='bbox 970 1967 1221 2020; x_wconf 79' lang='lat' dir='ltr'><strong>discrepant,</strong></span> <span class='ocrx_word' id='word_1_244' title='bbox 1256 1967 1357 2019; x_wconf 87' lang='lat' dir='ltr'><strong>qnod</strong></span> <span class='ocrx_word' id='word_1_245' title='bbox 1378 1967 1419 2006; x_wconf 89' lang='lat' dir='ltr'><strong>in</strong></span> <span class='ocrx_word' id='word_1_246' title='bbox 1441 1966 1488 2006; x_wconf 88' lang='lat' dir='ltr'><strong>iis</strong></span> <span class='ocrx_word' id='word_1_247' title='bbox 1512 1966 1656 2020; x_wconf 85' lang='lat' dir='ltr'><strong>legitur</strong></span> 
     </span>
     <span class='ocr_line' id='line_1_28' title="bbox 171 2032 1654 2088; baseline -0.002 -13"><span class='ocrx_word' id='word_1_248' title='bbox 171 2035 243 2075; x_wconf 86' lang='lat' dir='ltr'><strong>‘ita</strong></span> <span class='ocrx_word' id='word_1_249' title='bbox 276 2050 388 2088; x_wconf 86' lang='lat' dir='ltr'><strong>quam</strong></span> <span class='ocrx_word' id='word_1_250' title='bbox 423 2034 617 2088; x_wconf 85' lang='lat' dir='ltr'><strong>quisqne&#39;.</strong></span> <span class='ocrx_word' id='word_1_251' title='bbox 666 2032 944 2076; x_wconf 75' lang='lat' dir='ltr'><strong>‘Offerebam&#39;</strong></span> <span class='ocrx_word' id='word_1_252' title='bbox 969 2049 1021 2075; x_wconf 77' lang='lat' dir='ltr'><strong>ex</strong></span> <span class='ocrx_word' id='word_1_253' title='bbox 1050 2035 1182 2088; x_wconf 86' lang='lat' dir='ltr'><strong>paucis</strong></span> <span class='ocrx_word' id='word_1_254' title='bbox 1216 2034 1479 2075; x_wconf 82' lang='lat' dir='ltr'><strong>deterioribus</strong></span> <span class='ocrx_word' id='word_1_255' title='bbox 1512 2033 1654 2074; x_wconf 88' lang='lat' dir='ltr'><strong>editur.</strong></span> 
     </span>
     <span class='ocr_line' id='line_1_29' title="bbox 169 2101 1659 2156; baseline -0.003 -12"><span class='ocrx_word' id='word_1_256' title='bbox 169 2101 248 2144; x_wconf 89' lang='lat' dir='ltr'><strong>Sed</strong></span> <span class='ocrx_word' id='word_1_257' title='bbox 275 2104 449 2143; x_wconf 87' lang='lat' dir='ltr'><strong>codicum</strong></span> <span class='ocrx_word' id='word_1_258' title='bbox 472 2103 667 2155; x_wconf 84' lang='lat' dir='ltr'><strong>scriptura</strong></span> <span class='ocrx_word' id='word_1_259' title='bbox 689 2110 824 2156; x_wconf 86' lang='lat' dir='ltr'><strong>aperte</strong></span> <span class='ocrx_word' id='word_1_260' title='bbox 846 2104 943 2143; x_wconf 87' lang='lat' dir='ltr'><strong>falsa</strong></span> <span class='ocrx_word' id='word_1_261' title='bbox 967 2110 1041 2143; x_wconf 91' lang='lat' dir='ltr'><strong>est.</strong></span> <span class='ocrx_word' id='word_1_262' title='bbox 1095 2104 1175 2142; x_wconf 92' lang='lat' dir='ltr'><strong>Aut</strong></span> <span class='ocrx_word' id='word_1_263' title='bbox 1197 2102 1297 2142; x_wconf 90' lang='lat' dir='ltr'><strong>enim</strong></span> <span class='ocrx_word' id='word_1_264' title='bbox 1337 2102 1539 2141; x_wconf 85' lang='lat' dir='ltr'><strong>dicendum</strong></span> <span class='ocrx_word' id='word_1_265' title='bbox 1572 2108 1659 2140; x_wconf 88' lang='lat' dir='ltr'><strong>erat</strong></span> 
     </span>
     <span class='ocr_line' id='line_1_30' title="bbox 175 2170 1654 2225; baseline -0.003 -14"><span class='ocrx_word' id='word_1_266' title='bbox 175 2175 186 2195; x_wconf 86' lang='lat'>‘</span> <span class='ocrx_word' id='word_1_267' title='bbox 201 2178 245 2211; x_wconf 85' lang='lat' dir='ltr'><strong>ut</strong></span> <span class='ocrx_word' id='word_1_268' title='bbox 266 2171 429 2224; x_wconf 90' lang='lat' dir='ltr'><strong>quisque</strong></span> <span class='ocrx_word' id='word_1_269' title='bbox 452 2178 607 2225; x_wconf 86' lang='lat' dir='ltr'><strong>poterat</strong></span> <span class='ocrx_word' id='word_1_270' title='bbox 628 2171 799 2212; x_wconf 83' lang='lat' dir='ltr'><strong>maxime</strong></span> <span class='ocrx_word' id='word_1_271' title='bbox 821 2171 1050 2225; x_wconf 82' lang='lat' dir='ltr'><strong>insigniter,</strong></span> <span class='ocrx_word' id='word_1_272' title='bbox 1087 2170 1176 2209; x_wconf 86' lang='lat' dir='ltr'><strong>telis</strong></span> <span class='ocrx_word' id='word_1_273' title='bbox 1199 2183 1242 2210; x_wconf 92' lang='lat' dir='ltr'><strong>se</strong></span> <span class='ocrx_word' id='word_1_274' title='bbox 1263 2170 1484 2218; x_wconf 78' lang='lat' dir='ltr'><strong>offerebat&#39;‚</strong></span> <span class='ocrx_word' id='word_1_275' title='bbox 1509 2177 1574 2208; x_wconf 91' lang='lat' dir='ltr'><strong>aut</strong></span> <span class='ocrx_word' id='word_1_276' title='bbox 1600 2174 1654 2208; x_wconf 74' lang='lat' dir='ltr'><strong>‘ut</strong></span> 
     </span>
     <span class='ocr_line' id='line_1_31' title="bbox 172 2235 1658 2293; baseline -0.003 -14"><span class='ocrx_word' id='word_1_277' title='bbox 172 2240 335 2293; x_wconf 83' lang='lat' dir='ltr'><strong>quisque</strong></span> <span class='ocrx_word' id='word_1_278' title='bbox 349 2246 518 2293; x_wconf 78' lang='lat' dir='ltr'><strong>poterat,</strong></span> <span class='ocrx_word' id='word_1_279' title='bbox 534 2239 707 2279; x_wconf 78' lang='lat' dir='ltr'><strong>maxime</strong></span> <span class='ocrx_word' id='word_1_280' title='bbox 720 2239 913 2292; x_wconf 81' lang='lat' dir='ltr'><strong>insignem</strong></span> <span class='ocrx_word' id='word_1_281' title='bbox 928 2239 1015 2278; x_wconf 87' lang='lat' dir='ltr'><strong>telis</strong></span> <span class='ocrx_word' id='word_1_282' title='bbox 1025 2252 1068 2278; x_wconf 92' lang='lat' dir='ltr'><strong>se</strong></span> <span class='ocrx_word' id='word_1_283' title='bbox 1079 2238 1300 2278; x_wconf 84' lang='lat' dir='ltr'><strong>offerebat&#39;.</strong></span> <span class='ocrx_word' id='word_1_284' title='bbox 1318 2235 1541 2278; x_wconf 83' lang='lat' dir='ltr'><strong>Secundum</strong></span> <span class='ocrx_word' id='word_1_285' title='bbox 1557 2236 1658 2276; x_wconf 70' lang='lat' dir='ltr'><strong>‘sex&#39;</strong></span> 
     </span>
     <span class='ocr_line' id='line_1_32' title="bbox 172 2304 1660 2360; baseline -0.003 -14"><span class='ocrx_word' id='word_1_286' title='bbox 172 2307 285 2347; x_wconf 90' lang='lat' dir='ltr'><strong>codd.</strong></span> <span class='ocrx_word' id='word_1_287' title='bbox 303 2304 426 2354; x_wconf 82' lang='lat' dir='ltr'><strong>Oud.‚</strong></span> <span class='ocrx_word' id='word_1_288' title='bbox 451 2308 664 2359; x_wconf 86' lang='lat' dir='ltr'><strong>interquos</strong></span> <span class='ocrx_word' id='word_1_289' title='bbox 688 2307 855 2360; x_wconf 81' lang='lat' dir='ltr'><strong>optimos</strong></span> <span class='ocrx_word' id='word_1_290' title='bbox 873 2320 961 2346; x_wconf 88' lang='lat' dir='ltr'><strong>esse</strong></span> <span class='ocrx_word' id='word_1_291' title='bbox 985 2319 1202 2345; x_wconf 86' lang='lat' dir='ltr'><strong>consensus</strong></span> <span class='ocrx_word' id='word_1_292' title='bbox 1216 2304 1309 2345; x_wconf 83' lang='lat' dir='ltr'><strong>Par.</strong></span> <span class='ocrx_word' id='word_1_293' title='bbox 1326 2319 1384 2359; x_wconf 89' lang='lat' dir='ltr'><strong>pr.</strong></span> <span class='ocrx_word' id='word_1_294' title='bbox 1411 2305 1539 2353; x_wconf 89' lang='lat' dir='ltr'><strong>docet,</strong></span> <span class='ocrx_word' id='word_1_295' title='bbox 1564 2304 1660 2342; x_wconf 88' lang='lat' dir='ltr'><strong>haec</strong></span> 
     </span>
     <span class='ocr_line' id='line_1_33' title="bbox 170 2370 1660 2426; baseline -0.004 -12"><span class='ocrx_word' id='word_1_296' title='bbox 170 2374 226 2414; x_wconf 86' lang='lat' dir='ltr'><strong>ita</strong></span> <span class='ocrx_word' id='word_1_297' title='bbox 249 2374 476 2414; x_wconf 84' lang='lat' dir='ltr'><strong>emendaui:</strong></span> <span class='ocrx_word' id='word_1_298' title='bbox 505 2373 578 2413; x_wconf 83' lang='lat' dir='ltr'><strong>‘Ita</strong></span> <span class='ocrx_word' id='word_1_299' title='bbox 602 2374 781 2426; x_wconf 76' lang='lat' dir='ltr'><strong>quisque,</strong></span> <span class='ocrx_word' id='word_1_300' title='bbox 807 2382 850 2413; x_wconf 93' lang='lat' dir='ltr'><strong>ut</strong></span> <span class='ocrx_word' id='word_1_301' title='bbox 864 2381 947 2414; x_wconf 88' lang='lat' dir='ltr'><strong>erat</strong></span> <span class='ocrx_word' id='word_1_302' title='bbox 963 2374 1132 2413; x_wconf 67' lang='lat' dir='ltr'><strong>maxime</strong></span> <span class='ocrx_word' id='word_1_303' title='bbox 1155 2373 1339 2426; x_wconf 82' lang='lat' dir='ltr'><strong>insignis,</strong></span> <span class='ocrx_word' id='word_1_304' title='bbox 1364 2386 1437 2424; x_wconf 89' lang='lat' dir='ltr'><strong>quo</strong></span> <span class='ocrx_word' id='word_1_305' title='bbox 1458 2370 1590 2410; x_wconf 88' lang='lat' dir='ltr'><strong>notior</strong></span> <span class='ocrx_word' id='word_1_306' title='bbox 1602 2376 1660 2408; x_wconf 89' lang='lat' dir='ltr'><strong>te-</strong></span> 
     </span>
     <span class='ocr_line' id='line_1_34' title="bbox 174 2437 1657 2494; baseline -0.004 -13"><span class='ocrx_word' id='word_1_307' title='bbox 174 2441 392 2494; x_wconf 85' lang='lat' dir='ltr'><strong>statiorque</strong></span> <span class='ocrx_word' id='word_1_308' title='bbox 405 2441 530 2480; x_wconf 89' lang='lat' dir='ltr'><strong>uirtus</strong></span> <span class='ocrx_word' id='word_1_309' title='bbox 547 2449 654 2481; x_wconf 85' lang='lat' dir='ltr'><strong>esset</strong></span> <span class='ocrx_word' id='word_1_310' title='bbox 676 2442 776 2492; x_wconf 82' lang='lat' dir='ltr'><strong>eius,</strong></span> <span class='ocrx_word' id='word_1_311' title='bbox 802 2442 892 2482; x_wconf 88' lang='lat' dir='ltr'><strong>telis</strong></span> <span class='ocrx_word' id='word_1_312' title='bbox 914 2442 1081 2482; x_wconf 87' lang='lat' dir='ltr'><strong>hostium</strong></span> <span class='ocrx_word' id='word_1_313' title='bbox 1098 2441 1354 2491; x_wconf 86' lang='lat' dir='ltr'><strong>flammaeque</strong></span> <span class='ocrx_word' id='word_1_314' title='bbox 1375 2452 1417 2478; x_wconf 89' lang='lat' dir='ltr'><strong>se</strong></span> <span class='ocrx_word' id='word_1_315' title='bbox 1439 2437 1657 2477; x_wconf 47' lang='lat' dir='ltr'><strong>offerebat&amp;</strong></span> 
     </span>
    </p>

    <p class='ocr_par' dir='ltr' id='par_1_5' title="bbox 176 2504 1667 2900">
     <span class='ocr_line' id='line_1_35' title="bbox 287 2504 1659 2555; baseline -0.003 -8"><span class='ocrx_word' id='word_1_316' title='bbox 287 2507 423 2548; x_wconf 83' lang='lat' dir='ltr'><strong>Verba</strong></span> <span class='ocrx_word' id='word_1_317' title='bbox 446 2523 481 2548; x_wconf 89' lang='lat' dir='ltr'><strong>c.</strong></span> <span class='ocrx_word' id='word_1_318' title='bbox 507 2508 576 2555; x_wconf 75' lang='lat'><strong>48,</strong></span> <span class='ocrx_word' id='word_1_319' title='bbox 602 2508 626 2548; x_wconf 84' lang='lat'><strong>3</strong></span> <span class='ocrx_word' id='word_1_320' title='bbox 649 2509 703 2549; x_wconf 87' lang='lat' dir='ltr'><strong>ita</strong></span> <span class='ocrx_word' id='word_1_321' title='bbox 726 2509 999 2549; x_wconf 83' lang='lat' dir='ltr'><strong>constituenda</strong></span> <span class='ocrx_word' id='word_1_322' title='bbox 1022 2506 1274 2547; x_wconf 78' lang='lat' dir='ltr'><strong>existimaui:</strong></span> <span class='ocrx_word' id='word_1_323' title='bbox 1304 2504 1550 2545; x_wconf 78' lang='lat' dir='ltr'><strong>‘Nouissime</strong></span> <span class='ocrx_word' id='word_1_324' title='bbox 1573 2518 1659 2543; x_wconf 79' lang='lat' dir='ltr'><strong>cnm</strong></span> 
     </span>
     <span class='ocr_line' id='line_1_36' title="bbox 178 2572 1663 2626; baseline -0.004 -10"><span class='ocrx_word' id='word_1_325' title='bbox 178 2576 450 2616; x_wconf 85' lang='lat' dir='ltr'><strong>uehementius</strong></span> <span class='ocrx_word' id='word_1_326' title='bbox 496 2577 825 2622; x_wconf 82' lang='lat' dir='ltr'><strong>contenderetur,</strong></span> <span class='ocrx_word' id='word_1_327' title='bbox 873 2589 918 2614; x_wconf 90' lang='lat' dir='ltr'><strong>ac</strong></span> <span class='ocrx_word' id='word_1_328' title='bbox 953 2573 1178 2614; x_wconf 76' lang='lat' dir='ltr'><strong>Volusenus</strong></span> <span class='ocrx_word' id='word_1_329' title='bbox 1219 2573 1342 2626; x_wconf 87' lang='lat' dir='ltr'><strong>ipsius</strong></span> <span class='ocrx_word' id='word_1_330' title='bbox 1385 2572 1663 2624; x_wconf 75' lang='lat' dir='ltr'><strong>intercipiendi</strong></span> 
     </span>
     <span class='ocr_line' id='line_1_37' title="bbox 178 2639 1664 2697; baseline -0.004 -13"><span class='ocrx_word' id='word_1_331' title='bbox 178 2640 348 2684; x_wconf 90' lang='lat' dir='ltr'><strong>Commii</strong></span> <span class='ocrx_word' id='word_1_332' title='bbox 371 2643 583 2696; x_wconf 88' lang='lat' dir='ltr'><strong>cupiditate</strong></span> <span class='ocrx_word' id='word_1_333' title='bbox 606 2643 846 2697; x_wconf 86' lang='lat' dir='ltr'><strong>pertinacius</strong></span> <span class='ocrx_word' id='word_1_334' title='bbox 865 2655 951 2681; x_wconf 89' lang='lat' dir='ltr'><strong>eum</strong></span> <span class='ocrx_word' id='word_1_335' title='bbox 972 2655 1057 2681; x_wconf 90' lang='lat' dir='ltr'><strong>cum</strong></span> <span class='ocrx_word' id='word_1_336' title='bbox 1081 2641 1212 2694; x_wconf 86' lang='lat' dir='ltr'><strong>paucis</strong></span> <span class='ocrx_word' id='word_1_337' title='bbox 1229 2641 1430 2680; x_wconf 88' lang='lat' dir='ltr'><strong>insecutus</strong></span> <span class='ocrx_word' id='word_1_338' title='bbox 1453 2646 1574 2688; x_wconf 88' lang='lat' dir='ltr'><strong>esset,</strong></span> <span class='ocrx_word' id='word_1_339' title='bbox 1599 2639 1664 2678; x_wconf 91' lang='lat' dir='ltr'><strong>ille</strong></span> 
     </span>
     <span class='ocr_line' id='line_1_38' title="bbox 177 2706 1664 2765; baseline -0.005 -13"><span class='ocrx_word' id='word_1_340' title='bbox 177 2719 307 2752; x_wconf 85' lang='lat' dir='ltr'><strong>autem</strong></span> <span class='ocrx_word' id='word_1_341' title='bbox 338 2712 429 2765; x_wconf 85' lang='lat' dir='ltr'><strong>fuga</strong></span> <span class='ocrx_word' id='word_1_342' title='bbox 457 2711 679 2751; x_wconf 89' lang='lat' dir='ltr'><strong>uehementi</strong></span> <span class='ocrx_word' id='word_1_343' title='bbox 709 2709 955 2751; x_wconf 76' lang='lat' dir='ltr'><strong>Volusenum</strong></span> <span class='ocrx_word' id='word_1_344' title='bbox 986 2709 1237 2762; x_wconf 83' lang='lat' dir='ltr'><strong>produxisset</strong></span> <span class='ocrx_word' id='word_1_345' title='bbox 1270 2707 1449 2761; x_wconf 85' lang='lat' dir='ltr'><strong>longius,</strong></span> <span class='ocrx_word' id='word_1_346' title='bbox 1484 2706 1664 2747; x_wconf 86' lang='lat' dir='ltr'><strong>inimicus</strong></span> 
     </span>
     <span class='ocr_line' id='line_1_39' title="bbox 176 2775 1667 2829; baseline -0.004 -10"><span class='ocrx_word' id='word_1_347' title='bbox 176 2779 327 2819; x_wconf 88' lang='lat' dir='ltr'><strong>homini</strong></span> <span class='ocrx_word' id='word_1_348' title='bbox 349 2793 511 2819; x_wconf 90' lang='lat' dir='ltr'><strong>suorum</strong></span> <span class='ocrx_word' id='word_1_349' title='bbox 532 2779 694 2818; x_wconf 88' lang='lat' dir='ltr'><strong>inuocat</strong></span> <span class='ocrx_word' id='word_1_350' title='bbox 715 2779 827 2819; x_wconf 85' lang='lat' dir='ltr'><strong>fidem</strong></span> <span class='ocrx_word' id='word_1_351' title='bbox 857 2784 973 2829; x_wconf 86' lang='lat' dir='ltr'><strong>atque</strong></span> <span class='ocrx_word' id='word_1_352' title='bbox 995 2776 1210 2826; x_wconf 72' lang='lat' dir='ltr'><strong>auxilium,</strong></span> <span class='ocrx_word' id='word_1_353' title='bbox 1248 2790 1296 2816; x_wconf 89' lang='lat' dir='ltr'><strong>ne</strong></span> <span class='ocrx_word' id='word_1_354' title='bbox 1318 2790 1390 2816; x_wconf 87' lang='lat' dir='ltr'><strong>sua</strong></span> <span class='ocrx_word' id='word_1_355' title='bbox 1410 2775 1576 2815; x_wconf 88' lang='lat' dir='ltr'><strong>uulnera</strong></span> <span class='ocrx_word' id='word_1_356' title='bbox 1597 2787 1667 2826; x_wconf 89' lang='lat' dir='ltr'><strong>per</strong></span> 
     </span>
     <span class='ocr_line' id='line_1_40' title="bbox 181 2841 1667 2900; baseline -0.005 -12"><span class='ocrx_word' id='word_1_357' title='bbox 181 2847 293 2888; x_wconf 90' lang='lat' dir='ltr'><strong>fidem</strong></span> <span class='ocrx_word' id='word_1_358' title='bbox 316 2846 500 2900; x_wconf 84' lang='lat' dir='ltr'><strong>imposita</strong></span> <span class='ocrx_word' id='word_1_359' title='bbox 522 2853 753 2900; x_wconf 85' lang='lat' dir='ltr'><strong>paterentur</strong></span> <span class='ocrx_word' id='word_1_360' title='bbox 773 2844 978 2899; x_wconf 86' lang='lat' dir='ltr'><strong>impunita,</strong></span> <span class='ocrx_word' id='word_1_361' title='bbox 1004 2857 1278 2898; x_wconf 86' lang='lat' dir='ltr'><strong>conuersoque</strong></span> <span class='ocrx_word' id='word_1_362' title='bbox 1299 2858 1398 2897; x_wconf 87' lang='lat' dir='ltr'><strong>equo</strong></span> <span class='ocrx_word' id='word_1_363' title='bbox 1417 2857 1460 2884; x_wconf 90' lang='lat' dir='ltr'><strong>se</strong></span> <span class='ocrx_word' id='word_1_364' title='bbox 1482 2856 1504 2883; x_wconf 87' lang='lat' dir='ltr'><strong>a</strong></span> <span class='ocrx_word' id='word_1_365' title='bbox 1526 2841 1667 2883; x_wconf 81' lang='lat' dir='ltr'><strong>ceteris</strong></span> 
     </span>
    </p>
   </div>
  </div>
 </body>
</html>
