1835 3240
76 170 159 211 614
645 168 719 209 DE
750 167 941 210 BELLO
975 166 1150 210 CIVlLI

153 281 274 337 pulsis
309 282 455 322 nullum
489 282 656 335 spatium
679 281 898 335 perterritis
921 281 1014 320 dare
1037 287 1216 334 oportere
1238 281 1471 322 existimans
1494 281 1636 323 milites

156 350 384 391 cohortatus
407 357 482 400 est,
509 356 551 390 ut
570 348 760 388 beneficio
788 349 968 389 fortunae
986 355 1192 388 uterentur
1209 356 1414 403 castraque
1439 364 1637 404 oppugna-

156 425 261 458 rent.
297 415 392 470 Qui,
410 417 483 458 etsi
505 429 645 469 magno
668 422 779 455 aestu
802 418 909 467 (nam
931 415 979 455 ad
1000 415 1204 456 meridiem
1224 430 1288 456 res
1310 424 1394 457 erat
1412 417 1634 471 perducta),

105 484 133 526 2
156 492 285 526 tamen
308 486 355 525 ad
378 497 530 525 omnem
553 482 727 523 laborem
751 483 880 523 animo
904 482 1031 537 parati
1052 483 1216 536 imperio
1239 491 1467 537 paruerunt.
1494 484 1638 526 Castra

154 568 178 594 a
199 553 426 594 cohortibus
442 582 452 601 ,
477 564 576 603 qnae
597 550 651 590 ibi
673 550 867 604 praesidio
889 558 1003 591 erant
1023 550 1185 590 relictae
1201 581 1212 600 ,
1236 551 1430 591 industrie
1451 551 1634 593 defende-

110 620 135 662 3
156 621 313 667 bantur,
330 619 450 659 multo
473 619 590 659 etiam
613 620 746 659 acrius
768 633 790 659 a
804 617 1026 659 Thracibus
1047 618 1302 671 barbarisque
1322 618 1500 659 auxiliis.
1532 618 1639 660 Nam

158 689 222 742 qui
254 703 310 728 ex
342 687 428 727 acie
450 687 679 740 refugerant
701 686 846 727 milites
862 716 872 735 ‚
907 694 946 727 et
967 686 1097 726 animo
1120 686 1324 740 perterriti
1346 693 1386 726 et
1406 686 1641 729 lassitudine

157 754 325 797 consecti
353 754 485 794 missis
509 754 685 808 plerique
709 755 830 794 armis
854 754 1056 808 signisque
1077 754 1312 794 militaribus
1333 755 1458 808 magis
1482 756 1529 795 de
1549 755 1642 795 reli-

110 823 137 864 4
158 838 232 877 qua
264 824 354 877 fuga
387 835 499 875 quam
532 823 579 863 de
602 830 820 863 castrorum
844 822 1073 863 defensione
1095 821 1336 875 cogitabant.
1380 821 1522 875 Neque
1546 837 1642 863 uero

159 891 302 931 diutius
318 921 328 941 ,
363 890 425 943 qui
447 890 487 930 in
510 890 614 931 uallo
637 891 922 940 constiterant,
946 889 1232 930 multitudinem
1255 891 1421 930 telorum
1443 890 1643 932 sustinere

158 966 393 1013 potuerunt,
418 959 486 999 sed
510 958 679 999 confecti
703 958 930 999 uulneribus
953 958 1079 998 locum
1101 957 1361 1010 reliquerunt,
1386 957 1642 1011 protinusque

161 1041 297 1068 omnes
321 1026 482 1067 ducibus
507 1027 569 1067 usi
592 1026 888 1067 centurionibus
912 1025 1159 1078 tribunisque
1182 1025 1347 1065 militum
1369 1025 1409 1064 in
1430 1025 1642 1066 altissimos

81 1095 140 1139 96
158 1102 328 1145 montes,
353 1094 417 1148 qui
439 1095 486 1135 ad
510 1101 643 1135 castra
663 1095 927 1149 pertinebant,
946 1094 1224 1147 confugerunt.
1258 1092 1302 1133 In
1325 1093 1467 1133 castris
1479 1091 1643 1147 Pompei

159 1163 297 1204 uidere
319 1163 430 1203 licuit
452 1162 627 1203 trichilas
649 1169 833 1212 structas,
858 1176 1039 1216 magnum
1062 1161 1215 1214 argenti
1233 1160 1382 1214 pondus
1401 1161 1645 1214 expositum,-

159 1230 384 1272 recentibus
407 1230 619 1283 cespitibus
642 1230 898 1270 tabernacula
919 1235 1137 1277 constrata,
1158 1226 1274 1267 Lucii
1294 1228 1411 1267 etiam
1424 1226 1586 1268 Lentuli
1608 1235 1647 1268 et

159 1299 437 1338 nonnullorum
461 1297 713 1337 tabernacula
735 1304 914 1349 protecta
937 1296 1054 1336 edera
1075 1295 1274 1348 multaque
1296 1302 1518 1349 praeterea,
1544 1309 1644 1348 quae

158 1366 316 1406 nimiam
338 1365 538 1405 luxuriam
561 1372 600 1405 et
623 1364 812 1405 uictoriae
830 1364 1007 1405 fiduciam
1026 1363 1295 1418 designarent,
1314 1370 1356 1403 ut
1374 1363 1489 1403 facile
1505 1363 1645 1404 existi-

159 1433 256 1473 mari
280 1439 415 1487 posset
435 1432 535 1473 nihil
557 1447 625 1473 eos
648 1434 694 1473 de
717 1440 862 1474 euentu
885 1433 970 1473 eius
994 1432 1069 1472 diei
1092 1431 1293 1481 timuisse,
1318 1431 1383 1484 qui
1406 1445 1485 1471 non
1508 1444 1646 1472 neces-

111 1502 139 1542 2
160 1501 288 1542 sarias
323 1501 604 1554 conquirerent
626 1501 864 1555 uoluptates.
908 1499 965 1540 At
986 1501 1023 1540 hi
1046 1500 1268 1540 miserrimo
1293 1514 1338 1540 ac
1359 1499 1644 1553 patientissimo

160 1569 340 1610 exercitu
363 1566 551 1610 Caesaris
581 1569 779 1610 luxuriem
810 1568 1058 1617 obiciebant,
1094 1568 1155 1609 cui
1178 1582 1336 1622 semper
1357 1569 1488 1609 omnia
1508 1569 1556 1609 ad
1579 1582 1646 1609 ne-

112 1637 138 1678 3
161 1637 378 1679 cessarium
419 1651 532 1678 usum
572 1638 807 1678 defuissent.
851 1636 1063 1691 Pompeius
1079 1667 1088 1685 ,
1129 1637 1205 1677 iam
1246 1651 1333 1676 cum
1361 1637 1469 1677 intra
1498 1636 1645 1677 uallum

159 1706 287 1747 nostri
311 1713 590 1756 uersarentur,
625 1720 765 1760 equum
787 1712 925 1746 nactus
949 1705 1137 1746 detractis
1158 1704 1377 1758 insignibus
1398 1704 1645 1758 imperatoris

160 1774 374 1814 decumana
405 1781 518 1828 porta
549 1787 592 1814 se
614 1787 665 1814 ex
689 1773 828 1814 castris
852 1773 968 1814 eiecit
989 1773 1244 1827 protinusque
1267 1786 1366 1826 equo
1389 1773 1507 1812 citato
1529 1770 1646 1812 Lari-

111 1841 138 1881 4
160 1855 243 1882 sam
275 1842 490 1882 contendit.
532 1840 674 1894 Neque
706 1841 759 1881 ibi
788 1841 991 1891 constitit,
1026 1841 1095 1881 sed
1117 1840 1250 1880 eadem
1275 1840 1476 1881 celeritate
1499 1853 1644 1894 paucos

160 1924 254 1950 suos
278 1923 328 1950 ex
352 1910 442 1963 fuga
463 1915 602 1950 nactus
622 1916 815 1950 nocturno
834 1910 973 1950 itinere
991 1923 1070 1949 non
1090 1908 1320 1949 intermisso
1334 1908 1523 1948 comitatu
1539 1908 1648 1961 equi·

166 1985 245 2018 tum
275 1984 378 2017 XXX
408 1977 455 2017 ad
487 1991 594 2018 mare
627 1978 810 2031 peruenit
839 1990 1057 2030 nauemque
1088 1977 1382 2017 frumentariam
1416 1975 1648 2016 conscendit

162 2059 304 2100 saepe,
329 2051 372 2085 ut
393 2045 612 2095 dicebatur,
638 2059 808 2099 querens
832 2052 980 2085 tantum
1003 2058 1046 2085 se
1068 2045 1289 2099 opinionem
1313 2044 1516 2092 fefellisse,
1542 2050 1598 2093 ut,
1623 2056 1646 2082 a

162 2128 236 2167 quo
258 2127 405 2168 genere
429 2113 628 2154 hominum
651 2113 857 2154 uictoriam
879 2120 1105 2168 sperasset,
1130 2113 1177 2153 ab
1201 2126 1248 2153 eo
1269 2112 1382 2152 initio
1405 2113 1520 2165 fugae
1541 2111 1645 2150 facto

85 2182 144 2227 97
161 2195 285 2236 paene
318 2182 494 2235 proditus
525 2181 740 2222 uideretur.
787 2179 941 2223 Caesar
972 2181 1113 2222 castris
1135 2181 1281 2235 potitus
1303 2194 1325 2219 a
1347 2179 1531 2219 militibus
1553 2192 1646 2218 con-

159 2250 306 2299 tendit,
332 2263 380 2290 ne
403 2250 441 2290 in
464 2250 607 2304 praeda
630 2250 808 2304 occupati
829 2249 970 2303 reliqui
992 2249 1137 2304 negotii
1161 2248 1321 2303 gerendi
1344 2247 1568 2287 facultatem
1592 2245 1647 2286 di·

110 2318 139 2360 2
160 2317 377 2358 mitterent.
422 2315 510 2370 Qua
542 2331 586 2358 re
618 2317 824 2372 impetrata
856 2324 1026 2358 montem
1059 2330 1176 2371 opere
1206 2314 1505 2357 circummunire
1531 2314 1645 2354 insti-

162 2385 250 2426 tuit.
284 2384 531 2439 Pompeiani,
547 2386 645 2439 quod
669 2386 702 2426 is
725 2400 837 2426 mons
860 2392 947 2427 erat
967 2386 1054 2426 sine
1076 2399 1192 2439 aqua,
1211 2384 1321 2424 diffisi
1344 2383 1381 2424 ei
1402 2383 1488 2423 loco
1505 2382 1645 2422 relicto

306 2507 320 2539 1
343 2512 501 2549 oportere
521 2517 589 2538 om.
612 2508 643 2539 b.
806 2507 826 2539 3
845 2511 946 2539 aestu
963 2507 1014 2538 ab
1027 2517 1054 2546 c,
1077 2510 1174 2537 aestu
1193 2504 1330 2545 fatigati
1347 2514 1382 2535 u.
1563 2500 1583 2535 7
1603 2512 1644 2533 ex

161 2558 349 2600 suppleuit
363 2558 584 2600 Stephanus.
773 2560 813 2592 13
832 2559 954 2591 montis
975 2567 1069 2590 corr.
1089 2567 1123 2588 a.
1308 2554 1445 2598 Pompei
1467 2565 1501 2586 α.

163 2611 204 2644 14
222 2615 373 2642 structas
392 2610 608 2650 Salmasius,
631 2615 760 2642 stratas
778 2611 879 2643 codd.
1024 2609 1063 2641 15
1081 2608 1180 2640 Lucii
1199 2619 1231 2648 a,
1251 2608 1291 2639 L.
1312 2618 1347 2639 u.
1491 2607 1530 2639 16
1544 2607 1648 2638 edera

161 2673 282 2696 omnes
301 2662 403 2695 codd.
418 2666 569 2704 praeter
586 2663 606 2696 2
624 2662 714 2694 dett.
858 2662 897 2695 17
917 2659 1109 2694 existimari
1128 2670 1150 2692 a
1168 2670 1259 2691 unus
1278 2660 1348 2691 det.
1371 2659 1420 2690 ‘et
1438 2659 1456 2692 3
1469 2658 1569 2699 alii',
1591 2667 1647 2690 ae-

160 2715 294 2747 stimari
312 2725 347 2746 u.
516 2714 555 2746 18
574 2723 632 2745 eos
651 2724 717 2745 om.
741 2714 772 2745 b.
937 2713 977 2746 19
996 2711 1245 2755 patientissimo
1263 2712 1389 2751 Aldus,
1411 2710 1647 2754 potentissimo

163 2766 264 2799 codd.
404 2765 447 2799 20
466 2765 623 2797 exercitu
641 2776 662 2796 a
677 2766 695 2796 b
708 2776 737 2796 c.
879 2764 922 2798 23
941 2764 1115 2796 Larissam
1134 2763 1185 2805 (a)
1197 2774 1231 2796 ιι.
1372 2764 1415 2796 25
1438 2763 1593 2806 equitatu
1613 2763 1645 2795 b.

304 2816 346 2851 27
366 2827 446 2861 sepe
465 2827 499 2849 α.
640 2816 682 2851 29
701 2827 786 2859 pene
805 2827 839 2848 α.
996 2816 1038 2849 30
1056 2816 1088 2848 in
1109 2826 1178 2848 om.
1199 2816 1229 2848 b.
1386 2816 1425 2850 31
1446 2816 1648 2849 circummu-

163 2868 234 2900 nire
254 2879 275 2900 a
294 2871 328 2900 et
348 2867 494 2910 reliqui,
514 2867 764 2900 circumuenire
783 2869 803 2904 2
823 2867 910 2899 dett.
931 2877 966 2899 u.
1109 2867 1152 2901 32
1170 2877 1209 2899 eo
1228 2867 1304 2899 loco
1325 2868 1356 2899 h.

1676 898 1717 931 10

1681 1236 1722 1268 15-

1677 1575 1719 1609 20

1678 1914 1722 1948 25

1679 2252 1721 2284 30
