1835 3240
104 170 186 212 560
667 169 742 212 DE
774 168 964 212 BELLO
997 166 1171 212 CIVILI

177 292 275 335 tum,
301 297 398 338 quos
419 297 513 325 suae
537 283 736 324 custodiae
759 296 875 323 causa
898 282 1043 323 circum
1057 297 1099 323 se
1121 282 1266 324 babere
1282 291 1508 335 consuerat,
1534 291 1571 324 et
1592 297 1657 338 pe-

180 353 299 394 ditum
322 366 405 393 eam
430 360 601 406 partem,
637 351 699 390 cui
732 352 903 391 maxime
926 351 1168 401 confidebat,
1206 348 1405 392 Saburrae
1435 352 1653 401 summisit3

132 421 160 464 2
180 421 262 476 ipse
292 435 377 461 cum
406 420 567 471 reliquis
605 418 728 472 copiis
769 419 1064 472 elephantisque
1103 425 1165 458 LX
1206 419 1349 459 lentius
1388 420 1652 473 subsequitur.

133 488 159 530 3
181 487 411 542 Suspicatus
444 486 671 540 praemissis
701 487 894 539 equitibus
926 487 1052 540 ipsum
1085 487 1207 527 affore
1240 484 1451 526 Curionem
1482 486 1658 528 Saburra

179 557 312 611 copias
335 555 503 608 equitum
527 554 773 607 peditumque
795 555 955 595 instruit
976 562 1092 607 atque
1115 554 1173 594 liis
1201 554 1390 608 imperat,
1424 562 1468 594 ut
1496 556 1655 595 simula-

180 626 287 665 tione
310 623 461 663 timoris
485 622 668 675 paulatim
692 622 832 663 cedant
853 636 899 663 ac
922 623 1055 676 pedem
1079 623 1278 663 reserant:
1303 636 1393 662 sese
1410 651 1420 670 ‚
1455 636 1540 662 cum
1563 637 1658 676 opus

181 699 312 740 essct,
347 690 499 744 signum
524 690 662 744 proelii
684 690 863 731 daturum
888 698 927 731 et
949 691 1050 744 quod
1072 704 1153 730 rem
1177 690 1377 744 postulare
1408 690 1660 743 cognouissct

133 761 160 802 4
183 761 479 813 imperaturum,
526 755 650 799 Curio
681 759 728 799 ad
757 759 1002 812 superiorem
1039 772 1145 812 spem
1169 758 1297 798 addita
1322 758 1541 812 praesentis
1564 765 1661 797 tem-

180 826 286 881 poris
309 827 492 880 opinione
513 826 646 867 hostes
680 828 816 880 fugere
848 826 1060 867 arbitratus
1093 826 1225 880 copias
1257 840 1309 866 ex
1330 825 1426 866 locis
1449 825 1662 880 superiori-

104 895 159 940 41
182 895 252 935 bus
274 895 315 935 in
338 909 514 949 campum
537 895 657 935 ducit.
704 893 856 948 Quibus
880 910 932 936 ex
955 895 1051 935 locis
1074 909 1158 935 cum
1181 895 1336 947 longius
1359 901 1466 934 esset
1481 907 1663 948 progres-

133 963 159 1005 2
182 977 265 1011 sus,
291 964 470 1003 confecto
493 963 570 1003 iam
593 963 726 1004 labore
750 964 930 1004 exercitu
952 969 1030 1003 xvl
1053 963 1199 1003 milium
1223 963 1347 1016 spatio
1371 963 1560 1003 constitit.
1584 960 1663 1002 Dat

182 1031 264 1072 suis
287 1031 441 1084 signum
465 1028 666 1082 Saburra,
701 1031 826 1071 aciem
849 1030 1055 1071 constituit
1076 1038 1115 1071 et
1137 1031 1345 1071 circumire
1368 1031 1524 1070 ordines
1547 1037 1663 1083 atque

184 1099 333 1140 hortari
356 1099 517 1153 incipit3
551 1099 619 1139 sed
651 1099 824 1153 peditatu
855 1100 1048 1139 duntaxat
1079 1100 1214 1152 procul
1247 1099 1292 1138 ad
1330 1098 1500 1152 speciem
1522 1098 1660 1147 utitur,

136 1165 162 1207 3
185 1168 332 1222 equites
355 1167 394 1207 in
417 1167 539 1207 aciem
563 1167 696 1207 mittit.
739 1167 836 1208 Non
870 1168 981 1207 deest
1011 1166 1169 1219 negotio
1193 1164 1318 1206 Curio
1340 1179 1510 1218 suosque
1532 1166 1664 1205 horta-

185 1243 265 1285 tur,
290 1243 333 1275 ut
355 1249 460 1288 spem
485 1249 636 1275 omnem
661 1236 700 1275 in
724 1236 869 1275 uirtute
891 1241 1100 1288 reponant.
1154 1233 1220 1274 Ne
1244 1233 1429 1273 militibus
1452 1233 1605 1285 quidem
1627 1239 1667 1272 ut

187 1303 354 1343 defessis
377 1316 503 1356 neque
526 1303 716 1355 equitibus
746 1310 788 1343 ut
820 1303 952 1357 paucis
985 1309 1025 1342 et
1059 1301 1192 1342 labore
1214 1301 1403 1342 confectis
1426 1300 1596 1340 studium
1618 1300 1666 1340 ad

183 1371 432 1424 pugnandum
458 1371 660 1423 uirtusque
684 1371 841 1421 deerat3
878 1372 947 1411 sed
970 1371 1007 1411 hi
1030 1377 1144 1410 eraut
1166 1384 1329 1410 numero
1352 1376 1404 1408 CC
1420 1399 1431 1419 ‚
1464 1368 1605 1423 reliqui
1626 1367 1667 1407 in

135 1438 163 1480 4
183 1439 328 1480 itinere
350 1438 624 1479 substiterant.
668 1438 747 1489 Hi,
787 1453 1068 1493 quamcumque
1097 1438 1136 1478 in
1168 1445 1315 1492 partem
1347 1437 1531 1491 impetum
1564 1437 1668 1477 fece-

184 1514 298 1557 rant,
333 1507 466 1547 hostes
499 1507 584 1547 loco
617 1508 758 1548 cedere
791 1507 1010 1561 cogebant,
1045 1507 1112 1547 sed
1144 1520 1270 1559 neque
1292 1504 1446 1559 longius
1470 1504 1666 1558 fugientes

138 1576 164 1617 5
187 1575 372 1629 prosequi
404 1588 475 1615 nec
508 1576 779 1616 uehementius
811 1590 931 1629 equos
964 1575 1130 1615 incitare
1152 1581 1347 1628 poterant.
1391 1573 1448 1613 At
1469 1573 1668 1626 equitatus

185 1643 353 1684 hostium
377 1643 424 1683 ab
446 1650 613 1696 utroque
644 1658 767 1684 cornu
798 1644 966 1684 circuire
987 1645 1111 1684 aciem
1135 1650 1309 1683 nostram
1334 1648 1372 1682 et
1393 1655 1556 1682 auersos
1579 1654 1668 1694 pro-

136 1711 163 1753 6
186 1719 315 1753 terere
338 1711 489 1764 incipit.
535 1709 636 1752 Cum
668 1713 851 1752 cohortes
889 1726 939 1752 ex
962 1712 1045 1752 acie
1067 1710 1437 1765 procucurrissent,
1469 1708 1667 1750 Numidae

185 1779 330 1833 integri
354 1779 556 1819 celeritate
578 1780 763 1833 impetum
787 1787 1011 1820 nostrorum
1035 1779 1275 1833 effugiebant
1298 1790 1513 1830 rursusque
1535 1777 1582 1816 ad
1605 1789 1668 1815 or-

186 1848 296 1887 dines
320 1861 413 1887 suos
437 1861 480 1887 se
502 1847 740 1901 recipientes
764 1848 984 1888 circuibant
1013 1855 1052 1888 et
1083 1848 1129 1888 ab
1152 1847 1236 1888 acie
1258 1846 1535 1886 excludebant.
1599 1841 1668 1884 Sic

186 1929 315 1968 neque
336 1915 376 1954 in
398 1916 484 1955 loco
507 1930 667 1956 manere
690 1917 926 1970 ordinesque
948 1929 1109 1956 seruare
1133 1929 1259 1970 neque
1290 1926 1525 1968 procurrere
1548 1918 1586 1952 et
1607 1925 1670 1951 ca-

136 1983 163 2024 7
185 1997 268 2023 sum
293 1981 426 2023 subire
448 1990 573 2023 tutum
595 1984 816 2024 uidebatur.
860 1983 1045 2025 Hostium
1078 1984 1213 2037 copiae
1245 1982 1464 2023 summissis
1496 1980 1543 2021 ab
1574 1992 1669 2034 rege

187 2051 346 2091 auxiliis
370 2051 510 2092 crebro
533 2053 799 2106 augebanturg
834 2060 994 2093 nostros
1025 2052 1133 2093 uires
1165 2051 1397 2092 lassitudine
1419 2048 1666 2097 deficiebant,

186 2119 303 2159 simul
325 2119 366 2169 ii,
392 2120 455 2172 qui
477 2121 643 2160 uulnera
665 2128 915 2175 acceperant,
940 2134 1066 2174 neque
1089 2121 1173 2160 acie
1196 2120 1390 2159 excedere
1405 2130 1530 2170 neque
1551 2116 1589 2155 in
1612 2115 1669 2155 lo-

188 2202 275 2227 cum
299 2194 424 2227 tutum
446 2189 590 2230 referri
612 2197 819 2243 poterant,
845 2190 946 2243 quod
968 2196 1050 2229 tota
1072 2188 1178 2229 acics
1201 2187 1379 2240 equitatu
1402 2185 1568 2225 hostium
1593 2183 1668 2223 cir-

138 2254 168 2296 8
189 2256 369 2297 cumdata
403 2256 622 2297 tenebatur.
673 2257 727 2298 Hi
758 2259 804 2299 de
832 2272 903 2298 sua
936 2258 1062 2298 salute
1094 2257 1374 2310 desperantes,
1417 2260 1460 2294 ut
1489 2259 1668 2294 extremo

338 2359 349 2391 1
370 2360 459 2401 quod
480 2371 562 2392 suae
581 2371 614 2393 a.
756 2363 776 2395 2
795 2362 953 2393 submisit
971 2372 991 2393 α
1004 2361 1020 2392 b
1036 2371 1074 2400 c,·
1093 2359 1263 2391 submittit
1280 2369 1301 2390 u
1320 2359 1454 2398 (summ.
1475 2356 1523 2398 α).

188 2411 207 2443 3
227 2410 456 2453 elefantisque
475 2423 509 2444 α.
650 2414 671 2445 4
689 2412 786 2445 afore
798 2423 832 2444 α.
974 2414 990 2446 7
1003 2423 1072 2444 rem
1092 2410 1282 2454 postulare]
1303 2410 1474 2453 postulare
1493 2413 1623 2451 tempus
1637 2408 1668 2439 b.

337 2461 377 2493 10
397 2462 490 2493 ducit
507 2473 527 2493 α
541 2463 570 2502 b,
593 2463 733 2495 deducit
749 2474 785 2495 u.
939 2463 978 2495 12
997 2463 1143 2495 circuire
1165 2463 1259 2493 ‘'mss.
1280 2465 1315 2492 et
1333 2460 1409 2492 edd.
1430 2459 1528 2502 ΨΜ]

191 2512 231 2545 13
250 2512 439 2554 peditatum
460 2514 477 2543 b
496 2516 531 2544 et
547 2513 738 2545 secundum
756 2514 1013 2545 Aelzaz'ntrium
1030 2523 1074 2553 α,
1104 2512 1199 2554 quod
1220 2512 1408 2554 Beyerlz'as
1437 2522 1507 2542 non
1525 2509 1666 2542 retulit.

335 2564 373 2596 14
394 2565 545 2596 immittit
565 2566 662 2597 ‘mss.
683 2565 712 2597 3⁷
731 2569 768 2597 et
784 2575 876 2597 corr.
895 2575 930 2597 a.
1074 2564 1114 2596 16
1133 2568 1167 2595 et:
1184 2574 1253 2596 om.
1273 2574 1307 2594 α.
1461 2563 1500 2595 17
1521 2562 1580 2594 sed
1600 2561 1631 2592 hi
1651 2570 1671 2591 α

190 2615 269 2647 cdd.
288 2619 371 2647 ante
389 2616 485 2655 Aldq
509 2617 566 2648 sed
586 2617 609 2647 ii
628 2617 743 2648 Aldus
761 2628 796 2648 ιι.
937 2621 1037 2648 erant
1054 2626 1123 2648 om.
1143 2626 1190 2647 m.
1206 2626 1264 2657 pr.
1288 2617 1319 2647 b.
1488 2615 1529 2647 18
1547 2613 1674 2646 substi-

191 2666 320 2709 terant]
344 2677 395 2698 ιι·
419 2668 502 2699 add.
522 2678 557 2699 a.
699 2679 930 2710 quamcunque
949 2668 1015 2709 (a).
1155 2668 1197 2702 20
1218 2680 1277 2700 nec
1297 2679 1364 2700 om.
1379 2679 1412 2699 α.
1553 2671 1671 2709 potue-

190 2723 270 2750 runt
289 2719 320 2750 b.
459 2719 498 2754 21
521 2719 668 2750 circuire
686 2731 707 2751 a
723 2721 817 2751 ‘ms-5.
839 2723 875 2750 et
892 2719 969 2750 edd.
986 2718 1094 2760 qdd.’,
1117 2730 1184 2751 non
1204 2720 1398 2751 circumire.
1540 2719 1584 2753 22
1597 2728 1671 2760 pro-

192 2770 427 2802 cucurrissent
440 2770 488 2812 (a)
501 2781 528 2811 c,
551 2781 620 2802 uon
639 2782 791 2813 procuir.
932 2771 975 2804 24
988 2770 1179 2802 circuibant
1197 2781 1218 2802 a
1232 2772 1325 2803 ‘mss.
1337 2775 1371 2803 et
1381 2770 1458 2802 edd.
1473 2770 1582 2812 qdd.’‚
1603 2780 1671 2802 non

193 2823 370 2854 circumib.
510 2825 552 2857 25
568 2828 747 2855 seruarent
761 2832 847 2866 quae
865 2832 1068 2865 procurrere
1081 2832 1115 2854 α.
1255 2824 1298 2859 26
1311 2823 1518 2856 uidebantur
1529 2832 1563 2854 α.

191 2874 381 2907 summissis
400 2884 432 2913 α,
454 2885 521 2906 non
541 2874 650 2907 subm.
790 2874 833 2909 27
853 2878 986 2906 nostros
1006 2884 1033 2916 c,
1057 2875 1184 2906 nostris
1204 2875 1266 2907 ab.
1414 2875 1458 2911 28
1477 2873 1561 2905 hia.

1695 900 1736 933 10

1699 1239 1739 1272 15

1700 1917 1742 1950 25

1701 2257 1743 2290 30
