1835 3240
88 565 105 596 01

62 901 102 933 10

62 1240 100 1272 15

62 2254 104 2287 30

568 168 748 212 COMM.
774 168 793 211 I
816 166 938 212 CAP.
964 166 1164 210 67—70.
1607 173 1690 216 527

132 288 247 328 stium
270 283 458 338 oppositis
483 283 733 324 tenebantur.
786 281 868 337 Ipsi
891 289 1006 324 erant
1026 279 1366 323 transcendendae
1388 282 1511 324 ualles
1533 300 1613 326 ma-
1634 288 1663 330 2

133 355 263 395 ximae
286 366 329 391 ac
353 351 622 402 difficillimae,
659 365 760 392 saxa
790 352 921 392 multis
951 350 1049 391 locis
1080 355 1292 404 praerupta
1322 349 1399 390 iter
1430 351 1615 405 impedie—

134 421 251 470 bant,
287 426 325 458 ut
353 433 460 460 arma
493 433 561 473 per
590 433 728 460 manus
760 419 988 460 necessario
1011 418 1282 465 traderentur,
1314 417 1536 472 militesque
1558 422 1616 461 in-

132 488 227 528 ermi
258 487 529 540 subleuatique
560 487 626 527 alii
666 486 712 527 ab
750 487 837 527 aliis
871 501 1052 541 magnam
1084 493 1234 540 partem
1263 484 1418 526 itineris
1450 488 1618 529 confice-

136 563 239 596 rent.
286 552 365 595 Sed
388 555 488 595 hunc
519 555 691 595 laborem
714 554 925 595 recusabat
945 568 1060 595 nemo
1077 585 1087 604 ,
1120 554 1221 607 quod
1251 567 1340 594 eum
1371 554 1541 595 omnium
1563 557 1619 596 la·
1641 558 1665 598 3

132 624 268 664 borum
294 624 408 663 linem
432 624 515 663 sore
538 622 843 673 existimabant,
879 622 912 662 si
945 623 1095 662 hostem
1119 621 1270 662 Hibero
1290 621 1554 664 intercludere
1580 632 1620 665 et

134 692 331 732 frumento
354 691 559 744 prohibere
581 691 815 744 potuissent.
854 689 916 730 Ac
938 690 1063 744 primo
1085 688 1297 730 Afraniani
1318 689 1462 731 milites
1485 691 1615 731 uisen-
1637 691 1693 737 69

133 759 169 799 di
203 773 321 799 causa
354 759 446 799 laeti
480 773 533 799 ex
564 759 704 800 castris
736 758 1024 812 procurrebant
1053 758 1425 811 contumeliosisque
1454 759 1619 800 uocibus

133 826 494 880 prosequebantur:
531 827 747 867 necessarii
781 827 907 867 uictus
936 825 1068 879 inopia
1091 832 1251 866 coactos
1274 827 1410 879 fugere
1432 833 1550 880 atque
1573 829 1620 868 ad

134 893 301 936 Ilerdam
325 895 489 935 reuerti.
514 894 617 935 Erat
634 894 736 935 enim
758 894 835 934 iter
857 908 879 934 a
901 893 1102 948 proposito
1125 893 1337 943 diuersum,
1362 895 1621 936 contrariam-

133 975 206 1014 que
236 962 276 1002 in
306 970 455 1016 partem
487 962 536 1003 iri
568 961 788 1003 uidebatur.
832 960 966 1002 Duces
1003 974 1096 1001 uero
1120 975 1256 1001 eorum
1279 962 1485 1001 consilium
1509 977 1619 1004 suum
1642 965 1669 1006 2

132 1029 310 1069 laudibus
334 1030 538 1080 serebant,
573 1030 675 1084 quod
708 1044 750 1070 se
773 1030 916 1070 castris
939 1028 1188 1080 tenuissent3
1223 1028 1463 1082 multumque
1487 1046 1622 1073 eorum

134 1097 358 1150 opinionem
381 1097 613 1149 adiuuabat,
651 1098 752 1151 quod
773 1097 860 1138 sine
881 1097 1067 1138 iumentis
1089 1097 1457 1151 impedimentisque
1480 1099 1526 1139 ad
1548 1100 1623 1140 iter

135 1166 333 1218 profectos
356 1165 567 1217 uidebant,
603 1173 644 1207 ut
674 1181 753 1206 non
782 1180 899 1220 posse
921 1166 1088 1220 inopiam
1114 1166 1256 1206 diutius
1279 1165 1479 1207 sustinere
1502 1169 1623 1208 conli-

134 1233 288 1274 derent.
333 1231 411 1274 Sed
427 1265 436 1283 ,
473 1234 536 1275 ubi
569 1234 752 1288 paulatim
775 1235 998 1287 retorqueri
1021 1247 1162 1287 agmen
1184 1234 1231 1274 ad
1255 1234 1433 1274 dextram
1458 1249 1622 1290 conspe·
1644 1235 1670 1276 3

134 1307 281 1340 xerunt
301 1301 454 1355 iamque
476 1303 621 1356 primos
652 1316 841 1356 superare
872 1303 1076 1356 regionem
1109 1309 1329 1343 castrorum
1360 1302 1530 1343 animum
1555 1305 1623 1344 ad-

135 1376 356 1419 uerterunt,
382 1384 497 1410 nemo
521 1376 607 1411 erat
628 1371 724 1411 adeo
749 1369 880 1410 tardus
903 1377 970 1410 aut
993 1370 1147 1423 fugiens
1168 1371 1316 1411 laboris
1331 1402 1342 1421 ,
1374 1371 1465 1423 quin
1488 1372 1620 1412 statim

136 1438 278 1477 castris
301 1439 522 1478 exeundum
547 1446 665 1492 atque
688 1438 970 1478 occurrendum
993 1445 1162 1491 putaret.
1186 1438 1470 1479 Conclamatur
1490 1440 1536 1479 ad
1559 1453 1622 1480 ar-
1643 1445 1670 1480 4

134 1520 218 1555 ma,
253 1512 369 1558 atque
403 1520 538 1547 omnes
572 1507 708 1560 copiae
731 1506 862 1560 paucis
885 1507 1081 1560 praesidio
1103 1507 1253 1547 relictis
1276 1507 1503 1548 cohortibus
1527 1521 1624 1548 exe-

135 1580 205 1613 unt
227 1580 415 1627 rectoque
437 1575 483 1614 ad
508 1573 698 1614 Hiberum
721 1574 865 1614 itinere
887 1575 1145 1614 contendunt.
1208 1574 1310 1616 Erat
1341 1575 1381 1615 in
1414 1576 1617 1617 celeritate
1639 1577 1698 1622 ’70

133 1655 248 1680 omne
270 1642 436 1695 positum
461 1649 685 1693 certamen,
718 1641 796 1682 utri
828 1642 935 1695 prius
966 1643 1170 1697 angustias
1199 1650 1432 1697 montesque
1455 1658 1624 1698 occupa-

134 1715 245 1749 rent:
271 1709 340 1749 sed
364 1710 580 1750 exercitum
605 1707 799 1751 Caesaris
822 1710 975 1750 uiarum
990 1711 1236 1751 difficultates
1258 1711 1481 1761 tardabant,
1506 1711 1629 1752 Afra-

132 1776 185 1816 nii
209 1776 341 1830 copias
364 1778 560 1831 equitatus
584 1775 772 1819 Caesaris
794 1778 1008 1832 insequens
1030 1779 1273 1820 morabatur.
1317 1778 1402 1820 Res
1424 1786 1554 1820 tamen
1577 1780 1624 1821 ab
1646 1780 1674 1823 2

134 1843 367 1886 Afranianis
401 1845 473 1887 huc
505 1854 590 1887 erat
619 1847 854 1887 necessario
877 1847 1067 1896 deducta,
1100 1855 1168 1898 ut,
1201 1847 1236 1888 si
1267 1847 1420 1902 priores
1452 1855 1623 1900 montes,

134 1926 232 1965 quos
255 1913 467 1966 petebant,
504 1915 756 1969 attigissent,
781 1915 856 1969 ipsi
879 1915 1091 1969 periculum
1117 1916 1314 1966 uitarent,
1347 1916 1628 1970 impedimenta

136 1982 254 2021 totius
269 1982 467 2023 exercitus
482 1983 733 2036 cohortisque
754 1983 794 2023 in
813 1983 954 2023 castris
976 1984 1138 2024 relictas
1160 1997 1323 2025 seruare
1336 1998 1415 2025 non
1438 1992 1623 2038 possent3

135 2049 273 2103 quibus
303 2050 531 2091 interclusis
563 2051 744 2092 exercitu
766 2048 953 2092 Caesaris
984 2052 1172 2092 auxilium
1204 2052 1299 2093 ferri
1330 2052 1436 2093 nulla
1467 2054 1624 2093 ratione

135 2124 306 2170 poterat.
352 2116 538 2160 Confecit
568 2121 676 2174 prior
704 2121 782 2161 iter
804 2118 958 2161 Caesar
980 2127 1097 2173 atque
1120 2134 1172 2160 ex
1194 2120 1348 2175 magnis
1370 2120 1531 2174 rupibus
1554 2135 1621 2162 na·
1645 2120 1670 2162 3

135 2193 220 2226 ctus
251 2186 459 2240 planiciem
488 2188 527 2228 in
562 2189 633 2229 hac
667 2196 806 2229 contra
838 2189 990 2229 hostem
1022 2188 1146 2228 aciem
1176 2188 1353 2229 instruit.
1410 2187 1620 2240 Afranius,

136 2263 221 2289 cum
243 2249 290 2290 ab
313 2250 490 2303 equitatu
511 2252 770 2292 nouissimum
793 2265 935 2306 agmen
966 2258 1237 2305 premeretur,
1274 2257 1365 2292 ante
1394 2264 1438 2292 se
1470 2251 1624 2293 hostem

279 2365 297 2397 3
317 2370 353 2397 ut
370 2376 438 2398 om.
459 2367 524 2398 ab.
704 2367 901 2399 necessaria
919 2370 1001 2398 ante
1021 2376 1111 2399 corr.
1134 2377 1168 2398 a.
1341 2366 1462 2398 inermi
1482 2366 1500 2398 3
1520 2366 1625 2409 detta,

140 2415 276 2448 inermis
295 2427 315 2448 α
329 2418 369 2458 b,-
389 2418 536 2450 inermes
556 2418 634 2450 edd.
655 2423 739 2451 mete
758 2430 792 2451 ιι.
956 2418 974 2451 7
997 2419 1166 2450 frumento
1186 2418 1394 2459 Vossianus,
1418 2419 1625 2452 frumentum

138 2467 283 2508 reliqui.
447 2471 466 2502 9
487 2470 675 2501 necessarii
694 2470 823 2510 Aldus,
846 2481 908 2501 nec
928 2470 1117 2502 necessarii
1136 2481 1156 2501 α
1171 2471 1188 2501 b
1203 2470 1248 2510 d‚·
1268 2481 1330 2502 nec
1350 2481 1414 2501 non
1435 2472 1626 2503 necessarii

139 2518 160 2551 2
179 2517 263 2550 dett.
282 2529 317 2551 u.
459 2521 500 2552 ad
521 2530 589 2552 om.
613 2520 643 2552 b.
788 2520 979 2553 1011erdar
996 2531 1030 2553 α.
1147 2521 1184 2553 11
1207 2521 1240 2552 in
1253 2532 1322 2553 om.
1340 2521 1404 2553 ab.
1546 2532 1626 2554 con-

142 2568 253 2600 silium
272 2580 367 2602 suum
386 2581 407 2602 a
424 2570 635 2613 Stephanus,
658 2581 753 2604 suum
773 2572 954 2603 consilium
972 2571 1137 2613 reliquae
1150 2571 1229 2604 edd.
1372 2572 1413 2604 12
1428 2583 1465 2604 se
1477 2583 1545 2605 om.
1559 2584 1579 2605 a
1594 2574 1624 2605 b.

284 2621 325 2653 14
343 2627 482 2663 possent
501 2633 521 2654 α
543 2624 637 2654 (71133.
659 2623 703 2656 3’.
859 2624 1005 2666 inopiam
1026 2624 1154 2655 diutius
1173 2634 1208 2665 a,
1229 2624 1357 2657 diutius
1377 2626 1522 2668 inopiam
1543 2626 1622 2658 edd.

285 2671 324 2702 ‘15
344 2672 519 2704 dexteram
537 2684 557 2705 α
579 2671 688 2706 ‘cdii’.
869 2674 909 2706 16
929 2675 1074 2706 animum
1095 2675 1322 2707 aduerterunt
1341 2677 1393 2717 (α)
1411 2677 1442 2717 b,
1463 2687 1531 2708 non
1553 2677 1625 2708 ani-

141 2722 254 2754 mauu.
396 2723 436 2754 18
455 2728 616 2764 putarent
636 2725 701 2756 bu.
842 2725 886 2758 20
905 2724 1075 2767 Hyberuin
1094 2736 1128 2757 α.
1270 2726 1308 2759 21
1332 2727 1400 2758 utri
1419 2727 1482 2767 (a),
1505 2728 1554 2758 ‘nt
1570 2726 1627 2757 uel

142 2772 190 2803 uli
211 2770 307 2803 mss.'
445 2774 487 2807 ‘24
505 2773 643 2805 Al'ranis
661 2784 696 2806 α.
854 2775 955 2806 ducta
973 2785 994 2806 a
1009 2776 1041 2807 b.
1191 2777 1316 2809 montis
1335 2787 1382 2807 ex
1400 2788 1468 2809 mm
1488 2777 1559 2809 det.
1588 2788 1623 2810 u.

284 2823 326 2855 ‘26
346 2824 563 2867 cohortisque
583 2836 615 2866 a,
637 2836 705 2858 om.
728 2827 758 2858 b.
902 2827 1024 2859 relicta
1044 2828 1075 2859 b.
1197 2829 1241 2864 29
1259 2828 1435 2870 planitiem
1454 2830 1516 2869 (a).

143 2876 203 2906 ha(-
223 2876 441 2916 Stephanus,
461 2875 547 2907 hanc
565 2886 586 2907 α
608 2878 702 2908 ‘ms-s.
724 2877 769 2910 7’.
887 2877 930 2911 30
950 2878 991 2909 al)
1010 2888 1079 2911 om.
1101 2879 1131 2910 b.
1252 2884 1330 2911 ante
1342 2890 1375 2919 a,
1398 2884 1432 2911 et
1451 2884 1528 2912 ante
1544 2879 1622 2912 edd.
