1835 3240
76 906 116 938 10

82 1245 121 1276 15

84 1923 127 1957 25

533 172 716 216 COMM.
740 171 820 214 VII
842 169 966 214 CAP.
992 168 1191 214 19-20.
1617 168 1697 210 417

142 292 227 332 sine
250 287 412 329 consilio
435 288 617 328 accidere
638 287 837 341 potuisse,
873 299 1037 339 regnum
1070 284 1175 324 illum
1201 281 1353 323 Galliae
1385 283 1499 322 malle
1522 279 1624 323 Cae-

141 357 244 398 saris
267 369 460 396 concessu
492 370 605 409 quam
636 356 809 409 ipsorum
833 354 977 393 habere
998 352 1188 393 beneficio
1209 375 1264 380 ——-
1285 350 1351 390 tali
1375 351 1488 389 modo
1511 364 1626 389 aceu-

143 431 252 465 satus
275 425 320 463 ad
347 424 439 464 haec
462 424 690 477 respondit:
724 421 839 474 Quod
862 429 991 461 eastra
1013 421 1219 470 mouisset,
1246 420 1386 459 factum
1410 418 1539 470 inopia
1563 432 1628 470 pa-
1650 418 1674 458 3

143 492 223 532 buli
247 492 364 532 etiam
388 491 481 545 ipsis
516 490 790 539 hortantibus,
827 490 927 541 quod
960 489 1116 542 propius
1140 487 1341 527 Romanos
1375 484 1626 533 accessisset,

148 574 375 615 persuasum
400 560 474 600 loci
497 557 785 612 opportunitate
801 587 811 606 ,
845 556 908 609 qui
943 570 986 595 se
1007 557 1035 608 -ξ-
1059 556 1182 609 ipsum
1207 554 1425 595 munitione
1448 553 1632 593 defende-

144 635 228 668 ret:
270 628 440 680 equitum
464 640 560 666 uero
583 638 740 678 operam
764 637 891 676 neque
913 623 953 662 in
977 623 1062 663 loco
1085 622 1247 676 palustri
1271 621 1490 662 desiderari
1514 620 1631 661 debu·
1653 620 1680 660 4

145 696 225 736 isse
248 702 284 735 et
308 695 386 753 illic
410 694 530 733 fuisse
554 693 686 732 utilem
704 724 714 742 ,
748 707 823 743 quo
853 693 933 732 sint
963 690 1145 746 profecti.
1191 688 1389 730 Summam
1412 688 1565 743 imperii
1588 701 1632 728 se
1655 686 1679 726 5

147 763 327 803 consulto
350 762 442 802 nulli
467 761 730 801 discedentem
755 760 987 809 tradidisse,
1023 773 1072 798 ne
1095 758 1128 798 is
1150 757 1409 798 multitudinis
1433 756 1563 797 studio
1586 756 1634 795 ad

148 830 406 870 dimicandum
430 829 707 882 inpelleretur,
744 828 804 868 cui
839 828 896 868 rei
928 834 1089 881 propter
1110 826 1228 866 animi
1252 826 1453 866 mollitiem
1477 824 1636 864 studere

149 912 284 938 omnes
308 897 485 947 uideret,
511 897 609 950 quod
632 897 778 936 diutius
802 896 975 936 laborem
1000 896 1105 935 serre
1127 909 1203 934 non
1230 900 1403 947 possent.
1463 890 1634 932 Romani
1656 888 1683 930 6

148 967 180 1006 si
204 980 298 1005 casu
321 964 622 1014 interuenerint,
649 965 844 1013 fortunae,
873 964 905 1003 si
929 963 1094 1004 alicuius
1117 961 1260 1002 indicio
1284 961 1431 1011 uocati,
1456 961 1545 1000 huic
1569 960 1637 999 ha-

149 1033 314 1073 bendam
338 1032 528 1086 gratiam,
562 1033 662 1085 quod
686 1039 724 1072 et
746 1033 981 1086 paucitatem
1005 1045 1140 1071 eorum
1164 1044 1216 1069 ex
1238 1030 1323 1069 loco
1347 1029 1550 1082 superiore
1573 1041 1638 1066 co-

150 1115 346 1154 gnoscere
369 1108 406 1141 et
428 1100 612 1140 uirtutem
637 1100 839 1154 despicere
868 1099 1092 1154 potuerint,
1130 1098 1192 1151 qui
1226 1096 1412 1137 dimicare
1444 1109 1521 1136 non
1553 1094 1637 1134 ausi

153 1169 319 1222 turpiter
340 1183 382 1209 se
404 1169 442 1208 in
466 1175 595 1208 castra
617 1168 855 1221 receperint⁶
900 1166 1108 1222 Imperium
1131 1180 1173 1206 se
1197 1166 1243 1205 ab
1267 1164 1442 1206 Caesare
1465 1177 1535 1217 per
1550 1176 1639 1217 pro·
1661 1161 1687 1201 7

154 1236 338 1277 ditionem
363 1236 506 1276 nullum
531 1237 773 1286 desiderare,
800 1237 899 1290 quod
920 1236 1064 1277 habere
1086 1235 1254 1275 uictoria
1272 1239 1421 1288 posset,
1447 1245 1547 1285 quae
1565 1230 1640 1270 ium

154 1311 260 1345 esset
280 1303 352 1343 sibi
378 1311 494 1357 atque
516 1305 694 1344 omnibus
718 1303 844 1344 Gallis
868 1305 1096 1358 explorata:
1135 1303 1227 1356 quin
1251 1302 1365 1342 etiam
1389 1300 1484 1354 ipsis
1506 1298 1641 1339 remit-

156 1380 257 1421 tere,
283 1372 314 1412 si
338 1371 410 1412 sibi
434 1372 557 1423 magis
582 1372 768 1412 honorem
793 1373 982 1422 tribuere,
1009 1386 1122 1427 quam
1147 1371 1248 1411 absc
1271 1369 1437 1410 salutem
1462 1366 1644 1420 accipere

156 1441 379 1480 uideantur.
427 1445 437 1464 ‘
454 1440 562 1480 Haec
585 1448 625 1480 ut
646 1440 924 1494 intellegatis',
950 1440 1099 1492 inquit,
1129 1444 1139 1463 ‘
1155 1453 1175 1478 a
1197 1451 1259 1478 me
1281 1436 1438 1477 sincere
1472 1448 1644 1489 pronun·
1665 1431 1692 1474 8

158 1509 272 1558 tiari,
299 1509 427 1548 audite
449 1507 652 1548 Romanos
674 1508 846 1549 milites'.
891 1507 1082 1548 Producit
1112 1520 1250 1546 seruos
1266 1536 1276 1555 ,
1303 1518 1399 1558 quos
1422 1504 1460 1543 in
1485 1503 1645 1557 pabula-
1667 1503 1693 1544 9

158 1577 263 1616 tione
285 1576 419 1630 paucis
442 1583 532 1616 ante
555 1576 691 1616 diebus
715 1583 928 1630 exceperat
951 1583 991 1615 et
1021 1576 1122 1615 fame
1154 1573 1405 1626 uinculisque
1439 1572 1645 1612 excrucia-

160 1651 286 1684 uerat.
333 1643 382 1683 Hi
406 1644 480 1683 iam
505 1651 596 1684 ante
619 1644 762 1694 edocti,
789 1658 887 1697 quae
910 1643 1143 1696 interrogati
1159 1641 1474 1695 pronuntiarent,
1500 1640 1646 1679 milites
1672 1635 1723 1679 10

159 1725 202 1752 se
225 1725 312 1751 esse
335 1711 575 1765 legionarios
599 1711 759 1762 dicunt,
787 1713 886 1752 fame
909 1719 949 1752 et
969 1711 1101 1765 inopia
1124 1710 1312 1751 adductos
1326 1709 1424 1748 elam
1440 1721 1490 1748 ex
1506 1706 1647 1747 castris

160 1779 311 1828 exisse,
338 1778 368 1818 si
393 1779 482 1832 quid
507 1779 690 1820 frumenti
715 1787 783 1820 aut
804 1780 958 1834 peeoris
980 1780 1019 1819 in
1043 1779 1151 1832 agris
1175 1777 1352 1831 reperire
1375 1782 1563 1829 possent:
1598 1774 1649 1814 si·
1674 1773 1722 1814 11

161 1847 243 1887 mili
266 1860 417 1886 omnem
443 1847 662 1888 exercitum
686 1848 818 1902 inopia
843 1848 982 1902 premi,
1009 1861 1081 1887 nec
1103 1846 1179 1886 iam
1204 1846 1310 1885 uires
1325 1845 1506 1884 sufficere
1520 1843 1650 1883 cuius-

160 1928 272 1968 quam
296 1927 369 1954 nec
393 1915 495 1954 ferre
519 1915 648 1969 operis
681 1915 852 1956 laborem
877 1930 1018 1970 posse:
1058 1916 1190 1967 itaque
1222 1913 1410 1953 statuisse
1440 1912 1652 1965 imperato-

161 1996 260 2032 rem,
287 1982 318 2022 si
342 1982 437 2022 nihil
459 1983 497 2022 in
521 1984 811 2037 oppugnatione
829 1985 956 2038 oppidi
980 1983 1260 2039 profecissent,
1284 1980 1414 2020 triduo
1429 1979 1650 2019 exercitum

165 2051 371 2091 deducere.
419 2049 575 2101 ‘Haec',
600 2052 741 2104 inquit,
770 2057 808 2091 ‘a
831 2051 922 2101 me',
950 2050 1278 2104 VercingetoriX,
1306 2047 1513 2088 ‘beneficia
1536 2046 1653 2087 habe·
1677 2045 1730 2086 12

164 2118 230 2167 tis,
257 2132 368 2171 quem
392 2119 624 2172 proditionis
648 2120 909 2170 insimulatis;
935 2120 1046 2160 cuius
1069 2132 1188 2172 opera
1212 2117 1296 2157 sine
1310 2123 1446 2156 uestro
1460 2114 1655 2168 sanguine

166 2193 315 2227 tantum
339 2187 557 2228 exercitum
583 2187 771 2228 uictorem
798 2189 898 2229 fame
921 2194 1193 2241 consumptum
1217 2184 1385 2235 uidetis;
1425 2197 1537 2237 quem
1572 2189 1654 2223 tur-

315 2360 325 2392 1
350 2361 520 2392 accidisse
541 2362 571 2392 b.
713 2363 730 2393 5
751 2372 814 2404 que
833 2372 868 2393 se
890 2362 995 2404 ipsum
1013 2361 1059 2393 A.
1079 2360 1117 2392 P.
1137 2359 1192 2392 90.
1350 2358 1367 2388 6
1387 2356 1588 2388 desiderare
1607 2365 1655 2386 m.

167 2420 226 2451 pr.
246 2411 290 2443 A.
433 2413 450 2444 7
471 2412 540 2444 illic
561 2423 597 2452 e,
620 2413 690 2444 illis
709 2414 738 2444 B
760 2412 1059 2454 ‘'1153.7)lei·1'que'.
1203 2410 1223 2442 8
1244 2420 1283 2441 ne
1304 2409 1356 2440 his
1376 2409 1418 2440 B.
1569 2407 1587 2438 9
1607 2407 1659 2437 in-

173 2462 317 2502 pelletur
335 2462 415 2504 (sie)
433 2463 475 2494 B.
619 2464 655 2495 11
679 2463 934 2495 interuenerint
952 2473 980 2501 e,
1002 2460 1257 2493 interuenirent
1272 2459 1302 2490 Β
1319 2462 1353 2490 el
1369 2460 1422 2490 sie
1443 2459 1490 2489 ‘et
1508 2458 1660 2488 interue-

175 2512 303 2543 nissent
321 2523 404 2544 mss.
424 2517 461 2545 et
478 2514 556 2546 edd.
576 2513 674 2556 (μάλ’
895 2513 1049 2545 habenda
1069 2511 1179 2552 gratia
1200 2511 1231 2542 b.
1440 2511 1477 2542 15
1497 2510 1607 2552 possit
1626 2510 1657 2540 b.

318 2564 357 2596 1ss
378 2567 552 2598 remittere
571 2567 793 2609 Stephanus,
815 2567 1010 2598 remitteret
1028 2567 1086 2598 Be
1108 2562 1314 2605 ‘pler-ique&
1565 2562 1605 2594 18
1624 2565 1663 2592 ut

175 2625 240 2646 om.
268 2616 307 2646 (Ὺ.
449 2619 563 2660 inquid
583 2620 625 2651 B.
781 2619 818 2652 21
843 2618 944 2661 quae]
966 2629 1007 2660 qu
1028 2628 1105 2649 eum
1123 2627 1140 2648 e
1157 2625 1265 2657 super
1283 2626 1301 2646 u
1322 2625 1390 2646 sec.
1412 2625 1458 2647 m.
1477 2616 1597 2656 posita
1616 2614 1658 2645 B.

318 2669 361 2699 22
382 2669 467 2702 fame
487 2676 588 2713 atque
608 2672 720 2715 inopia
739 2672 895 2703 addictos
916 2672 947 2702 b.
1085 2670 1128 2703 23
1147 2667 1292 2709 reperiri
1313 2667 1422 2709 possit
1441 2666 1661 2708 b(repperire

181 2718 235 2758 Β).
378 2720 421 2752 24
440 2722 566 2762 praemi
586 2723 628 2754 B.
749 2723 948 2764 cuiusquam
968 2722 998 2753 B
1015 2732 1032 2752 e
1052 2724 1086 2752 et
1103 2729 1222 2752 omnes
1244 2718 1333 2749 Oud.
1352 2721 1497 2758 praeter
1515 2719 1532 2748 4
1553 2717 1656 2756 dett„

178 2771 387 2811 quibusoam
408 2772 563 2814 cuiquam
582 2783 617 2804 u.
768 2775 810 2807 26
831 2773 1061 2816 profecissent
1079 2773 1109 2804 B
1129 2773 1175 2811 (is
1194 2768 1330 2811 profic.)
1352 2768 1528 2809 ‘1·el1'qm''‚
1551 2767 1663 2809 profe-

178 2823 286 2853 cisset
306 2823 323 2852 b
338 2822 387 2852 ecl
399 2832 428 2852 e.
567 2823 712 2855 triduum
728 2825 771 2856 A.
911 2824 953 2858 27
973 2824 1162 2866 perducere
1176 2829 1290 2861 m.pr.
1305 2820 1345 2859 B,
1369 2819 1600 2860 prodeducere
1617 2819 1659 2850 Ι).

321 2873 363 2905 20
386 2872 473 2904 fame
493 2879 725 2916 consumptum
748 2875 775 2905 B
789 2872 965 2915 ‘r·el1·qni',
989 2874 1077 2904 fame
1096 2882 1202 2914 paene
1222 2874 1455 2911 consumptum
1478 2870 1493 2900 h
1507 2870 1559 2900 ed
1571 2881 1599 2900 e.

224 2941 233 2948 s
443 2941 458 2947 π·
1406 2918 1458 2943 ι),

215 2944 335 2977 tmvsar,
357 2942 401 2969 etl.
426 2941 567 2978 hipperd.
1406 2929 1453 2958 *l
