1835 3240
638 182 727 224 LL.
755 182 826 224 DE
851 179 1153 223 ANALOGIA
1628 182 1710 225 755

153 300 366 342 Albenses.
408 296 505 338 Non
534 297 714 350 quoniam
747 297 969 337 nescientes
999 308 1115 335 unam
1144 294 1429 335 deriuationem
1451 310 1540 337 esse
1562 297 1635 338 hoc

153 370 345 419 fecerunt,
373 364 524 406 Caesar
547 366 618 405 hoc
640 366 762 415 dixit,
796 364 865 404 sed
888 371 929 403 ut
953 365 1127 404 facerent
1148 362 1422 402 discretionem
1446 364 1550 404 inter
1571 380 1637 405 co-

153 436 283 484 lonos,
302 435 405 474 inter
425 435 513 474 illos
536 441 576 473 et.
597 434 709 473 istos.

271 502 378 541 Gall.
404 501 537 550 XIX,
563 500 612 540 ὃς
648 496 696 538 C.
724 495 877 538 Caesar
896 498 936 538 in
958 498 1094 548 libris,
1126 512 1223 550 quos
1245 497 1292 538 ad
1313 496 1373 537 M.
1400 494 1634 540 Ciceronem

105 579 123 610 5
156 571 202 610 de
225 569 404 622 analogia
427 567 677 620 conscripsit,
697 566 864 605 harenas
888 566 1029 607 uitiose
1047 567 1121 606 dici
1142 565 1358 614 existimat,
1375 566 1475 617 quod
1491 567 1636 608 harena

154 651 360 690 numquam
383 635 643 676 multitudinis
667 648 828 673 numero
851 634 1079 687 appellanda
1104 634 1178 684 sit,
1204 633 1318 674 sicuti
1342 647 1465 687 neque
1488 635 1637 675 caelum

150 719 278 758 neque
301 704 473 743 triticum
490 721 499 754 3
516 710 655 742 contra
676 709 805 741 autem
828 702 1052 755 quadrigas,
1069 702 1221 741 etiamsi
1243 716 1381 742 currus
1400 716 1498 742 unus
1518 717 1637 756 equo-

149 787 233 812 rum
257 778 442 824 quattuor
462 771 682 810 iunctorum
706 782 846 822 agmen
869 784 986 808 unum
1007 770 1073 819 sit,
1091 769 1284 823 pluratiuo
1302 784 1458 823 semper
1472 785 1635 811 numero

151 839 335 879 dicendas
367 845 500 892 putat,
536 839 638 877 sicut
670 851 778 877 arma
810 844 849 876 et
879 837 1032 877 moenia
1067 844 1105 876 et
1137 838 1294 878 comitia
1324 845 1363 877 et
1391 838 1631 880 inimicitIaS.

78 914 117 946 10
150 906 266 947 Tunc
289 907 437 960 prolato
461 906 560 946 libro
584 906 630 945 de
653 904 835 958 analogia
857 905 982 957 primo
1006 904 1127 944 uerba
1152 904 1245 944 haec
1268 919 1319 945 ex
1341 919 1386 946 eo
1410 921 1534 959 pauca
1556 921 1637 948 me-

150 975 301 1014 moriae
322 974 518 1014 mandaui.
552 972 658 1012 Nam
682 987 766 1012 cum
790 986 909 1025 supra
933 972 1242 1024 dixissetneque
1261 973 1409 1013 caelum
1426 988 1552 1026 neque
1568 974 1637 1015 tri-

149 1043 269 1081 ticum
301 1055 425 1094 neque
449 1041 635 1079 harenam
660 1040 917 1079 multitudinis
939 1039 1262 1093 significationem
1287 1041 1387 1094 pati,
1416 1041 1539 1081 ‘Num
1562 1042 1634 1093 tu',

148 1109 297 1162 inquit,
326 1110 478 1148 ‘harum
510 1122 641 1147 rerum
666 1115 806 1147 natura
830 1107 1010 1147 accidere
1033 1107 1238 1147 arbitraris
1254 1140 1263 1158 ‚
1298 1108 1396 1160 quod
1423 1123 1535 1148 unam
1559 1117 1637 1150 ter—

147 1191 230 1217 ram
255 1183 293 1217 et
315 1177 445 1231 plures
468 1184 596 1216 terras
627 1183 666 1215 et
689 1175 824 1216 urbem
847 1182 886 1214 et
908 1175 1024 1214 urbes
1049 1182 1086 1214 et
1107 1175 1309 1228 imperium
1334 1183 1373 1216 et
1394 1176 1557 1230 imperia
1580 1177 1636 1217 di-

75 1251 115 1284 15
148 1258 305 1294 eamus,
341 1259 466 1297 neque
497 1244 703 1297 quadrigas
726 1243 765 1282 in
788 1258 903 1283 unam
928 1243 1097 1283 nominis
1122 1244 1283 1296 figuram
1305 1245 1487 1299 redigere
1511 1259 1636 1299 neque

149 1312 334 1353 harenam
358 1311 617 1352 multitudiuis
640 1311 900 1365 appellatione
925 1318 1163 1352 conuertere
1186 1312 1432 1365 possimus?'

719 1394 828 1419 Lmen
850 1392 1059 1419 SECVNDVS.

266 1448 432 1488 Charis.
451 1462 498 1501 p.
526 1445 606 1487 104
628 1446 704 1487 R:
741 1444 789 1487 C.
817 1444 969 1487 Caesar
999 1447 1045 1487 de
1066 1447 1248 1501 analogia
1271 1449 1469 1489 secundo:
1503 1449 1631 1504 fagos,

147 1516 329 1571 populos,
354 1517 495 1556 ulmos.

68 1591 111 1626 20
257 1583 369 1623 Idem
385 1599 430 1638 p.
461 1581 563 1624 109:
601 1582 729 1624 Lacer
758 1598 808 1623 an
839 1583 1011 1624 laceris?
1042 1582 1097 1624 Vt
1119 1590 1256 1634 tener,
1292 1598 1402 1637 puer.
1446 1585 1634 1628 Vltimam

146 1652 247 1692 enim
271 1652 446 1692 uocalem
469 1653 502 1691 si
525 1652 718 1692 ablatiuus
741 1666 763 1691 ο
786 1652 950 1700 miserit,
968 1651 1080 1692 dabit
1100 1652 1221 1702 scire,
1237 1654 1361 1706 qualis
1386 1667 1473 1694 esse
1496 1655 1635 1696 debeat

144 1720 427 1759 nominatiuus.
472 1718 662 1761 Ouidius:
696 1718 807 1760 Mille
837 1720 944 1759 lacer
972 1734 1161 1773 spargere
1184 1721 1295 1761 locis.
1343 1719 1458 1773 Quod
1480 1722 1536 1762 ita
1559 1724 1633 1764 dici

144 1788 265 1827 docet
285 1785 438 1827 Caesar
465 1789 510 1827 de
532 1788 714 1841 analogia
737 1787 837 1827 libro
859 1789 1032 1828 secundo
1055 1802 1128 1828 nec
1151 1803 1228 1829 non
1252 1796 1291 1830 et
1312 1788 1480 1843 Valgius
1503 1791 1549 1832 de
1570 1806 1634 1832 re-

140 1854 213 1895 bus
237 1870 305 1909 per
327 1856 531 1908 epistolam
555 1856 760 1907 quaesitis.

67 1929 110 1962 25
256 1923 461 1963 Priscian.
478 1938 525 1977 p.
550 1922 631 1963 707
654 1922 702 1962 Ρ.
722 1940 731 1962 :
766 1921 812 1962 Iu
834 1923 868 1962 is
892 1923 1113 1964 desinentia
1135 1926 1291 1978 longam
1307 1956 1316 1973 ‚
1351 1926 1633 1982 cuiuscumque

141 1990 298 2043 generis
321 1991 422 2038 sint,
445 1988 592 2030 Latina
614 1990 742 2031 ablata
764 2005 782 2030 s
806 1991 935 2031 addita
958 1993 1004 2031 tis
1028 1993 1176 2032 faciunt
1197 1994 1410 2046 genitiuum
1426 2024 1436 2043 ‚
1474 2002 1516 2034 ut
1538 1996 1632 2038 haec

146 2058 193 2097 lis
223 2058 304 2098 litis
326 2065 420 2098 cett.
455 2057 533 2098 Hic
565 2065 603 2098 et
634 2058 731 2098 haec
756 2056 916 2098 Samnis
941 2059 1054 2099 huius
1079 2058 1284 2101 Samnitis.
1320 2059 1388 2102 Sic
1410 2059 1563 2103 Caesar
1584 2065 1631 2105 de

142 2125 338 2178 analogia.

253 2193 365 2234 Idem
387 2193 514 2233 ibid:
548 2191 620 2233 Illa
651 2207 802 2247 quoque
832 2201 911 2234 tam
943 2195 983 2235 in
1016 2195 1049 2236 is
1082 2210 1194 2249 quam
1215 2197 1256 2237 in
1279 2211 1322 2237 er
1343 2198 1452 2239 finita
1474 2201 1633 2241 nomina

66 2267 108 2300 30
139 2261 314 2315 regulam
338 2268 501 2302 seruant
521 2262 561 2302 in
583 2276 627 2302 er
649 2263 950 2303 terminatorum
971 2263 1009 2303 id
1032 2271 1092 2304 est
1113 2272 1275 2319 accepta
1296 2266 1330 2306 is
1352 2267 1501 2308 faciunt
1520 2270 1630 2321 geni-

142 2329 278 2378 tiuum,
297 2336 339 2368 ut
362 2329 423 2368 hic
446 2330 571 2383 puluis
595 2337 634 2371 et
656 2331 794 2383 puluer
816 2332 1007 2384 pulueris,
1026 2332 1087 2373 hic
1109 2334 1281 2373 cucumis
1305 2340 1344 2374 et
1366 2349 1549 2376 cucumer
1565 2351 1630 2377 cu-

141 2398 308 2437 cumeris
323 2428 334 2448 ,
369 2397 429 2437 hic
465 2398 564 2438 einis
588 2405 627 2438 et
649 2399 760 2439 einer
781 2399 925 2440 cineris
941 2431 952 2451 ‚
990 2400 1050 2440 hic
1072 2401 1198 2441 uomis
1220 2409 1261 2442 et
1278 2416 1414 2443 uomer
1435 2405 1625 2446 uomeris.

283 2563 304 2594 8
315 2567 477 2604 quattuor
493 2574 561 2595 om.
582 2567 718 2604 regius,
873 2566 892 2598 9
905 2565 1008 2607 sicut]
1022 2566 1115 2598 circa
1131 2566 1213 2599 add.
1233 2569 1367 2610 regius.
1520 2570 1556 2602 11
1573 2580 1630 2601 ne—

141 2622 204 2653 que
225 2612 375 2644 triticum
393 2615 736 2655 regz'us,t1·iticu1nuc
756 2615 984 2657 relz‘quz'sere
1002 2627 1135 2649 omnes.
1280 2619 1319 2652 16
1330 2619 1559 2652 multitudinis
1574 2630 1631 2662 ap-

140 2664 326 2705 pellatione
345 2668 479 2705 regius,
499 2666 532 2697 in
551 2667 780 2699 multitudinis
800 2668 1063 2710 appellationem
1079 2669 1227 2711 reliqui.
1399 2672 1438 2706 21
1461 2682 1477 2702 ο
1496 2672 1630 2704 miserit

140 2730 217 2761 ego,
230 2722 383 2752 omiserit
399 2721 477 2753 edd.
617 2725 722 2756 uerbi
739 2725 831 2756 dabit
851 2724 939 2756 (luae
951 2728 1095 2767 priores
1115 2727 1261 2759 litterae
1278 2730 1315 2759 in
1334 2727 1452 2760 codice
1471 2728 1546 2769 legi
1557 2739 1628 2761 non

135 2777 298 2814 possunt.
486 2775 527 2808 23
548 2776 648 2809 docet
664 2778 869 2809 Bomlamus
881 2802 893 2819 ,
913 2778 1004 2810 solet
1022 2778 1100 2810 edd.
1114 2791 1125 2811 .·
1145 2781 1182 2810 in
1201 2779 1277 2811 cod.
1297 2780 1396 2812 locus
1412 2779 1540 2811 adesus
1558 2784 1625 2813 est.

283 2824 325 2858 25
343 2824 413 2866 Jp.
433 2824 498 2858 260
515 2824 581 2857 Ην.
736 2828 779 2862 26
799 2828 870 2859 sint
887 2829 1024 2869 generis
1042 2830 1250 2862 Patsclzws.
1404 2830 1522 2863 ablata
1539 2841 1575 2863 es
1594 2836 1628 2864 et

140 2876 255 2908 addita
274 2877 479 2909 Putscln‘us.
621 2879 664 2911 29
680 2879 747 2922 Ip.
767 2879 827 2914 261
846 2879 910 2912 Ην.

1339 2934 1425 2976 48*
