1835 3240
74 169 160 213 294
597 168 671 211 DE
697 155 892 214 'BELLo
924 169 1175 213 GALLlco

151 281 275 323 decim
306 281 413 323 milia
434 281 664 333 Atrebates,
690 283 909 325 Ambianos
931 284 1064 324 decem
1086 285 1208 336 milia,
1241 283 1424 327 Morinos
1445 292 1543 327 XXV
1563 287 1637 328 mi-

152 350 229 401 lia,
262 348 473 405 Menapios
502 358 563 391 VII
593 351 722 400 milia,
761 349 922 392 Caletos
943 358 977 391 X
997 352 1129 402 milia,
1162 352 1401 396 Velocasses
1433 362 1472 395 et
1506 354 1635 397 Vero-

79 415 133 458 10
153 418 341 459 manduos
364 419 547 469 totidem,
580 419 812 459 Aduatucos
835 420 970 460 decem
994 426 1032 460 et
1053 433 1194 460 nouem
1216 421 1348 472 milia3
1386 420 1634 473 Condrusos,

151 484 379 537 Eburones,
407 484 646 536 Caeroesos,
670 484 908 537 Paemanos,
934 487 999 540 qui
1021 501 1097 527 uno
1119 488 1279 528 nomine
1296 487 1482 530 Germani
1505 492 1635 545 appel-

153 553 310 604 lantur,
334 554 519 594 arbitrari
542 554 590 593 ad
611 561 673 593 XL
695 554 815 595 milia.

107 621 134 664 5
271 619 422 662 Caesar
442 620 591 662 Remos
614 621 841 662 cohortatus
873 621 1170 677 liberaliterque
1200 624 1381 665 oratione
1402 633 1637 678 prosecutus

155 703 306 729 omnem
329 695 508 729 senatum
531 689 577 729 ad
601 703 644 730 se
666 690 881 730 conuenire
903 691 1197 745 principumque
1227 692 1373 732 liberos
1406 692 1561 733 obsides
1591 694 1639 733 ad

155 770 198 797 se
221 756 360 796 adduci
381 756 510 796 iussit.
555 755 666 809 Quae
689 759 819 799 omnia
842 759 888 800 ab
912 759 970 800 his
994 760 1203 813 diligenter
1222 761 1269 801 ad
1292 761 1392 800 diem
1415 761 1636 800 factasunt.

106 821 244 877 2Ipse
275 823 516 864 Diuitiacum
550 823 754 866 Haeduum
790 841 1028 881 magnopere
1059 829 1289 869 cohortatus
1322 828 1458 878 docet,
1491 835 1639 881 quanto

157 905 275 944 opere
296 892 354 935 nei
377 892 556 945 publicae
579 894 873 948 communisque
892 895 1031 936 salutis
1052 896 1361 937 intersitmanus
1375 896 1544 936 hostium
1564 895 1643 936 dis-

157 959 295 1008 tineri,
332 972 382 1000 ne
414 974 501 1000 cum
532 967 643 1001 tanta
673 963 921 1003 multitudine
953 978 1032 1004 uno
1054 971 1228 1018 tempore
1258 964 1540 1018 confligendum
1570 964 1637 1005 sit.

109 1025 134 1068 3
157 1025 201 1067 Id
232 1026 316 1067 fieri
339 1041 470 1081 posse,
506 1029 539 1069 si
562 1043 655 1070 suas
678 1031 811 1084 copias
833 1030 988 1072 Haedui
1010 1033 1049 1072 iu
1070 1033 1168 1073 fines
1190 1030 1494 1073 Bellouacorum
1516 1032 1640 1072 intro-

157 1093 346 1134 duxerint
376 1102 417 1136 et
449 1110 584 1137 eorum
615 1112 732 1151 agros
765 1100 941 1153 populari
975 1101 1194 1154 coeperint.
1239 1099 1313 1140 His
1335 1099 1529 1140 mandatis
1553 1113 1640 1139 eum

109 1160 136 1201 4
157 1161 204 1202 ab
226 1175 269 1202 se
292 1163 464 1204 dimittit.
508 1163 720 1219 Postquam
751 1181 886 1208 omnes
908 1166 1119 1222 Belgarum
1149 1168 1280 1221 copias
1310 1168 1351 1208 in
1372 1182 1490 1208 unum
1512 1168 1642 1207 locum

158 1236 318 1270 coactas
340 1231 386 1271 ad
409 1246 451 1272 se
474 1233 613 1273 uenire
635 1234 732 1275 uidit
753 1249 878 1289 neque
895 1236 972 1276 iam
993 1237 1110 1290 longe
1132 1237 1272 1277 abesse
1294 1236 1341 1276 ab
1363 1236 1427 1287 iis,
1453 1249 1550 1289 quos
1572 1235 1643 1275 mi-

158 1370 267 1402 decim
283 1372 416 1415 ABE,
445 1384 491 1406 xv
510 1375 583 1417 (s.)
601 1386 635 1407 u.
807 1377 820 1410 1
843 1377 938 1409 mitia
957 1381 1012 1409 ter·
1028 1388 1098 1409 om.
1117 1378 1162 1417 d‚·
1189 1379 1226 1409 in
1244 1379 1432 1420 afprz'mo
1452 1377 1527 1408 loco
1546 1377 1644 1408 linea

156 1432 302 1455 numero
319 1428 569 1467 suprascripta
587 1428 824 1468 significatur
836 1453 844 1469 ,
873 1431 957 1460 ilem
983 1430 1084 1472 iufra
1111 1430 1307 1472 aliquoties
1326 1431 1363 1460 in
1380 1429 1506 1460 iisdem
1525 1431 1559 1460 ct
1577 1428 1647 1461 Va-

160 1477 281 1507 ticano
300 1476 401 1511 3324.
603 1479 787 1511 Ambionos
807 1490 854 1512 m.
870 1482 978 1523 mnf.
1180 1481 1288 1512 decim
1308 1491 1386 1511 cum
1405 1491 1422 1511 e
1440 1490 1547 1521 super
1565 1480 1575 1510 i
1592 1479 1646 1519 B,-

160 1527 329 1560 Orosz'as:
359 1528 540 1562 Atrebates
569 1535 603 1562 et
619 1530 775 1563 Ambiani
803 1533 918 1564 decem
941 1534 1048 1565 milia.
1271 1532 1429 1565 Morenos
1449 1533 1648 1565 Vaticanus

157 1578 246 1611 3864
265 1582 301 1611 ct
317 1584 400 1612 ante
419 1591 512 1613 corr.
529 1583 573 1614 B.
806 1584 1078 1626 uigintiquinqne
1096 1585 1149 1625 E,
1181 1586 1302 1626 xxns.
1539 1585 1560 1619 2
1578 1582 1648 1616 Me-

159 1630 293 1671 naptios
312 1642 358 1663 m.
375 1642 433 1674 pr.
453 1634 516 1674 as.
735 1645 781 1666 vu
804 1637 905 1668 ‘mss.
928 1636 1107 1678 plerae'quc'
1124 1637 1198 1668 AB
1217 1636 1415 1669 Vaticanus
1434 1636 1543 1677 3864,
1571 1645 1646 1677 sep-

158 1684 226 1712 tem
246 1682 296 1722 E,·
325 1693 384 1714 vm
404 1684 454 1715 de
472 1685 670 1718 lfatteanus
687 1686 789 1728 3324,
819 1699 892 1720 v1111
920 1689 974 1730 as
987 1688 1148 1720 Orosius.
1327 1687 1441 1718 decem
1459 1688 1500 1719 E.

158 1730 387 1766 Veloceasses
413 1736 466 1775 A,
496 1736 725 1769 Ceulocasses
751 1738 836 1770 DE.
1073 1738 1330 1771 Vereluanduos
1356 1738 1409 1777 E5
1439 1737 1646 1770 Veromandi

159 1784 456 1827 Langobarde'cus
484 1792 519 1820 et
543 1790 722 1822 Porteusz‘s
752 1791 884 1823 Orosz'i.
1102 1792 1120 1824 3
1147 1791 1344 1824 Aduatucos
1372 1791 1456 1822 ade
1475 1790 1647 1833 (Vatica-

161 1847 228 1870 ηαδ
247 1839 335 1871 3324
348 1838 363 1881 )
376 1864 384 1880 ,
404 1839 597 1872 Acuatucos
617 1845 654 1873 ct
669 1852 762 1874 corr.
780 1861 826 1866 —-
843 1843 986 1884 ticosf,·
1007 1843 1171 1875 Catuatos
1190 1845 1220 1875 Α
1233 1844 1304 1875 ΒΕ
1323 1843 1521 1875 Vaticanus
1539 1843 1641 1875 3864.

159 1890 201 1922 In
227 1890 270 1922 B.
298 1901 345 1922 m.
375 1903 445 1923 sec.
477 1895 513 1924 in
540 1903 659 1935 marg.
693 1894 904 1926 Hatuatucos
932 1898 1077 1936 posuit,
1113 1898 1149 1926 'ln
1185 1906 1205 1926 a
1237 1895 1291 1927 uel
1320 1894 1485 1926 Catuatos
1521 1905 1648 1936 supra-

160 1944 333 1982 scr-istium
354 1946 419 1975 cst.
468 1945 628 1976 Aduatici
650 1946 795 1977 Orosius
823 1947 1083 1988 Ilaaercampz',
1111 1947 1228 1979 Atuati
1257 1947 1437 1978 Portensz‘s
1457 1956 1536 1977 eum
1563 1947 1649 1979 Fre-

163 1993 307 2034 calpho.
461 1995 574 2027 decem
595 2001 629 2027 et
647 2007 767 2028 nouem
786 1997 875 2035 ΑΕ,
897 1998 1011 2029 decem
1032 2002 1067 2029 et
1086 2008 1158 2029 ν1111
1177 1999 1206 2028 Β
1226 1998 1424 2029 Vaticanus
1443 1998 1551 2036 3864,
1572 2009 1595 2030 x
1613 2003 1648 2031 et

161 2054 236 2076 vnn
257 2044 308 2085 C,
334 2055 356 2076 x
374 2049 408 2076 et
435 2055 469 2076 ix
486 2046 544 2086 J),·
568 2057 668 2079 xvim
693 2048 749 2089 af
760 2047 961 2079 Vaticanus
980 2049 1087 2087 3324,
1120 2059 1179 2080 xrx
1199 2059 1237 2087 e,·
1267 2049 1456 2080 octodecim
1486 2049 1646 2081 Orosius.

352 2095 573 2129 Condruosos
590 2098 789 2140 Vaticanus
813 2099 902 2131 3864
927 2102 963 2131 et
979 2110 1055 2131 cum
1079 2103 1214 2141 puncto
1232 2100 1296 2130 sub
1315 2110 1333 2130 o
1357 2099 1579 2140 pcnulle'mac
1597 2100 1648 2139 B,

165 2146 382 2180 Condroosos
406 2159 567 2190 suprasc.
595 2161 615 2182 u
634 2161 741 2192 super
758 2162 776 2183 o
803 2155 970 2193 antepen.
990 2153 1041 2192 A,
1072 2151 1290 2183 Condruoses
1308 2151 1400 2189 DE,
1431 2151 1647 2182 Condureses

159 2200 460 2242 Langobardc'cus
480 2203 619 2243 Orosz'e',
642 2203 840 2235 Condurses
858 2204 1055 2236 Portcnsis.
1224 2205 1243 2236 4
1263 2202 1441 2234 Eburones
1460 2206 1544 2234 ante
1562 2202 1650 2233 Con-

163 2254 286 2286 drusos
300 2258 442 2295 ponunt
460 2265 502 2295 a,
523 2257 587 2297 qui
603 2260 636 2287 et
651 2258 870 2297 interponit,
892 2256 980 2297 ets,
1001 2259 1037 2287 in
1057 2266 1124 2296 quo
1138 2255 1335 2287 Eburrones
1353 2257 1450 2285 sunt.
1473 2253 1648 2285 Eborones

163 2304 349 2336 Porteusis
368 2306 499 2337 Orosz‘i.
677 2305 869 2339 Caeroesos
888 2307 1043 2339 ABDE
1059 2307 1258 2339 Vaticanus
1277 2307 1387 2347 3864,
1407 2306 1575 2337 Ceroesos
1597 2305 1647 2344 C,-

165 2354 335 2388 Caerosos
356 2357 555 2389 Vaticanus
573 2357 661 2391 3324
679 2361 715 2390 et
734 2358 854 2390 Orosz't
869 2359 1187 2400 Langobar-dicus,
1219 2358 1365 2390 Cerosos
1383 2368 1404 2389 a
1416 2359 1432 2389 b
1445 2357 1500 2399 ds
1510 2360 1545 2388 et
1563 2357 1651 2389 Por-

166 2409 275 2439 tensz's
296 2408 427 2439 Orosz’z'.
606 2408 793 2441 Caemanos
814 2409 1014 2442 Vaticanus
1031 2410 1119 2442 3324
1137 2413 1172 2440 et
1192 2409 1337 2441 Orosius
1349 2433 1357 2449 ,
1382 2408 1547 2439 Cemauos
1566 2418 1586 2439 a
1599 2408 1616 2439 b
1629 2407 1653 2440 d

167 2462 223 2499 et,
246 2461 309 2500 qui
323 2460 513 2492 Cemannos
528 2461 595 2502 ,f,·
614 2460 821 2493 Procmanos
839 2461 881 2493 Ε.
1039 2462 1057 2493 5
1076 2462 1257 2493 arbritrari
1276 2465 1361 2493 ante
1380 2470 1472 2492 corr.
1493 2460 1539 2493 A.-
1561 2460 1650 2491 arbi-

166 2510 250 2542 trati
268 2510 309 2542 E.
450 2511 677 2552 quadi-aginta
693 2512 734 2544 E.
874 2512 969 2544 inilia
987 2522 1056 2544 om.
1072 2523 1105 2544 a.
1242 2512 1261 2544 9
1280 2510 1490 2542 Diuiciacum
1510 2512 1542 2543 A
1552 2515 1589 2542 ct
1602 2521 1649 2542 m.

160 2573 220 2605 pr.
241 2564 293 2603 B,
315 2562 567 2606 Diuiaticums.
746 2563 920 2596 Haeduum
935 2567 1082 2606 praeter
1098 2564 1129 2595 B
1145 2565 1254 2595 etiam
1275 2563 1303 2595 C
1321 2562 1518 2595 Vaticanus
1537 2562 1647 2604 3864,

164 2614 318 2646 Heduum
336 2616 414 2647 Λα.
600 2625 804 2657 inagnopere
822 2626 900 2646 oum
919 2626 936 2646 o
954 2624 1061 2657 super
1078 2625 1095 2646 0
1114 2615 1166 2655 Β,
1189 2624 1309 2653 magno
1330 2624 1430 2656 opere
1454 2614 1494 2645 C.

169 2667 211 2699 10
230 2667 315 2708 reip.
335 2669 369 2697 et
389 2668 426 2698 in
444 2676 561 2708 marg.
582 2677 628 2698 m.
649 2670 800 2708 antIqua
819 2668 992 2710 popularis
1012 2666 1048 2699 C.
1203 2667 1326 2698 salutis
1348 2677 1416 2699 om.
1437 2667 1482 2699 A.

166 2727 286 2749 manus
305 2717 451 2749 omnium
471 2717 617 2749 hostium
640 2718 680 2749 C.
854 2718 1000 2751 detineri
1021 2718 1071 2757 C,
1091 2717 1303 2759 destinaris.
1479 2716 1519 2749 12
1541 2717 1651 2748 Bello-

168 2770 328 2801 bacorum
348 2769 546 2801 Vaticanus
571 2769 659 2801 3864
676 2773 713 2801 ct
727 2780 769 2801 m.
791 2781 850 2812 pr.
872 2772 905 2804 Α
920 2771 968 2811 B,
989 2771 1248 2811 Bellouagorum
1266 2772 1298 2803 D
1311 2772 1410 2814 Eas.
1547 2771 1651 2803 intro-

169 2820 343 2863 duxerint]
364 2821 530 2853 destineri
549 2831 626 2853 cum
639 2831 826 2864 asupcrne
845 2823 927 2855 add.
940 2824 977 2866 s.
1078 2824 1115 2857 13
1135 2834 1209 2856 eum
1229 2825 1270 2856 ad
1289 2835 1325 2856 se
1345 2826 1388 2866 A,
1409 2835 1483 2856 eum
1502 2835 1521 2856 a
1540 2835 1576 2856 se
1589 2825 1649 2866 as.

263 2874 301 2907 14
315 2873 423 2906 omnis
443 2884 518 2906 cnm
533 2883 668 2916 esupcr
681 2874 690 2905 i
703 2884 736 2906 a.
837 2875 875 2908 15
895 2875 960 2915 his,
982 2886 1064 2918 quos
1084 2876 1184 2908 codd.
1204 2875 1288 2918 (hiis
1306 2875 1350 2918 E)
1370 2876 1650 2909 etFlodoardus.

1665 567 1682 599 5

1675 903 1717 936 10

1676 1242 1717 1275 15
