1835 3240
684 191 1082 233 *57-

149 310 329 352 similiter
349 308 432 361 ipse
454 303 608 347 Caesar
629 305 731 346 dixit
752 305 838 345 hor.
864 318 1003 345 comm.
1028 301 1109 353 VI,
1136 302 1180 342 11
1201 334 1211 353 ,
1234 303 1276 352 2,
1301 303 1365 343 ubi
1387 305 1427 344 in
1450 306 1628 346 omnihus

150 377 260 417 codd.
285 381 442 428 praeter
461 373 720 427 interpolatos
743 372 930 426 scriptum
954 378 1015 412 est
1040 376 1144 410 ‘non
1165 372 1290 411 solum
1313 371 1352 410 in
1375 373 1553 412 omnibus
1577 373 1630 412 ci-

149 443 335 484 uitatibus
357 466 436 492 -—,
461 442 528 482 sed
551 455 674 494 paene
698 441 815 480 etiam
845 439 1010 493 singulis
1042 439 1258 479 domibus'.
1320 437 1501 478 Aliorum
1532 440 1630 478 scri-

149 518 301 565 ptorum
326 509 508 563 exempla
533 510 628 549 hacc
650 515 764 548 sunt:
800 504 885 547 Cic.
913 521 982 560 pro
1004 504 1151 547 Flacco
1172 506 1213 555 7,
1242 505 1293 546 17
1317 510 1328 530 ‘
1344 520 1422 546 non
1444 507 1570 545 solum
1592 506 1631 545 in

150 576 336 626 Graecia,
360 578 428 618 sed
450 591 570 631 prope
594 576 747 616 cunctis
771 575 981 628 gentibus',
1007 589 1076 629 pro
1094 573 1206 615 Sulla
1225 572 1296 624 20,
1322 573 1376 614 56
1401 579 1495 613 ‘non
1519 574 1631 613 modo

148 646 195 686 ob
220 659 393 695 causam,
418 645 485 686 sed
508 644 624 684 etiam
647 644 914 683 necessariam
938 643 1124 694 causam’3
1151 641 1274 683 Corn.
1299 641 1403 696 Nep.
1430 641 1517 681 Alc.
1542 641 1582 691 4,
1607 639 1634 680 6

149 718 244 753 ‘non
268 714 457 753 aduersus
481 712 644 766 patriam
662 742 672 761 ,
697 711 765 750 sed
789 711 967 750 inimicos
989 724 1082 750 suos
1104 710 1246 751 bellum
1270 711 1434 765 gessit',
1460 707 1563 750 Con.
1590 709 1630 758 5,

145 781 172 821 2
197 787 291 821 ‘non
313 781 436 820 solum
459 780 564 820 inter
584 779 789 828 barbaros,
814 779 881 819 sed
905 778 1021 818 etiam
1044 792 1178 818 omnes
1203 777 1398 819 Graeciae
1420 776 1629 827 ciuitates}

146 847 240 889 Liu.
264 845 501 898 XXXVII,
537 847 563 887 7
588 852 684 887 ‘non
706 861 775 901 per
797 846 1072 887 Macedoniam
1094 846 1235 896 modo,
1268 846 1336 886 sed
1367 846 1483 886 etiam
1505 843 1633 884 Thra-

146 917 275 966 ciam',
301 915 401 956 Tac.
428 915 519 955 hist.
545 913 580 965 I,
604 914 631 953 4
654 919 749 954 ‘non
771 915 885 954 modo
906 915 946 954 in
967 914 1064 955 urbe
1085 915 1185 968 apud
1208 921 1341 968 patres
1363 921 1432 954 aut
1454 913 1633 967 populum

146 990 216 1024 aut
238 984 426 1024 urbanum
459 982 620 1023 militem
636 1013 646 1032 ,
677 983 747 1023 sed
769 997 904 1024 omnes
926 983 1102 1036 legiones
1125 982 1348 1035 ducesque'.
1411 979 1571 1022 Omissa
1593 980 1633 1020 in

148 1052 272 1092 altero
294 1051 469 1091 membro
491 1050 808 1105 praepositione,
836 1066 920 1091 cum
942 1051 1138 1091 uocabula
1153 1081 1163 1100 ,
1198 1064 1296 1104 quae
1327 1056 1630 1103 componuntur,

147 1120 272 1160 artius
295 1119 611 1173 coniungantur,
646 1119 711 1168 fit,
748 1126 789 1158 ut
821 1119 905 1172 ipsa
927 1119 1051 1172 magis
1075 1118 1286 1158 emineant.
1349 1116 1518 1168 (Eiusd.
1544 1130 1630 1169 cap.

147 1189 184 1242 §-
208 1187 264 1228 22
284 1188 382 1241 apud
407 1184 646 1236 Caesarem,
681 1194 724 1227 ut
754 1187 826 1227 hoc
857 1188 985 1228 obiter
1006 1201 1186 1227 moneam
1202 1217 1212 1235 ,
1246 1186 1361 1235 inde,
1393 1185 1494 1238 quod
1518 1185 1555 1237 ξ.
1582 1181 1634 1223 19

146 1257 334 1310 scriptum
357 1262 418 1296 est
441 1256 523 1309 ‘qui
545 1255 620 1295 nisi
643 1255 832 1305 decedat',
857 1255 955 1295 effici
979 1269 1057 1294 non
1075 1261 1222 1308 potest,
1247 1269 1321 1308 quo
1335 1253 1460 1293 minus
1482 1251 1634 1305 inopti-

146 1325 218 1364 mis
242 1331 282 1364 et
310 1323 484 1377 plurimis
518 1323 630 1363 codd.
662 1330 769 1363 recte
791 1323 946 1376 legatur
986 1322 1111 1376 ‘quod
1145 1323 1223 1362 nisi
1258 1321 1506 1362 discessisset
1529 1327 1569 1360 et
1590 1320 1635 1360 li-

146 1391 279 1431 beram
302 1390 590 1443 possessionem
614 1389 769 1430 Galliae
791 1390 864 1430 sibi
886 1391 1141 1431 tradidisseff.
1186 1389 1261 1429 Hic
1284 1390 1386 1430 enim
1408 1388 1635 1428 Ariouistus

148 1459 185 1499 id
207 1465 361 1504 tantum*
380 1458 577 1511 postulat,
610 1465 654 1497 ut
675 1458 792 1497 abeat
814 1455 988 1507 Caesar,
1024 1471 1070 1497 ea
1091 1457 1318 1511 postulatio,
1346 1464 1387 1497 ut
1409 1457 1455 1496 de
1478 1468 1634 1509 posses-

147 1528 257 1566 sione
281 1524 433 1566 Galliae
456 1525 643 1574 decedat,
668 1524 716 1564 iis
733 1556 742 1572 ,
769 1539 868 1578 quae
892 1526 1072 1565 adiuncta
1095 1532 1209 1575 sunt,
1235 1525 1499 1575 continetur.)
1539 1520 1635 1562 Non

145 1593 293 1633 rectius
325 1606 439 1645 quam
472 1593 621 1632 duobus
653 1591 921 1644 superioribus
952 1593 1049 1632 locis
1082 1590 1348 1633 Schneiderus
1382 1593 1512 1646 egisse
1540 1590 1634 1630 mihi

146 1661 303 1701 uidetur
324 1674 359 1700 c.
386 1659 461 1709 53,
497 1659 538 1699 4.
601 1657 659 1698 Ibi
689 1658 792 1699 enim
825 1673 912 1699 cum
944 1660 1042 1699 duae
1074 1668 1209 1700 essent
1229 1661 1474 1713 scripturae,
1511 1659 1634 1698 altera

146 1728 380 1782 optimorum
402 1727 732 1781 plurimorumque
763 1727 875 1766 codd.
914 1728 1040 1768 ‘duae
1069 1729 1228 1768 fuerunt
1256 1727 1452 1767 Ariouisti
1487 1738 1633 1766 uxores

145 1821 200 1825 —
231 1803 421 1848 utraeque
449 1794 488 1834 in
521 1807 568 1834 ea
596 1795 688 1848 fuga
720 1796 960 1847 perierunt',
996 1797 1119 1836 altera
1150 1796 1475 1850 interpolatorum
1516 1796 1633 1846 (nam

144 1862 401 1904 Achaintrius
442 1877 577 1904 errore
606 1861 830 1902 Parisinum
871 1863 1034 1916 primum
1075 1878 1145 1917 pro
1177 1864 1351 1903 secundo
1386 1861 1634 1913 nominauit)

147 1936 328 1984 ‘utraque
348 1956 403 1960 —
425 1932 568 1985 periit',
594 1929 861 1971 Schneiderus
879 1963 889 1982 ,
923 1932 1013 1984 quia
1033 1932 1125 1972 alibi
1149 1932 1244 1972 duos
1267 1931 1489 1985 singulares
1512 1929 1635 1970 homi-

146 2013 215 2039 nes
239 1999 299 2039 uel
321 2012 386 2039 res
410 1996 564 2039 Caesar
585 2013 663 2038 non
686 1998 825 2052 plurali
850 2013 1013 2039 numero
1043 2006 1233 2053 utrosque
1263 2000 1327 2039 uel
1358 2007 1547 2051 utrasque
1579 1998 1635 2037 di-

146 2073 257 2107 ceret
278 2066 335 2119 (b.
357 2067 433 2106 ciu.
460 2067 563 2107 enim
582 2065 635 2115 ΙΙ,
660 2066 686 2106 6
708 2066 748 2106 in
767 2067 921 2120 optimis
945 2069 1057 2108 codd.
1082 2068 1159 2122 legi
1181 2068 1333 2107 monuit
1364 2072 1373 2090 ⁶
1390 2075 1554 2120 utraque
1583 2080 1635 2107 ex

145 2148 339 2174 concursu
360 2134 638 2187 laborarent'),
664 2134 735 2174 hac
756 2135 878 2189 igitur
899 2137 945 2177 de
968 2150 1088 2177 causa
1112 2150 1164 2176 ex
1186 2135 1311 2175 trihus
1334 2135 1477 2175 nullius
1500 2142 1634 2175 aucto-

143 2201 271 2242 ritatis
295 2202 406 2242 codd.
433 2202 577 2243 asciuit
600 2207 782 2255 ‘utraque
805 2228 859 2234 —-
881 2203 1110 2258 perierunt'.
1146 2203 1235 2244 Nos
1259 2204 1495 2257 optimorum
1518 2203 1631 2243 codd.

143 2269 416 2310 auctoritatem
440 2270 630 2324 exemplis
654 2267 887 2320 Ciceronis,
912 2271 1005 2311 licet
1027 2272 1073 2312 de
1096 2286 1143 2312 eo
1167 2272 1405 2312 dubitauerit
1428 2271 1633 2325 Zumptius

144 2338 190 2378 ad
213 2336 332 2379 Verr.
355 2336 436 2387 III,
460 2336 540 2389 60,
567 2336 648 2378 140
663 2369 673 2389 ,
708 2335 891 2379 Sallustii
907 2370 918 2390 ,
954 2336 1133 2380 Cornelii
1154 2339 1326 2395 Nepotis
1342 2371 1352 2391 ,
1386 2338 1496 2380 Liuii
1518 2339 1633 2379 facile

142 2405 353 2447 tuebimur.

257 2471 306 2514 C.
331 2475 402 2525 45,
428 2474 449 2515 1
473 2476 514 2516 in
534 2475 699 2530 integris
722 2477 835 2517 codd.
869 2478 1015 2531 legitur
1048 2477 1202 2519 ‘Multa
1233 2493 1255 2519 a
1277 2476 1454 2519 Caesare
1484 2478 1524 2518 in
1547 2491 1631 2518 eam

144 2543 379 2583 sententiam
402 2543 507 2583 dicta
528 2551 646 2593 sunt,
672 2558 791 2596 quare
813 2546 972 2600 negotio
997 2546 1191 2587 desistere
1213 2561 1292 2586 non
1314 2553 1472 2600 posset,
1506 2553 1545 2586 et
1566 2559 1633 2585 ne-

145 2622 218 2661 que
249 2624 358 2650 suam
389 2624 516 2664 neque
545 2611 675 2665 populi
703 2610 875 2652 Romani
907 2614 1230 2655 consuetudinem
1264 2615 1368 2668 pati,
1404 2614 1458 2654 uti
1489 2613 1632 2667 optime

144 2683 340 2717 merentes
361 2679 491 2719 socios
514 2679 756 2719 desereret⁷z
781 2680 821 2720 in
843 2681 1092 2735 interpolatis
1117 2689 1178 2722 est
1202 2682 1405 2722 ‘meritos'.
1465 2680 1633 2722 Partici-

146 2741 247 2794 pium
269 2747 489 2796 praesentis
512 2747 698 2800 temporis
720 2747 808 2788 ideo
830 2748 1065 2801 improbauit
1087 2746 1378 2799 Schneiderus,
1404 2750 1502 2802 quod
1530 2749 1632 2788 Hae-

147 2808 210 2847 dui
232 2809 272 2848 in
294 2812 486 2865 colloquio
517 2828 603 2854 cum
634 2814 844 2855 Ariouisto
877 2817 923 2856 de
945 2831 1040 2870 pace
1063 2817 1193 2857 habito
1216 2832 1294 2857 non
1318 2824 1529 2871 propterea
1549 2817 1631 2856 lau-

145 2876 228 2916 dari
251 2876 492 2931 debuissent,
517 2882 619 2934 quod
641 2895 728 2923 eum
749 2883 1012 2937 impugnando
1033 2885 1135 2926 bene
1158 2885 1205 2925 de
1227 2882 1401 2926 Caesare
1430 2896 1632 2924 mereren-
