1835 3240
110 161 193 205 496
617 192 620 194 v
680 161 754 203 DE
786 159 976 203 BELLO
1009 158 1184 203 CIVILI

189 273 425 325 consultum,
450 288 524 328 quo
547 274 624 314 nisi
647 286 769 327 paene
790 273 831 313 in
852 273 938 326 ipso
961 273 1068 313 urbis
1089 274 1270 314 incendio
1291 281 1407 327 atque
1427 274 1468 314 in
1485 274 1666 327 despera—

186 343 295 383 tione
317 342 487 383 omnium
510 342 650 382 salutis
672 342 701 393 †
722 340 889 380 latorum
912 340 1076 381 audacia
1096 355 1302 394 numquam
1325 349 1416 383 ante
1433 342 1664 383 descensum

186 417 272 451 est:
308 410 401 450 dent
430 422 587 462 operam
621 407 827 457 consules,
859 415 1086 460 praetores,
1119 409 1264 449 tribuni
1288 409 1409 462 plebis
1432 410 1572 463 quique
1588 424 1666 464 pro

188 477 413 518 consulibus
445 478 531 515 sint
551 476 597 514 ad
621 475 781 524 urbem,
820 489 868 515 ne
899 475 990 528 quid
1018 476 1239 530 respublica
1269 477 1489 517 detrimenti
1521 477 1661 530 capiat.

137 545 165 586 4
187 544 296 585 Haec
340 543 685 583 senatusconsulto
721 543 1022 595 perscribuntur
1051 558 1088 584 a.
1115 544 1152 583 d.
1177 550 1237 584 V11
1260 542 1317 583 ld.
1342 541 1428 583 Ian.
1469 542 1606 597 Itaque
1636 549 1665 581 V
1695 552 1713 582 5

188 612 322 667 primis
346 611 498 658 diebus,
524 609 661 663 quibus
685 609 819 650 haberi
841 618 1003 651 senatus
1026 611 1165 665 potuit,
1190 625 1261 664 qua
1281 624 1330 650 ex
1347 611 1408 651 die
1421 611 1666 651 consulatum

186 680 274 721 iniit
296 677 514 727 Lentulus,
550 677 668 717 biduo
699 685 866 731 excepto
896 678 1080 718 comitiali
1111 685 1149 718 et
1170 679 1216 718 de
1238 678 1399 732 imperio
1423 675 1608 718 Caesaris
1631 685 1669 719 et

186 748 233 788 de
255 745 504 799 amplissimis
536 745 655 795 uiris,
694 745 860 785 tribunis
892 746 1042 799 plebis,
1075 746 1310 799 grauissime
1340 745 1668 798 acerbissimeque

140 815 165 857 5
189 813 428 855 decernitur.
470 811 706 867 Profugiunt
736 813 868 853 statim
900 827 952 853 ex
982 814 1080 854 urbe
1112 813 1257 853 tribuni
1289 813 1411 867 plebis
1432 826 1601 866 seseque
1622 815 1668 854 ad

187 880 402 923 Caesarem
425 881 648 921 conferunt.
682 879 722 920 Is
745 895 791 921 eo
815 888 990 934 tempore
1012 889 1098 922 erat
1119 880 1338 922 Rauennae
1356 881 1669 935 expectabatque

186 950 269 990 suis
291 949 504 989 lenissimis
526 949 732 1002 postulatis
755 962 971 1003 responsa,
1007 949 1040 988 si
1074 964 1149 1002 qua
1173 949 1367 988 hominum
1391 949 1585 1001 aequitate
1605 962 1669 989 res

138 1017 166 1062 6
187 1018 233 1059 ad
252 1017 372 1057 otium
396 1016 533 1057 deduci
556 1023 702 1070 posset.
747 1015 946 1056 Proximis
970 1016 1105 1057 diebus
1130 1017 1293 1057 habetur
1313 1024 1430 1057 extra
1453 1016 1587 1056 urbem
1609 1029 1671 1056 se-

187 1093 319 1127 natus.
343 1083 555 1137 Pompeius
580 1085 713 1124 eadem
736 1084 818 1133 illa,
843 1097 942 1137 quae
965 1099 1035 1138 per
1047 1082 1270 1137 Scipionem
1295 1085 1536 1134 ostenderat,
1562 1084 1666 1138 agit,

188 1160 350 1194 senatus
372 1152 558 1192 uirtutem
582 1153 923 1204 constantiamque
945 1152 1178 1201 conlaudat3
1213 1152 1342 1205 copias
1365 1166 1457 1192 suas
1480 1152 1665 1205 exponit:

139 1222 166 1263 2
188 1221 365 1275 legiones
388 1220 532 1259 habere
555 1233 643 1260 sese
664 1227 822 1272 paratas
846 1226 918 1269 1543
949 1226 1156 1272 praeterea
1188 1220 1388 1272 cognitum
1412 1226 1671 1272 compertum-

186 1302 260 1343 que
282 1288 355 1327 sibi
377 1288 505 1327 alieno
529 1301 617 1326 esse
639 1287 768 1326 animo
790 1287 830 1326 in
844 1284 1059 1326 Caesarem
1074 1286 1218 1327 milites
1241 1300 1365 1339 neque
1386 1286 1435 1326 iis
1458 1300 1572 1339 posse
1586 1300 1672 1339 per-

139 1357 164 1397 3
188 1354 364 1404 suaderi,
388 1354 445 1394 uti
468 1368 555 1394 eum
580 1354 790 1394 defendant
811 1361 879 1394 aut
900 1361 1117 1407 sequantur
1138 1354 1292 1394 saltem.
1343 1352 1403 1393 De
1426 1353 1587 1406 reliquis
1610 1366 1672 1394 re-

186 1424 258 1464 bus
280 1423 327 1462 ad
349 1429 527 1461 senatum
550 1423 745 1462 refertur:
779 1429 860 1463 tota
891 1420 1005 1462 Italia
1037 1422 1214 1462 delectus
1247 1422 1462 1471 habeatur3
1499 1419 1672 1461 Faustus

187 1489 299 1532 Sulla
330 1504 497 1544 propere
528 1490 568 1530 in
598 1489 880 1530 Mauritaniam
911 1490 1114 1538 mittatur3
1150 1490 1315 1544 pecunia
1345 1489 1403 1530 uti
1435 1503 1488 1530 ex
1516 1489 1672 1529 aerario

138 1560 165 1601 4
185 1557 372 1612 Pompeio
395 1559 524 1598 detur.
568 1557 761 1598 Refertur
782 1559 898 1599 etiam
921 1559 967 1598 de
988 1571 1083 1611 rege
1105 1556 1200 1597 Iuba
1215 1588 1224 1605 ,
1258 1564 1301 1598 ut
1332 1558 1464 1598 socius
1487 1557 1538 1597 sit
1559 1563 1674 1610 atque

186 1627 359 1667 amicus:
384 1624 602 1666 Marcellus
626 1640 723 1666 uero
746 1640 953 1680 passurum
975 1627 1014 1666 in
1037 1626 1260 1679 praesentia
1282 1633 1415 1680 negat.
1450 1624 1512 1665 De
1524 1623 1672 1665 Fausto

139 1695 164 1736 5
186 1694 347 1749 impedit
369 1693 586 1748 Philippus,
611 1694 792 1734 tribunus
816 1694 956 1749 plebis.
1010 1692 1070 1733 De
1093 1694 1255 1746 reliquis
1277 1694 1393 1734 rebus
1415 1699 1673 1733 senatuscon-

187 1763 288 1803 sulta
310 1762 627 1816 perscribuntur.
682 1761 923 1802 Prouinciae
945 1762 1109 1814 priuatis
1132 1762 1423 1810 decernuntur,
1457 1761 1558 1800 duae
1580 1773 1674 1800 con-

186 1830 355 1879 sulares,
378 1830 555 1883 reliquae
576 1829 816 1883 praetoriae.
871 1827 1047 1883 Scipioni
1070 1829 1233 1869 obuenit
1254 1826 1370 1883 Syria
1385 1858 1395 1875 ‚
1419 1826 1471 1868 L.
1497 1826 1673 1867 Domitio

187 1897 340 1939 Gallia:
365 1899 394 1951 -l-
416 1896 618 1951 Philippus
641 1903 680 1937 et
702 1894 822 1937 Cotta
843 1897 995 1951 priuato
1018 1897 1183 1937 consilio
1206 1902 1525 1950 praetereuntur,
1551 1907 1674 1948 neque

139 1966 166 2007 6
187 1981 321 2008 eorum
332 1972 461 2006 sortes
473 1965 709 2006 deiciuntur.
718 1963 781 2019 [In
791 1965 964 2018 reliquas
976 1965 1200 2019 prouincias
1211 1971 1414 2018 praetores
1427 1962 1671 2016 mittuntur]
1695 1997 1699 2000 ⁴

334 2081 347 2113 1
370 2091 455 2123 pene
474 2091 508 2112 α.
673 2081 692 2115 2
711 2079 734 2122 †
751 2081 896 2113 latorum
916 2081 954 2113 P.
977 2081 1052 2116 126.
1219 2089 1388 2122 nunquam
1407 2078 1473 2120 (a).
1615 2076 1673 2107 de-

187 2144 346 2167 scensum
362 2133 527 2174 lsolzlms,
547 2134 735 2165 discessum
755 2133 854 2166 codd.
998 2134 1017 2165 3
1036 2136 1160 2175 praetr.
1183 2131 1215 2172 d,
1236 2132 1272 2163 P.
1293 2131 1332 2163 R.
1355 2132 1412 2162 be.
1563 2127 1671 2170 plebis

188 2197 257 2220 om.
278 2187 312 2218 d.
476 2196 534 2228 pro
553 2186 752 2218 consulibus
771 2185 1047 2228 Pantagathus;
1067 2182 1162 2215 cons.
1182 2193 1216 2223 a,
1236 2182 1397 2214 consules
1416 2191 1433 2211 e
1452 2183 1489 2211 et
1502 2179 1674 2211 alterum·

187 2242 310 2270 utrum
331 2237 446 2269 ‘ms-5)
617 2238 637 2269 4
655 2236 725 2269 sint
741 2247 810 2268 om.
831 2247 852 2268 a
866 2237 884 2268 b
898 2247 925 2277 c,
953 2241 1033 2269 sunt
1051 2235 1128 2267 edd.
1291 2234 1309 2264 τ’)
1329 2231 1416 2264 SCto
1434 2241 1454 2262 a
1470 2231 1529 2262 be.

191 2289 233 2321 ad
253 2299 269 2320 e
288 2292 324 2320 et
338 2291 422 2320 ante
441 2296 532 2319 corr.
553 2297 587 2319 a.
752 2297 798 2318 vn
817 2297 838 2318 α
851 2298 867 2318 e
886 2290 923 2319 et
938 2287 1084 2328 reliqui,
1103 2295 1162 2317 vm
1181 2284 1200 2316 3
1220 2283 1307 2315 dett.
1328 2293 1363 2314 u.
1529 2279 1577 2312 ld.
1600 2279 1671 2312 lan.

188 2350 248 2373 ae.
416 2339 455 2371 10
474 2339 745 2381 expectabatque
764 2349 798 2370 a.
968 2339 1004 2371 11
1026 2337 1212 2369 leuissimis
1231 2346 1264 2367 α.
1449 2334 1491 2366 12
1508 2333 1618 2365 ocium
1637 2343 1671 2364 a.

334 2395 432 2422 extra
449 2390 566 2421 urbem
585 2395 726 2422 senatus
738 2401 759 2421 a
771 2389 984 2432 Stephanus,
1007 2394 1147 2421 senatus
1167 2392 1266 2419 extra
1283 2387 1400 2418 urbem
1418 2385 1577 2426 reliquae
1595 2384 1673 2416 edd.

336 2444 376 2477 13
396 2444 467 2484 agit
485 2453 554 2475 om.
577 2443 608 2474 b.
751 2443 792 2475 14
810 2442 1045 2474 conlaudata.
1189 2440 1274 2472 151³
1288 2448 1364 2479 ego,
1387 2448 1407 2470 x
1421 2437 1521 2469 codd.
1540 2437 1580 2468 P.
1596 2436 1672 2471 127.

336 2495 376 2527 16
396 2494 462 2526 hiis
480 2503 514 2525 a.
658 2493 699 2526 18
718 2493 866 2524 dilectus
886 2503 906 2524 a
921 2493 938 2524 b
951 2491 1013 2523 ed.
1170 2489 1317 2521 habetur
1336 2490 1365 2529 b,
1388 2488 1580 2519 habeantur
1597 2497 1675 2518 eum

190 2552 213 2585 2
230 2550 318 2582 dett.
339 2558 373 2579 u.
516 2545 665 2578 Faustus
685 2546 745 2578 illa
762 2556 796 2578 α.
941 2545 981 2578 19
1001 2553 1141 2587 propere
1161 2542 1277 2582 codd„
1298 2552 1356 2584 pro
1375 2545 1534 2583 praetore
1546 2541 1585 2572 P.
1599 2539 1677 2572 Ma—

192 2604 317 2636 nutius
335 2610 370 2631 u.
511 2598 661 2630 mittitur
677 2609 698 2630 α
712 2599 806 2630 ‘ms-⁹.
825 2597 1017 2640 pleriqae'.
1157 2595 1197 2628 21
1211 2593 1308 2636 uero]
1322 2604 1384 2625 uon
1406 2604 1426 2624 a
1438 2594 1456 2624 b
1470 2592 1530 2625 cd.

191 2661 372 2695 passurum
391 2661 412 2682 a
425 2651 455 2689 b,
478 2658 656 2691 passurum
675 2660 711 2681 se
730 2659 764 2680 u.
929 2648 973 2683 22
990 2647 1176 2690 Phylippus
1194 2656 1227 2678 α.
1407 2646 1451 2679 24
1469 2643 1621 2676 Domicio
1638 2653 1672 2674 a.

1704 888 1742 920 10

1706 1225 1744 1257 15

1704 1562 1746 1597 20

1705 1901 1747 1932 25

335 2703 376 2735 25
395 2701 579 2744 Phylippus
597 2711 631 2732 a.
651 2700 691 2732 P.
713 2701 790 2733 128.
943 2699 1045 2731 Cotta
1062 2709 1083 2730 a
1096 2699 1113 2730 b
1128 2709 1145 2730 c
1158 2697 1219 2737 de,
1240 2696 1426 2729 Marcellus
1445 2706 1467 2727 u
1486 2695 1598 2737 (quod
1613 2704 1675 2726 no·
1742 2703 1749 2709 ·

192 2766 273 2788 men
289 2755 382 2787 male
401 2754 617 2785 eaeistimauz'
632 2752 676 2783 ab
694 2752 787 2784 Aldo
805 2761 879 2783 esse
892 2753 1074 2793 poeitum,·
1104 2749 1240 2790 legitur
1266 2751 1335 2780 iam
1366 2750 1403 2779 in
1429 2746 1675 2788 superioribus

196 2806 305 2848 edd.).
444 2805 487 2839 26
501 2804 696 2836 deiciuntur
713 2803 953 2843 similiterque
971 2802 1114 2843 reliqua
1132 2801 1173 2832 ab
1192 2800 1348 2832 iaciendo
1367 2799 1496 2838 ducta,
1516 2799 1675 2830 ubicum-

193 2867 260 2899 que
273 2856 404 2895 tacebo,
420 2865 454 2888 α.
595 2853 647 2885 De
660 2856 760 2885 uncis
773 2854 836 2886 hoc
848 2855 883 2884 et
893 2855 1060 2894 sequente
1070 2853 1186 2893 capite
1195 2852 1326 2893 positis
1338 2850 1412 2882 m'd.
1432 2849 1470 2881 P.
1486 2847 1672 2882 tal-134.
