1835 3240
104 157 187 199 574
666 157 740 200 DE
773 157 965 201 BELLO
997 156 1174 202 CIVILI

181 270 400 312 orationem
432 270 722 325 interrumpunt
754 270 883 311 subito
923 272 1093 325 undique
1122 273 1202 313 tela
1230 274 1418 327 inmissa3
1463 289 1562 328 quae
1592 275 1658 316 ille

181 339 359 379 obtectus
381 340 501 379 armis
523 339 685 378 militum
710 338 871 378 uitauit:
906 339 1167 380 uulnerantur
1187 347 1315 382 tamen
1339 344 1556 396 complures
1574 375 1584 393 ,
1617 344 1658 383 in

179 407 239 447 his
262 404 472 447 Cornelius
495 404 656 454 Balbus,
682 404 742 445 M.
768 404 933 456 Plotius,
961 405 1010 445 L.
1035 405 1255 457 Tiburtius,
1285 410 1536 451 centuriones
1558 411 1658 451 mili-

132 474 159 515 7
179 481 317 525 tesque
340 472 532 513 nonnulli.
577 472 679 512 Tum
702 471 928 514 Labienus:
958 474 1141 515 ‘desinite
1174 489 1269 530 ergo
1301 476 1348 516 de
1378 479 1659 531 compositione.

178 542 308 595 loqui:
335 555 423 581 nam
447 539 558 579 nobis
582 538 859 581 nisiCaesaris
873 542 997 595 capite
1018 543 1145 582 relato
1169 557 1245 597 pax
1260 556 1348 584 esse
1370 545 1475 584 nulla
1495 547 1652 598 potest'.
1687 554 1705 585 5

99 610 157 655 20
290 607 418 648 Isdem
442 607 683 661 temporibus
705 607 765 648 M.
789 606 949 649 Coelius
971 609 1099 650 Rufus
1122 617 1280 664 praetor
1301 625 1419 651 causa
1442 612 1658 653 debitorum

177 683 359 730 suscepta
380 675 492 715 initio
515 676 768 730 magistratus
792 677 963 717 tribunal
986 692 1094 718 suum
1118 679 1230 719 iuxta
1255 677 1303 720 C.
1330 679 1524 730 Treboni,
1549 695 1659 735 prae-

177 746 276 786 toris
300 744 456 793 urbani,
480 743 614 784 sellam
637 744 848 785 collocauit
870 753 923 796 et,
949 746 982 786 si
1005 746 1089 799 quis
1112 747 1389 800 appellauisset
1410 749 1456 788 de
1478 748 1661 788 aestima-

177 813 285 853 tione
319 818 357 852 et
387 811 434 851 de
464 811 748 862 solutionibus,
783 827 882 868 quae
913 827 983 867 per
1013 815 1203 854 arbitrum
1232 815 1396 863 fierent,
1439 822 1481 856 ut
1509 813 1661 857 Caesar

128 881 156 923 2
177 893 367 935 praesens
390 880 667 930 constituerat,
694 882 777 921 sore
800 882 951 922 auxilio
973 883 1243 936 pollicebatur.
1289 882 1368 924 Sed
1391 883 1508 924 fiebat
1528 884 1661 937 aequi·
1694 891 1734 924 10

178 955 260 989 tate
282 947 433 988 decreti
457 955 495 988 et
518 948 758 990 humanitate
779 948 978 1001 Treboni,
1014 952 1077 1004 qui
1100 950 1158 991 his
1183 952 1423 1006 temporibus
1446 952 1661 992 clementer

177 1023 218 1056 et
238 1017 437 1057 moderate
458 1016 520 1057 ius
542 1017 746 1057 dicendum
771 1018 1038 1068 existimabat,
1065 1026 1107 1059 ut
1126 1020 1293 1073 reperiri
1316 1034 1393 1060 non
1417 1026 1605 1073 possent,
1638 1032 1661 1059 a

128 1083 154 1124 3
178 1084 314 1138 quibus
336 1084 487 1125 initium
512 1085 730 1138 appellandi
753 1094 1001 1126 nasceretur.
1035 1086 1141 1127 Nam
1166 1088 1334 1128 sortasse
1355 1087 1523 1142 inopiam
1539 1100 1660 1137 excu-

98 1144 101 1150 ι
176 1166 266 1192 sare
299 1159 338 1192 et
368 1152 628 1192 calamitatem
660 1161 728 1193 aut
757 1155 954 1208 propriam
986 1168 1096 1194 suam
1130 1162 1195 1194 aut
1225 1162 1444 1208 temporum
1477 1155 1589 1208 queri
1621 1161 1662 1194 et

178 1220 423 1260 difficultates
446 1221 696 1260 auctionandi
720 1235 941 1274 proponere
963 1223 1080 1262 etiam
1102 1222 1311 1262 mediocris
1336 1230 1396 1262 est
1426 1222 1569 1273 animit,
1602 1222 1662 1261 in·
1696 1228 1735 1261 15

175 1295 310 1340 tegras
333 1301 427 1327 uero
451 1294 587 1327 tenere
610 1289 909 1341 possessiones,
944 1290 1009 1342 qui
1041 1304 1084 1330 se
1117 1290 1259 1330 debere
1294 1291 1514 1340 fateantur,
1550 1289 1660 1329 cuius

126 1355 153 1395 4
175 1356 292 1395 animi
316 1362 383 1395 aut
404 1355 513 1394 cuius
535 1355 788 1408 inpudentiae
811 1358 899 1397 est?
940 1356 1101 1411 Itaque,
1138 1358 1210 1398 hoc
1234 1358 1296 1411 qui
1320 1357 1561 1411 postularet,
1597 1369 1660 1396 re-

175 1424 400 1477 periebatur
421 1437 551 1463 nemo.
594 1423 727 1476 Atque
749 1425 871 1478 ipsis,
898 1426 944 1465 ad
968 1440 1131 1479 quorum
1156 1426 1398 1466 commodum
1422 1425 1656 1481 pertinebat,

175 1491 310 1532 durior
330 1492 515 1532 iuuentus
539 1499 599 1532 est
623 1490 800 1533 Coelius.
846 1491 923 1534 Sed
946 1494 993 1535 ab
1017 1495 1088 1535 hoe
1111 1496 1312 1548 profectus
1335 1494 1471 1544 initio,
1507 1507 1556 1534 ne
1580 1493 1661 1533 sru-

177 1567 259 1600 stra
290 1560 494 1612 ingressus
529 1567 676 1613 turpem
710 1575 865 1601 causam
890 1562 1114 1613 uideretur,
1150 1563 1273 1617 legem
1297 1561 1585 1616 promulgauit,
1620 1566 1662 1600 ut
1690 1566 1733 1601 20

97 1628 147 1672 21
172 1628 338 1668 sexenni
363 1628 424 1669 die
448 1628 534 1668 sine
558 1629 686 1668 usuris
709 1630 882 1671 creditae
904 1631 1094 1685 pecuniae
1117 1632 1340 1671 soluantur.
1375 1628 1473 1671 Cum
1497 1629 1660 1670 resiste-

173 1704 237 1737 ret
257 1694 450 1737 Seruilius
474 1697 611 1737 consul
632 1697 848 1750 reliquique
872 1700 1124 1753 magistratus
1140 1729 1150 1747 ,
1175 1706 1214 1738 et
1233 1699 1360 1738 minus
1382 1697 1566 1751 opinione
1589 1709 1660 1735 sua

175 1765 371 1813 efficeret,
405 1764 451 1804 ad
481 1764 678 1804 hominum
712 1766 921 1807 excitanda
954 1767 1083 1807 studia
1115 1767 1268 1807 sublata
1299 1766 1430 1820 priore
1452 1765 1538 1818 lege
1561 1765 1657 1804 duas

173 1832 458 1886 promulgauit:
484 1846 627 1880 unam,
653 1848 727 1886 qua
750 1836 950 1874 mercedes
974 1835 1252 1875 habitationum
1276 1847 1426 1874 annuas
1449 1834 1660 1873 conducto-

129 1900 158 1943 2
178 1900 285 1940 ribus
309 1900 494 1949 donauit,
520 1900 632 1940 aliam
656 1901 873 1942 tabularum
899 1918 1112 1953 nouarum,
1147 1903 1370 1957 impetuque
1401 1900 1661 1941 multitudinis
1690 1907 1733 1941 25

171 1967 213 2007 in
237 1965 285 2007 C.
311 1967 556 2008 Trebonium
590 1970 692 2009 sacto
723 1977 762 2009 et
792 1971 990 2011 nonnullis
1023 1971 1243 2011 uulneratis
1275 1984 1363 2010 eum
1395 1970 1441 2010 de
1474 1967 1660 2009 tribunali

174 2035 410 2075 deturbauit.
456 2035 517 2076 De
540 2037 678 2089 quibus
707 2037 823 2078 rebus
848 2036 1043 2079 Seruilius
1074 2040 1212 2079 consul
1234 2040 1282 2080 ad
1303 2045 1484 2079 senatum
1506 2036 1655 2086 retulit,

125 2104 151 2143 :3
173 2110 413 2156 senatusque
437 2100 615 2144 Coelium
649 2105 696 2145 ab
728 2107 927 2160 republica
949 2108 1227 2147 remouendum
1251 2106 1418 2147 censuit.
1481 2103 1569 2144 Hoc
1590 2104 1657 2143 de-

173 2178 282 2211 creto
306 2185 390 2211 eum
415 2173 553 2213 consul
576 2180 715 2213 senatu
748 2174 946 2228 prohibuit
974 2182 1013 2216 et
1043 2175 1264 2216 contionari
1296 2180 1502 2214 conantem
1527 2172 1573 2212 de
1595 2185 1657 2212 ro-

316 2291 330 2324 1
353 2291 464 2324 subito
484 2293 632 2336 undique
651 2304 672 2325 α
691 2293 915 2337 Stephanus,
945 2296 1093 2338 undique
1125 2295 1235 2328 subito
1256 2294 1416 2336 reliquae
1435 2292 1513 2325 edd.

172 2344 311 2376 inmissa
329 2355 362 2375 a.
505 2347 525 2380 2
545 2346 694 2378 intectus
716 2347 746 2378 11.
888 2347 907 2380 3
929 2347 1066 2380 Plocius
1086 2359 1119 2380 α.
1271 2346 1459 2389 Tyburtius
1478 2354 1513 2375 a·

172 2396 458 2436 centurionesque
480 2397 510 2428 b.
674 2401 693 2431 4
714 2398 810 2440 crgo]
831 2399 939 2441 inquit
959 2400 990 2431 b.
1134 2401 1151 2432 5
1176 2399 1239 2431 nisi
1259 2409 1278 2429 a
1298 2397 1458 2429 Caesaris
1478 2406 1512 2428 α.

172 2447 190 2478 ὓ
210 2447 317 2478 isdem
337 2457 369 2486 a,
392 2447 511 2478 iisdem
531 2458 566 2479 u.
753 2450 962 2492 temporibus
982 2450 1095 2490 codd.J
1119 2449 1325 2492 temporibus
1345 2448 1469 2480 Romae
1488 2447 1601 2479 Aldus
1619 2457 1655 2479 η.

318 2498 336 2529 7
356 2496 507 2529 Treboni
526 2509 559 2529 a.
700 2500 721 2532 8
741 2501 988 2542 appellauisset
1005 2511 1026 2532 a
1048 2502 1143 2533 ‘mss.
1159 2500 1346 2542 plerz'qzle',
1368 2499 1578 2542 appellasset
1594 2499 1658 2532 Al-

173 2548 237 2581 dus
256 2559 361 2590 nepos
382 2560 415 2580 11.
606 2550 645 2583 10
664 2552 852 2594 aequitate]
873 2552 1053 2584 celeritate
1074 2553 1105 2584 b.
1296 2553 1332 2585 11
1355 2551 1602 2593 T1·ebani(sz·c)
1621 2563 1655 2584 a.

315 2602 366 2633 his
387 2612 453 2633 om.
475 2612 496 2633 a
510 2603 541 2633 b.
684 2604 725 2636 12
743 2605 918 2636 moderate
937 2604 1010 2636 eins
1029 2615 1062 2645 α,
1083 2604 1257 2636 moderata
1276 2604 1347 2635 eius
1367 2604 1396 2635 b.
1538 2614 1657 2647 reppe-

171 2653 232 2686 riri
251 2663 285 2685 a.
469 2658 612 2695 possent
629 2654 856 2696 Stephanum
875 2660 992 2698 posset
1011 2655 1127 2696 codd„
1149 2657 1223 2686 nisi
1239 2655 1334 2696 qnod
1350 2655 1459 2697 possit
1478 2655 1509 2687 b.

175 2706 213 2738 14
234 2704 400 2747 propriam
419 2714 486 2736 om.
510 2706 540 2736 b.
705 2706 745 2738 17
764 2707 982 2749 inpudentiae
1000 2716 1034 2737 (ι.
1198 2707 1459 2748 repperiebatur
1476 2716 1509 2737 α.

175 2756 215 2789 19
236 2756 294 2787 sed
316 2756 540 2796 ciacconius,
563 2760 598 2787 ct
616 2755 716 2788 codd.
869 2758 910 2793 21
931 2758 1073 2789 sexenni
1094 2758 1147 2790 die
1167 2759 1205 2790 P.
1226 2758 1429 2799 Manutius,
1450 2757 1563 2790 sexies
1581 2758 1655 2790 seni

173 2808 247 2839 dies
267 2807 366 2839 codd.
508 2808 551 2842 23
564 2807 695 2839 efficere
709 2809 738 2839 b.
881 2811 924 2843 25
936 2811 1038 2842 aliam
1057 2821 1077 2842 α
1091 2812 1120 2851 ὸ,
1142 2812 1286 2844 alteram
1297 2812 1462 2844 Faernus
1474 2821 1509 2843 τι.

170 2859 212 2895 29
233 2860 431 2891 contionare
454 2860 549 2892 ‘ms-5.
572 2860 615 2902 4',
635 2860 832 2893 concionari
851 2862 915 2904 (a).
