1835 3240
689 206 802 213 ,μή
860 183 1088 224 (η-ᾖ

148 298 303 342 01111110
326 299 384 338 his
408 296 539 337 uerbis
562 296 802 337 declaratum
834 304 966 346 esset,
1002 295 1247 338 Schneidero
1279 312 1331 338 ex
1361 302 1627 353 superioribus

147 366 449 419 intellegendum
473 366 600 405 uisum
623 372 684 405 est
706 379 846 418 magno
869 365 1013 405 itinere
1045 367 1226 405 confecto
1254 365 1294 404 in
1322 366 1420 406 fines
1446 366 1631 410 Suessio-

147 449 237 474 num
260 432 474 473 Caesarem
499 433 741 486 peruenisse.
785 432 842 471 At
862 446 981 485 supra
1004 447 1038 472 c.
1064 433 1105 479 5,
1130 434 1156 473 4
1179 430 1331 473 Caesar
1353 434 1568 487 scripserat
1590 451 1632 476 se

147 503 186 541 in
209 502 399 541 extremis
421 500 637 541 Remorum
660 500 801 539 finibus
826 501 968 549 fuisse,
995 500 1055 540 hic
1079 498 1316 541 Suessiones
1338 501 1475 541 Remis
1499 504 1633 555 proxi-

147 583 232 609 mos
256 569 379 618 dixit,
414 576 457 608 ut
478 582 565 608 eum
587 582 610 607 a
640 568 755 617 loco,
789 568 890 607 unde
921 569 1265 621 proficiscebatur,
1300 583 1424 621 usquc
1456 571 1502 610 ad
1537 572 1632 609 lines

150 634 409 675 Suessionum
433 649 480 675 ne
503 636 676 689 potuisse
699 636 849 688 quidem
873 650 1055 690 magnum
1085 636 1160 675 iter
1191 637 1387 676 conficere
1410 644 1631 690 appareret.

150 702 254 755 Quid
276 701 704 756 igiturSchneiderus?
734 702 922 756 Magnam
947 711 1094 756 partem
1118 703 1192 742 diei
1213 701 1427 743 Caesarem
1447 718 1516 757 per
1540 705 1634 743 [ines

167 770 380 817 ’1001010110
406 784 479 823 (100
500 769 739 811 Suessiones
762 777 998 823 tangerent,
1033 771 1114 810 isse
1145 778 1183 810 et
1214 771 1268 811 ita
1291 773 1470 812 confecto
1494 786 1635 825 magno

147 839 290 878 itinere
312 838 584 878 introduxisse
617 838 657 878 10
692 838 859 878 hostium
890 840 987 878 fines
1020 838 1237 878 exercitum
1261 846 1410 878 narrat.
1474 837 1638 879 Scilicet

149 907 268 947 animi
290 919 410 946 causa
431 905 695 946 ambulauisse
710 903 925 947 Caesarem
948 906 1169 959 putabimus
1193 913 1232 946 et
1253 906 1300 946 de
1321 906 1518 947 industria
1542 914 1637 947 tem-

150 989 221 1028 pus
243 974 402 1014 triuisse
423 974 462 1013 in
485 988 635 1014 summa
656 988 785 1014 rernm
809 975 1069 1026 gerendarum
1094 973 1240 1027 inopia.
1284 973 1396 1014 Adeo
1418 974 1518 1013 mira
1541 975 1635 1014 haec

148 1056 214 1082 res
236 1048 337 1092 erat,
362 1048 402 1082 ut
424 1055 557 1092 causa,
583 1056 652 1081 001
672 1042 896 1091 accidisset,
922 1042 1028 1082 nullo
1051 1042 1163 1081 modo
1187 1048 1320 1094 posset
1341 1056 1363 1081 a
1382 1038 1557 1082 Caesare
1581 1049 1638 1082 ta-

150 1110 247 1150 ceri.
308 1108 444 1163 Itaque
477 1124 562 1150 cum
585 1110 757 1150 dubitari
779 1124 857 1149 non
880 1116 1039 1163 posset,
1072 1110 1162 1162 quin
1193 1110 1288 1150 baec
1311 1110 1430 1150 uerba
1453 1118 1638 1165 corrupta

150 1186 300 1228 essent,
326 1178 571 1232 participium
598 1178 807 1218 ‘confecto’
830 1178 1002 1231 spurium
1024 1177 1209 1218 iudicaui.

264 1244 314 1287 C.
342 1245 409 1296 15,
435 1247 459 1286 4
482 1246 627 1300 duplex
649 1246 952 1287 additamentum
971 1246 1184 1285 tollendum
1202 1245 1448 1295 existimaui,
1474 1236 1638 1286 alterum

152 1315 476 1368 interpolatorum
507 1314 708 1364 codicum,
738 1315 905 1354 alterum
928 1314 1113 1353 omnium.
1176 1312 1235 1354 Ibi
1269 1314 1365 1354 haee
1394 1314 1636 1355 edebantur:

156 1381 322 1421 ‘Eorum
346 1382 441 1421 fines
463 1380 607 1421 Neruii
639 1382 910 1435 attingebant,
944 1395 1109 1433 quornm
1142 1382 1188 1420 de
1221 1389 1361 1422 natura
1391 1383 1641 1434 moribusque

156 1447 309 1489 Caesar
332 1463 416 1488 eum
440 1456 662 1502 quaereret,
688 1449 744 1488 sic
766 1448 1014 1503 reperiebat:
1039 1447 1202 1487 Nullum
1225 1450 1368 1489 aditum
1392 1464 1480 1490 esse
1502 1451 1548 1489 ad
1573 1462 1641 1489 eos

154 1516 464 1564 mercatoribus,
506 1516 602 1556 1111111
632 1516 712 1569 pati
745 1516 827 1555 uini
855 1516 1173 1569 reliquarumque
1204 1531 1333 1557 rerum
1364 1518 1410 1557 ad
1444 1517 1640 1557 luxuriam

155 1584 434 1636 pertinentium
456 1583 616 1632 inferri,
651 1583 753 1635 quod
784 1583 832 1622 iis
863 1583 981 1622 rebus
1004 1584 1309 1637 relanguescere
1331 1585 1482 1624 animos
1506 1599 1641 1625 eorum

156 1657 194 1690 et
215 1650 362 1690 remitti
384 1650 569 1690 uirtutem
592 1650 897 1690 existimarent'.
934 1649 1070 1691 Verba
1092 1658 1221 1691 autem
1247 1653 1311 1692 ‘ad
1333 1652 1529 1692 luxuriam
1554 1666 1643 1706 per-

155 1716 372 1757 tinentium'
396 1732 474 1757 non
495 1717 732 1771 legunturin
753 1719 919 1773 integris
943 1718 1054 1758 codd.
1074 1726 1112 1759 et
1135 1719 1359 1760 melioribus
1383 1720 1640 1769 deteriorum,

154 1793 295 1826 extant
315 1786 356 1825 in
377 1786 615 1839 interpolata
637 1786 798 1826 familia.
849 1785 955 1827 Nam
989 1788 1089 1840 quod
1117 1788 1157 1827 in
1180 1786 1374 1828 Parisinis
1406 1788 1519 1827 codd.
1546 1788 1644 1828 scri-

156 1861 219 1907 pta
242 1867 330 1894 esse
352 1853 609 1894 Achaintrius
632 1854 787 1903 retulit,
824 1855 862 1894 id
884 1856 930 1895 de
952 1854 1047 1895 Par.
1074 1869 1133 1909 pr.
1160 1856 1309 1896 diserto
1333 1869 1442 1895 meae
1465 1855 1644 1896 collatio-

156 1922 217 1961 nis
240 1921 464 1961 testimonio
486 1923 752 1977 redarguitur.
797 1920 969 1976 integris
992 1930 1122 1962 autem
1145 1924 1257 1963 codd.
1284 1922 1476 1973 Orosius,
1510 1923 1543 1963 si
1566 1937 1643 1963 non

158 1989 310 2029 accedit
331 1991 531 2041 (omittere
553 1990 655 2029 enim
677 1991 761 2043 ipse
783 2004 829 2030 ea
843 1990 964 2030 uerba
988 1991 1147 2044 potuit),
1174 2000 1281 2031 certe
1305 2005 1383 2031 non
1402 1992 1642 2044 refragatur,

157 2057 256 2109 apud
279 2071 390 2109 quem
414 2055 486 2106 VI,
510 2056 537 2097 7
559 2058 654 2098 haec
676 2059 884 2112 leguntur:
933 2057 1098 2098 ‘Neruii
1113 2090 1123 2106 ‚
1148 2073 1313 2111 quorum
1338 2059 1435 2098 adeo
1457 2059 1645 2099 indomita

159 2125 292 2164 feritas
315 2125 641 2178 praedicabatur,
677 2133 717 2166 ut
748 2140 953 2179 numquam
985 2127 1025 2166 in
1056 2127 1094 2167 id
1122 2127 1309 2180 temporis
1332 2133 1574 2167 mercatores
1597 2127 1645 2167 ad

158 2205 200 2232 se
222 2193 452 2232 admiserint
474 2193 563 2233 uina
598 2201 807 2247 ceteraque
831 2194 986 2234 uenalia
1008 2195 1164 2234 deferre
1184 2225 1194 2244 ,
1228 2195 1365 2247 quibus
1396 2194 1555 2234 inducta
1586 2194 1645 2235 iu-

159 2260 336 2300 cunditas
359 2267 556 2314 torporem
581 2261 740 2302 uirtutis
763 2262 947 2311 afferret,
980 2262 1202 2302 habuerunt
1233 2262 1413 2302 similiter
1440 2261 1474 2301 L
1498 2263 1641 2302 milia'.

157 2327 289 2380 Atque
312 2342 357 2367 ea
379 2329 498 2369 uerba
524 2344 602 2369 non
624 2331 750 2370 solum
774 2329 999 2369 necessaria
1023 2344 1101 2369 non
1124 2337 1231 2379 sunt,
1264 2344 1363 2383 quae
1396 2344 1458 2370 res
1490 2331 1645 2371 suffice-

158 2403 233 2444 ret,
259 2403 299 2435 ut
321 2396 484 2436 delenda
506 2397 752 2446 uiderentur,
778 2398 845 2437 sed
869 2397 985 2437 etiam
1008 2398 1269 2437 incommoda.
1330 2395 1429 2437 Cum
1453 2398 1553 2438 enim
1578 2412 1645 2438 00-

159 2471 290 2516 gatum
314 2472 420 2504 esset
441 2464 559 2504 ullum
583 2465 728 2504 aditum
752 2465 1036 2505 mercatoribus
1059 2466 1106 2505 ad
1126 2464 1302 2505 Neruios
1325 2466 1447 2505 fuisse
1463 2497 1472 2515 ,
1508 2479 1646 2507 neces-

160 2532 265 2571 sario
286 2533 376 2572 inde
400 2532 717 2586 consequebatur
738 2532 834 2572 nihil
856 2545 924 2572 eos
947 2533 1104 2572 omnino
1135 2533 1338 2586 importari
1369 2547 1506 2587 passos
1529 2547 1641 2574 esse:

162 2599 222 2637 cui
245 2600 299 2639 rei
321 2601 561 2640 contrarium
585 2607 669 2649 est,
696 2601 796 2653 quod
819 2600 958 2640 deinde
980 2600 1112 2640 uinum
1134 2607 1284 2640 tantum
1306 2602 1558 2657 reliquaeque
1580 2614 1644 2640 res
1696 2645 1700 2648 ,

162 2666 207 2703 ad
229 2667 423 2708 luxuriam
447 2668 690 2721 pertinentes
713 2668 844 2708 illatae
868 2675 1075 2722 negantur.
1125 2666 1230 2708 Nam
1253 2669 1355 2723 quod
1379 2666 1645 2709 Schneiderus

163 2731 216 2770 ait
238 2733 387 2785 publice
410 2749 461 2775 ex
483 2735 644 2776 ciuitate
666 2735 807 2776 missos
831 2750 960 2776 emere
994 2735 1193 2789 quaelihet
1223 2742 1260 2776 et
1280 2736 1428 2776 inferre
1451 2736 1642 2789 potuisse,

164 2812 291 2853 neque
325 2801 371 2841 de
400 2802 580 2842 barbaris
615 2810 723 2844 certe
757 2804 944 2845 credibile
976 2811 1051 2854 est,
1086 2817 1215 2859 neque
1245 2817 1268 2843 a
1291 2800 1467 2843 Caesare
1489 2808 1644 2856 poterat

163 2867 435 2919 praetermitti.
479 2869 621 2922 Neque
651 2885 748 2912 uero
771 2869 935 2912 Caesari
972 2872 1098 2913 omnis
1130 2871 1211 2912 uini
1243 2885 1336 2911 usus
1371 2871 1417 2910 ad
1447 2869 1644 2911 luxuriam
