<?xml version="1.0" encoding="UTF-8"?>
<!DOCTYPE html PUBLIC "-//W3C//DTD XHTML 1.0 Transitional//EN"
    "http://www.w3.org/TR/xhtml1/DTD/xhtml1-transitional.dtd">
<html xmlns="http://www.w3.org/1999/xhtml" xml:lang="en" lang="en">
 <head>
  <title>
</title>
<meta http-equiv="Content-Type" content="text/html;charset=utf-8" />
  <meta name='ocr-system' content='tesseract 3.04.00' />
  <meta name='ocr-capabilities' content='ocr_page ocr_carea ocr_par ocr_line ocrx_word'/>
</head>
<body>
  <div class='ocr_page' id='page_1' title='image "./commentarii00caesuoft_0289.png"; bbox 0 0 1835 3240; ppageno 0'>
   <div class='ocr_carea' id='block_1_1' title="bbox 110 889 148 921">
    <p class='ocr_par' dir='ltr' id='par_1_1' title="bbox 110 889 148 921">
     <span class='ocr_line' id='line_1_1' title="bbox 110 889 148 921; baseline 0 0"><span class='ocrx_word' id='word_1_1' title='bbox 110 889 148 921; x_wconf 83' lang='lat'>10</span> 
     </span>
    </p>
   </div>
   <div class='ocr_carea' id='block_1_2' title="bbox 117 1226 155 1258">
    <p class='ocr_par' dir='ltr' id='par_1_2' title="bbox 117 1226 155 1258">
     <span class='ocr_line' id='line_1_2' title="bbox 117 1226 155 1258; baseline 0 0"><span class='ocrx_word' id='word_1_2' title='bbox 117 1226 155 1258; x_wconf 80' lang='lat'>15</span> 
     </span>
    </p>
   </div>
   <div class='ocr_carea' id='block_1_3' title="bbox 117 1563 160 1597">
    <p class='ocr_par' dir='ltr' id='par_1_3' title="bbox 117 1563 160 1597">
     <span class='ocr_line' id='line_1_3' title="bbox 117 1563 160 1597; baseline -0.047 0"><span class='ocrx_word' id='word_1_3' title='bbox 117 1563 160 1597; x_wconf 79' lang='lat'>20</span> 
     </span>
    </p>
   </div>
   <div class='ocr_carea' id='block_1_4' title="bbox 613 155 1737 204">
    <p class='ocr_par' dir='ltr' id='par_1_4' title="bbox 613 155 1737 204">
     <span class='ocr_line' id='line_1_4' title="bbox 613 155 1737 204; baseline 0.005 -6"><span class='ocrx_word' id='word_1_4' title='bbox 613 155 797 199; x_wconf 84' lang='lat' dir='ltr'><strong>COMM.</strong></span> <span class='ocrx_word' id='word_1_5' title='bbox 824 156 844 198; x_wconf 96' lang='grc' dir='ltr'><strong>Ι</strong></span> <span class='ocrx_word' id='word_1_6' title='bbox 875 155 1000 199; x_wconf 84' lang='lat' dir='ltr'><strong>CAP.</strong></span> <span class='ocrx_word' id='word_1_7' title='bbox 1025 157 1225 200; x_wconf 83' lang='lat'>39—40.</span> <span class='ocrx_word' id='word_1_8' title='bbox 1653 161 1737 204; x_wconf 78' lang='lat'>279</span> 
     </span>
    </p>
   </div>
   <div class='ocr_carea' id='block_1_5' title="bbox 178 271 1740 1887">
    <p class='ocr_par' dir='ltr' id='par_1_5' title="bbox 178 271 1740 1273">
     <span class='ocr_line' id='line_1_5' title="bbox 179 271 1658 328; baseline 0.002 -14"><span class='ocrx_word' id='word_1_9' title='bbox 179 274 335 321; x_wconf 89' lang='lat' dir='ltr'>uistum,</span> <span class='ocrx_word' id='word_1_10' title='bbox 361 277 429 312; x_wconf 83' lang='lat' dir='ltr'>aut</span> <span class='ocrx_word' id='word_1_11' title='bbox 450 283 531 310; x_wconf 86' lang='lat' dir='ltr'>rem</span> <span class='ocrx_word' id='word_1_12' title='bbox 556 271 868 321; x_wconf 69' lang='lat' dir='ltr'>frumentariam,</span> <span class='ocrx_word' id='word_1_13' title='bbox 893 279 933 312; x_wconf 89' lang='lat' dir='ltr'>ut</span> <span class='ocrx_word' id='word_1_14' title='bbox 948 273 1045 313; x_wconf 88' lang='lat' dir='ltr'>satis</span> <span class='ocrx_word' id='word_1_15' title='bbox 1060 273 1261 312; x_wconf 87' lang='lat' dir='ltr'>commode</span> <span class='ocrx_word' id='word_1_16' title='bbox 1278 278 1497 326; x_wconf 84' lang='lat' dir='ltr'>supportari</span> <span class='ocrx_word' id='word_1_17' title='bbox 1510 284 1658 328; x_wconf 88' lang='lat' dir='ltr'>posset,</span> 
     </span>
     <span class='ocr_line' id='line_1_6' title="bbox 180 336 1709 388; baseline 0.003 -8"><span class='ocrx_word' id='word_1_18' title='bbox 180 341 317 380; x_wconf 88' lang='lat' dir='ltr'>timere</span> <span class='ocrx_word' id='word_1_19' title='bbox 339 337 536 379; x_wconf 77' lang='lat' dir='ltr'>dicebant.</span> <span class='ocrx_word' id='word_1_20' title='bbox 588 336 782 379; x_wconf 86' lang='lat' dir='ltr'>Nonnulli</span> <span class='ocrx_word' id='word_1_21' title='bbox 814 340 932 380; x_wconf 86' lang='lat' dir='ltr'>etiam</span> <span class='ocrx_word' id='word_1_22' title='bbox 957 338 1122 381; x_wconf 80' lang='lat' dir='ltr'>Caesari</span> <span class='ocrx_word' id='word_1_23' title='bbox 1146 340 1397 388; x_wconf 71' lang='lat' dir='ltr'>nuntiabant,</span> <span class='ocrx_word' id='word_1_24' title='bbox 1423 355 1507 380; x_wconf 90' lang='lat' dir='ltr'>cum</span> <span class='ocrx_word' id='word_1_25' title='bbox 1531 350 1661 384; x_wconf 88' lang='lat' dir='ltr'>castra</span> <span class='ocrx_word' id='word_1_26' title='bbox 1683 344 1709 384; x_wconf 91' lang='lat'><strong>7</strong></span> 
     </span>
     <span class='ocr_line' id='line_1_7' title="bbox 178 406 1664 461; baseline 0.001 -14"><span class='ocrx_word' id='word_1_27' title='bbox 178 406 328 447; x_wconf 88' lang='lat' dir='ltr'>moueri</span> <span class='ocrx_word' id='word_1_28' title='bbox 351 420 395 447; x_wconf 91' lang='lat' dir='ltr'>ac</span> <span class='ocrx_word' id='word_1_29' title='bbox 418 407 530 461; x_wconf 86' lang='lat' dir='ltr'>signa</span> <span class='ocrx_word' id='word_1_30' title='bbox 554 407 647 447; x_wconf 85' lang='lat' dir='ltr'>ferri</span> <span class='ocrx_word' id='word_1_31' title='bbox 669 407 866 457; x_wconf 80' lang='lat' dir='ltr'>iussisset,</span> <span class='ocrx_word' id='word_1_32' title='bbox 892 422 969 448; x_wconf 89' lang='lat' dir='ltr'>non</span> <span class='ocrx_word' id='word_1_33' title='bbox 994 409 1078 448; x_wconf 86' lang='lat' dir='ltr'>fore</span> <span class='ocrx_word' id='word_1_34' title='bbox 1091 408 1194 448; x_wconf 86' lang='lat' dir='ltr'>dicto</span> <span class='ocrx_word' id='word_1_35' title='bbox 1210 408 1415 448; x_wconf 76' lang='lat' dir='ltr'>audientes</span> <span class='ocrx_word' id='word_1_36' title='bbox 1431 409 1574 449; x_wconf 89' lang='lat' dir='ltr'>milites</span> <span class='ocrx_word' id='word_1_37' title='bbox 1597 424 1664 450; x_wconf 88' lang='lat' dir='ltr'>ne-</span> 
     </span>
     <span class='ocr_line' id='line_1_8' title="bbox 179 475 1740 528; baseline 0.002 -14"><span class='ocrx_word' id='word_1_38' title='bbox 179 487 254 527; x_wconf 90' lang='lat' dir='ltr'>que</span> <span class='ocrx_word' id='word_1_39' title='bbox 285 482 445 528; x_wconf 90' lang='lat' dir='ltr'>propter</span> <span class='ocrx_word' id='word_1_40' title='bbox 478 475 655 514; x_wconf 90' lang='lat' dir='ltr'>timorem</span> <span class='ocrx_word' id='word_1_41' title='bbox 679 475 789 528; x_wconf 79' lang='lat' dir='ltr'>signa</span> <span class='ocrx_word' id='word_1_42' title='bbox 813 475 978 515; x_wconf 86' lang='lat' dir='ltr'>laturos.</span> <span class='ocrx_word' id='word_1_43' title='bbox 1033 475 1143 515; x_wconf 89' lang='lat' dir='ltr'>Haec</span> <span class='ocrx_word' id='word_1_44' title='bbox 1176 490 1261 515; x_wconf 83' lang='lat' dir='ltr'>cum</span> <span class='ocrx_word' id='word_1_45' title='bbox 1295 476 1656 527; x_wconf 87' lang='lat' dir='ltr'>animaduertisset,</span> <span class='ocrx_word' id='word_1_46' title='bbox 1681 478 1740 521; x_wconf 75' lang='lat'>40</span> 
     </span>
     <span class='ocr_line' id='line_1_9' title="bbox 182 542 1665 595; baseline 0.001 -13"><span class='ocrx_word' id='word_1_47' title='bbox 182 550 400 583; x_wconf 86' lang='lat' dir='ltr'>conuocato</span> <span class='ocrx_word' id='word_1_48' title='bbox 432 542 599 582; x_wconf 89' lang='lat' dir='ltr'>consilio</span> <span class='ocrx_word' id='word_1_49' title='bbox 630 542 879 595; x_wconf 84' lang='lat' dir='ltr'>omniumque</span> <span class='ocrx_word' id='word_1_50' title='bbox 912 543 1091 582; x_wconf 84' lang='lat' dir='ltr'>ordinum</span> <span class='ocrx_word' id='word_1_51' title='bbox 1124 543 1170 582; x_wconf 89' lang='lat' dir='ltr'>ad</span> <span class='ocrx_word' id='word_1_52' title='bbox 1192 543 1228 582; x_wconf 91' lang='lat' dir='ltr'>id</span> <span class='ocrx_word' id='word_1_53' title='bbox 1253 543 1459 583; x_wconf 88' lang='lat' dir='ltr'>consilium</span> <span class='ocrx_word' id='word_1_54' title='bbox 1483 544 1665 585; x_wconf 76' lang='lat' dir='ltr'>adhibitis</span> 
     </span>
     <span class='ocr_line' id='line_1_10' title="bbox 179 610 1666 665; baseline 0.001 -15"><span class='ocrx_word' id='word_1_55' title='bbox 179 611 475 650; x_wconf 67' lang='lat' dir='ltr'>centurionibus</span> <span class='ocrx_word' id='word_1_56' title='bbox 499 610 755 650; x_wconf 87' lang='lat' dir='ltr'>uehementer</span> <span class='ocrx_word' id='word_1_57' title='bbox 776 624 843 650; x_wconf 83' lang='lat' dir='ltr'>eos</span> <span class='ocrx_word' id='word_1_58' title='bbox 867 610 1085 650; x_wconf 86' lang='lat' dir='ltr'>incusauit:</span> <span class='ocrx_word' id='word_1_59' title='bbox 1114 610 1296 663; x_wconf 89' lang='lat' dir='ltr'>primum,</span> <span class='ocrx_word' id='word_1_60' title='bbox 1323 611 1439 663; x_wconf 87' lang='lat' dir='ltr'>quod,</span> <span class='ocrx_word' id='word_1_61' title='bbox 1464 619 1530 651; x_wconf 90' lang='lat' dir='ltr'>aut</span> <span class='ocrx_word' id='word_1_62' title='bbox 1552 626 1666 665; x_wconf 90' lang='lat' dir='ltr'>quam</span> 
     </span>
     <span class='ocr_line' id='line_1_11' title="bbox 180 677 1669 733; baseline 0.001 -15"><span class='ocrx_word' id='word_1_63' title='bbox 180 678 219 718; x_wconf 90' lang='lat' dir='ltr'>in</span> <span class='ocrx_word' id='word_1_64' title='bbox 243 685 392 732; x_wconf 86' lang='lat' dir='ltr'>partem</span> <span class='ocrx_word' id='word_1_65' title='bbox 419 685 487 717; x_wconf 90' lang='lat' dir='ltr'>aut</span> <span class='ocrx_word' id='word_1_66' title='bbox 509 692 582 731; x_wconf 84' lang='lat' dir='ltr'>quo</span> <span class='ocrx_word' id='word_1_67' title='bbox 605 677 771 717; x_wconf 87' lang='lat' dir='ltr'>consilio</span> <span class='ocrx_word' id='word_1_68' title='bbox 794 677 1050 724; x_wconf 84' lang='lat' dir='ltr'>ducerentur,</span> <span class='ocrx_word' id='word_1_69' title='bbox 1089 678 1162 717; x_wconf 89' lang='lat' dir='ltr'>sibi</span> <span class='ocrx_word' id='word_1_70' title='bbox 1187 679 1454 731; x_wconf 84' lang='lat' dir='ltr'>quaerendum</span> <span class='ocrx_word' id='word_1_71' title='bbox 1477 686 1543 719; x_wconf 84' lang='lat' dir='ltr'>aut</span> <span class='ocrx_word' id='word_1_72' title='bbox 1561 681 1669 733; x_wconf 84' lang='lat' dir='ltr'>cogi-</span> 
     </span>
     <span class='ocr_line' id='line_1_12' title="bbox 182 744 1718 800; baseline 0.003 -15"><span class='ocrx_word' id='word_1_73' title='bbox 182 746 339 785; x_wconf 89' lang='lat' dir='ltr'>tandum</span> <span class='ocrx_word' id='word_1_74' title='bbox 363 752 558 799; x_wconf 84' lang='lat' dir='ltr'>putarent.</span> <span class='ocrx_word' id='word_1_75' title='bbox 592 744 839 784; x_wconf 85' lang='lat' dir='ltr'>Ariouistum</span> <span class='ocrx_word' id='word_1_76' title='bbox 854 759 897 785; x_wconf 91' lang='lat' dir='ltr'>se</span> <span class='ocrx_word' id='word_1_77' title='bbox 910 745 1071 785; x_wconf 88' lang='lat' dir='ltr'>consule</span> <span class='ocrx_word' id='word_1_78' title='bbox 1090 746 1342 799; x_wconf 82' lang='lat' dir='ltr'>cupidissime</span> <span class='ocrx_word' id='word_1_79' title='bbox 1356 747 1484 800; x_wconf 90' lang='lat' dir='ltr'>populi</span> <span class='ocrx_word' id='word_1_80' title='bbox 1499 746 1670 788; x_wconf 81' lang='lat' dir='ltr'>Romani</span> <span class='ocrx_word' id='word_1_81' title='bbox 1691 748 1718 789; x_wconf 77' lang='grc'>2</span> 
     </span>
     <span class='ocr_line' id='line_1_13' title="bbox 179 812 1671 867; baseline 0.002 -15"><span class='ocrx_word' id='word_1_82' title='bbox 179 812 389 853; x_wconf 77' lang='lat' dir='ltr'>amicitiam</span> <span class='ocrx_word' id='word_1_83' title='bbox 412 813 633 866; x_wconf 88' lang='lat' dir='ltr'>appetisse:</span> <span class='ocrx_word' id='word_1_84' title='bbox 660 825 731 850; x_wconf 89' lang='lat' dir='ltr'>cur</span> <span class='ocrx_word' id='word_1_85' title='bbox 754 812 854 852; x_wconf 87' lang='lat' dir='ltr'>bunc</span> <span class='ocrx_word' id='word_1_86' title='bbox 878 820 954 852; x_wconf 85' lang='lat' dir='ltr'>tam</span> <span class='ocrx_word' id='word_1_87' title='bbox 981 820 1128 853; x_wconf 90' lang='lat' dir='ltr'>temere</span> <span class='ocrx_word' id='word_1_88' title='bbox 1151 814 1354 867; x_wconf 86' lang='lat' dir='ltr'>quisquam</span> <span class='ocrx_word' id='word_1_89' title='bbox 1379 815 1425 854; x_wconf 91' lang='lat' dir='ltr'>ab</span> <span class='ocrx_word' id='word_1_90' title='bbox 1445 815 1570 855; x_wconf 78' lang='lat' dir='ltr'>officio</span> <span class='ocrx_word' id='word_1_91' title='bbox 1592 815 1671 856; x_wconf 87' lang='lat' dir='ltr'>dis-</span> 
     </span>
     <span class='ocr_line' id='line_1_14' title="bbox 185 877 1716 936; baseline 0.002 -16"><span class='ocrx_word' id='word_1_92' title='bbox 185 895 386 921; x_wconf 88' lang='lat' dir='ltr'>cessurum</span> <span class='ocrx_word' id='word_1_93' title='bbox 418 880 640 920; x_wconf 84' lang='lat' dir='ltr'>iudicaret?</span> <span class='ocrx_word' id='word_1_94' title='bbox 691 877 775 919; x_wconf 87' lang='lat' dir='ltr'>Sibi</span> <span class='ocrx_word' id='word_1_95' title='bbox 807 880 959 932; x_wconf 89' lang='lat' dir='ltr'>quidem</span> <span class='ocrx_word' id='word_1_96' title='bbox 984 882 1214 933; x_wconf 83' lang='lat' dir='ltr'>persuaderi</span> <span class='ocrx_word' id='word_1_97' title='bbox 1237 883 1405 935; x_wconf 85' lang='lat' dir='ltr'>cognitis</span> <span class='ocrx_word' id='word_1_98' title='bbox 1429 883 1511 923; x_wconf 88' lang='lat' dir='ltr'>suis</span> <span class='ocrx_word' id='word_1_99' title='bbox 1534 889 1670 936; x_wconf 83' lang='lat' dir='ltr'>postu-</span> <span class='ocrx_word' id='word_1_100' title='bbox 1692 883 1716 924; x_wconf 88' lang='lat'><strong>3</strong></span> 
     </span>
     <span class='ocr_line' id='line_1_15' title="bbox 182 947 1673 1005; baseline 0.003 -17"><span class='ocrx_word' id='word_1_101' title='bbox 182 948 271 989; x_wconf 90' lang='lat' dir='ltr'>latis</span> <span class='ocrx_word' id='word_1_102' title='bbox 294 955 410 1000; x_wconf 88' lang='lat' dir='ltr'>atque</span> <span class='ocrx_word' id='word_1_103' title='bbox 432 947 631 1000; x_wconf 86' lang='lat' dir='ltr'>aequitate</span> <span class='ocrx_word' id='word_1_104' title='bbox 654 947 928 987; x_wconf 89' lang='lat' dir='ltr'>condicionum</span> <span class='ocrx_word' id='word_1_105' title='bbox 952 956 1159 1001; x_wconf 86' lang='lat' dir='ltr'>perspecta</span> <span class='ocrx_word' id='word_1_106' title='bbox 1173 963 1258 989; x_wconf 89' lang='lat' dir='ltr'>eum</span> <span class='ocrx_word' id='word_1_107' title='bbox 1274 964 1401 1003; x_wconf 85' lang='lat' dir='ltr'>neque</span> <span class='ocrx_word' id='word_1_108' title='bbox 1422 965 1531 991; x_wconf 89' lang='lat' dir='ltr'>suam</span> <span class='ocrx_word' id='word_1_109' title='bbox 1546 965 1673 1005; x_wconf 90' lang='lat' dir='ltr'>neque</span> 
     </span>
     <span class='ocr_line' id='line_1_16' title="bbox 184 1013 1721 1072; baseline 0.004 -18"><span class='ocrx_word' id='word_1_110' title='bbox 184 1016 313 1070; x_wconf 88' lang='lat' dir='ltr'>populi</span> <span class='ocrx_word' id='word_1_111' title='bbox 335 1015 505 1055; x_wconf 86' lang='lat' dir='ltr'>Romani</span> <span class='ocrx_word' id='word_1_112' title='bbox 529 1015 693 1069; x_wconf 83' lang='lat' dir='ltr'>gratiam</span> <span class='ocrx_word' id='word_1_113' title='bbox 718 1016 1030 1068; x_wconf 84' lang='lat' dir='ltr'>repudiaturum.</span> <span class='ocrx_word' id='word_1_114' title='bbox 1066 1013 1180 1068; x_wconf 80' lang='lat' dir='ltr'>Quod</span> <span class='ocrx_word' id='word_1_115' title='bbox 1204 1018 1237 1057; x_wconf 88' lang='lat' dir='ltr'>si</span> <span class='ocrx_word' id='word_1_116' title='bbox 1262 1019 1392 1059; x_wconf 86' lang='lat' dir='ltr'>furore</span> <span class='ocrx_word' id='word_1_117' title='bbox 1410 1025 1525 1072; x_wconf 86' lang='lat' dir='ltr'>atque</span> <span class='ocrx_word' id='word_1_118' title='bbox 1540 1033 1673 1060; x_wconf 90' lang='lat' dir='ltr'>amen·</span> <span class='ocrx_word' id='word_1_119' title='bbox 1694 1020 1721 1059; x_wconf 82' lang='lat'>4</span> 
     </span>
     <span class='ocr_line' id='line_1_17' title="bbox 184 1082 1673 1136; baseline 0.003 -13"><span class='ocrx_word' id='word_1_120' title='bbox 184 1083 238 1123; x_wconf 84' lang='lat' dir='ltr'>tia</span> <span class='ocrx_word' id='word_1_121' title='bbox 259 1083 437 1136; x_wconf 91' lang='lat' dir='ltr'>inpulsus</span> <span class='ocrx_word' id='word_1_122' title='bbox 460 1082 603 1123; x_wconf 88' lang='lat' dir='ltr'>bellum</span> <span class='ocrx_word' id='word_1_123' title='bbox 626 1082 840 1131; x_wconf 86' lang='lat' dir='ltr'>intulisset,</span> <span class='ocrx_word' id='word_1_124' title='bbox 867 1083 959 1136; x_wconf 85' lang='lat' dir='ltr'>quid</span> <span class='ocrx_word' id='word_1_125' title='bbox 981 1085 1136 1125; x_wconf 86' lang='lat' dir='ltr'>tandem</span> <span class='ocrx_word' id='word_1_126' title='bbox 1161 1087 1425 1126; x_wconf 80' lang='lat' dir='ltr'>uererentur?</span> <span class='ocrx_word' id='word_1_127' title='bbox 1447 1093 1515 1126; x_wconf 90' lang='lat' dir='ltr'>aut</span> <span class='ocrx_word' id='word_1_128' title='bbox 1537 1101 1605 1127; x_wconf 89' lang='lat' dir='ltr'>cur</span> <span class='ocrx_word' id='word_1_129' title='bbox 1626 1087 1673 1127; x_wconf 91' lang='lat' dir='ltr'>de</span> 
     </span>
     <span class='ocr_line' id='line_1_18' title="bbox 184 1150 1723 1206; baseline 0.001 -14"><span class='ocrx_word' id='word_1_130' title='bbox 184 1165 258 1192; x_wconf 89' lang='lat' dir='ltr'>sua</span> <span class='ocrx_word' id='word_1_131' title='bbox 280 1152 426 1191; x_wconf 90' lang='lat' dir='ltr'>uirtute</span> <span class='ocrx_word' id='word_1_132' title='bbox 449 1158 516 1191; x_wconf 86' lang='lat' dir='ltr'>aut</span> <span class='ocrx_word' id='word_1_133' title='bbox 537 1152 582 1191; x_wconf 93' lang='lat' dir='ltr'>de</span> <span class='ocrx_word' id='word_1_134' title='bbox 604 1150 727 1205; x_wconf 90' lang='lat' dir='ltr'>ipsius</span> <span class='ocrx_word' id='word_1_135' title='bbox 751 1151 952 1205; x_wconf 83' lang='lat' dir='ltr'>diligentia</span> <span class='ocrx_word' id='word_1_136' title='bbox 972 1152 1255 1206; x_wconf 84' lang='lat' dir='ltr'>desperarent?</span> <span class='ocrx_word' id='word_1_137' title='bbox 1277 1152 1440 1194; x_wconf 86' lang='lat' dir='ltr'>Factum</span> <span class='ocrx_word' id='word_1_138' title='bbox 1455 1154 1676 1194; x_wconf 88' lang='lat' dir='ltr'>eiushostis</span> <span class='ocrx_word' id='word_1_139' title='bbox 1699 1154 1723 1193; x_wconf 85' lang='lat'>5</span> 
     </span>
     <span class='ocr_line' id='line_1_19' title="bbox 187 1219 1677 1273; baseline 0.003 -14"><span class='ocrx_word' id='word_1_140' title='bbox 187 1219 401 1273; x_wconf 89' lang='lat' dir='ltr'>periculum</span> <span class='ocrx_word' id='word_1_141' title='bbox 426 1226 576 1272; x_wconf 88' lang='lat' dir='ltr'>patrum</span> <span class='ocrx_word' id='word_1_142' title='bbox 599 1226 826 1259; x_wconf 85' lang='lat' dir='ltr'>nostrorum</span> <span class='ocrx_word' id='word_1_143' title='bbox 850 1220 1063 1270; x_wconf 86' lang='lat' dir='ltr'>memoria,</span> <span class='ocrx_word' id='word_1_144' title='bbox 1098 1236 1182 1260; x_wconf 88' lang='lat' dir='ltr'>cum</span> <span class='ocrx_word' id='word_1_145' title='bbox 1217 1219 1389 1262; x_wconf 88' lang='lat' dir='ltr'>Cimbris</span> <span class='ocrx_word' id='word_1_146' title='bbox 1418 1229 1458 1262; x_wconf 87' lang='lat' dir='ltr'>et</span> <span class='ocrx_word' id='word_1_147' title='bbox 1479 1222 1677 1263; x_wconf 90' lang='lat' dir='ltr'>Teutonis</span> 
     </span>
    </p>

    <p class='ocr_par' dir='ltr' id='par_1_6' title="bbox 192 1284 1731 1887">
     <span class='ocr_line' id='line_1_20' title="bbox 192 1284 1681 1345; baseline 0.004 -19"><span class='ocrx_word' id='word_1_148' title='bbox 192 1301 211 1326; x_wconf 86' lang='lat' dir='ltr'>a</span> <span class='ocrx_word' id='word_1_149' title='bbox 236 1284 336 1327; x_wconf 86' lang='lat' dir='ltr'>Gaio</span> <span class='ocrx_word' id='word_1_150' title='bbox 349 1285 481 1327; x_wconf 90' lang='lat' dir='ltr'>Mario</span> <span class='ocrx_word' id='word_1_151' title='bbox 503 1287 626 1340; x_wconf 88' lang='lat' dir='ltr'>pulsis</span> <span class='ocrx_word' id='word_1_152' title='bbox 649 1301 728 1326; x_wconf 91' lang='lat' dir='ltr'>non</span> <span class='ocrx_word' id='word_1_153' title='bbox 752 1288 942 1328; x_wconf 88' lang='lat' dir='ltr'>minorem</span> <span class='ocrx_word' id='word_1_154' title='bbox 965 1288 1116 1328; x_wconf 86' lang='lat' dir='ltr'>laudem</span> <span class='ocrx_word' id='word_1_155' title='bbox 1141 1290 1345 1330; x_wconf 83' lang='lat' dir='ltr'>exercitus</span> <span class='ocrx_word' id='word_1_156' title='bbox 1368 1305 1481 1344; x_wconf 88' lang='lat' dir='ltr'>quam</span> <span class='ocrx_word' id='word_1_157' title='bbox 1504 1291 1589 1345; x_wconf 89' lang='lat' dir='ltr'>ipse</span> <span class='ocrx_word' id='word_1_158' title='bbox 1611 1292 1681 1331; x_wconf 89' lang='lat' dir='ltr'>im—</span> 
     </span>
     <span class='ocr_line' id='line_1_21' title="bbox 193 1354 1682 1410; baseline 0.005 -17"><span class='ocrx_word' id='word_1_159' title='bbox 193 1361 354 1407; x_wconf 86' lang='lat' dir='ltr'>perator</span> <span class='ocrx_word' id='word_1_160' title='bbox 375 1354 538 1394; x_wconf 89' lang='lat' dir='ltr'>meritus</span> <span class='ocrx_word' id='word_1_161' title='bbox 554 1354 784 1403; x_wconf 71' lang='lat' dir='ltr'>uidebatur,</span> <span class='ocrx_word' id='word_1_162' title='bbox 811 1356 953 1395; x_wconf 86' lang='lat' dir='ltr'>factum</span> <span class='ocrx_word' id='word_1_163' title='bbox 976 1357 1092 1396; x_wconf 87' lang='lat' dir='ltr'>etiam</span> <span class='ocrx_word' id='word_1_164' title='bbox 1117 1371 1243 1410; x_wconf 89' lang='lat' dir='ltr'>nuper</span> <span class='ocrx_word' id='word_1_165' title='bbox 1264 1358 1305 1398; x_wconf 89' lang='lat' dir='ltr'>in</span> <span class='ocrx_word' id='word_1_166' title='bbox 1326 1357 1440 1399; x_wconf 88' lang='lat' dir='ltr'>ltalia</span> <span class='ocrx_word' id='word_1_167' title='bbox 1462 1359 1599 1399; x_wconf 90' lang='lat' dir='ltr'>seruili</span> <span class='ocrx_word' id='word_1_168' title='bbox 1621 1367 1682 1400; x_wconf 91' lang='lat' dir='ltr'>tu-</span> 
     </span>
     <span class='ocr_line' id='line_1_22' title="bbox 193 1421 1680 1478; baseline 0.005 -18"><span class='ocrx_word' id='word_1_169' title='bbox 193 1421 340 1471; x_wconf 83' lang='lat' dir='ltr'>multu,</span> <span class='ocrx_word' id='word_1_170' title='bbox 376 1436 472 1476; x_wconf 87' lang='lat' dir='ltr'>quos</span> <span class='ocrx_word' id='word_1_171' title='bbox 494 1428 625 1462; x_wconf 88' lang='lat' dir='ltr'>tamen</span> <span class='ocrx_word' id='word_1_172' title='bbox 647 1422 789 1474; x_wconf 78' lang='lat' dir='ltr'>aliquid</span> <span class='ocrx_word' id='word_1_173' title='bbox 821 1437 914 1463; x_wconf 88' lang='lat' dir='ltr'>usus</span> <span class='ocrx_word' id='word_1_174' title='bbox 936 1438 981 1463; x_wconf 89' lang='lat' dir='ltr'>ac</span> <span class='ocrx_word' id='word_1_175' title='bbox 1004 1424 1233 1478; x_wconf 80' lang='lat' dir='ltr'>disciplina,</span> <span class='ocrx_word' id='word_1_176' title='bbox 1266 1440 1366 1478; x_wconf 77' lang='lat' dir='ltr'>quae</span> <span class='ocrx_word' id='word_1_177' title='bbox 1388 1440 1409 1466; x_wconf 88' lang='lat' dir='ltr'>a</span> <span class='ocrx_word' id='word_1_178' title='bbox 1432 1427 1544 1466; x_wconf 85' lang='lat' dir='ltr'>nobis</span> <span class='ocrx_word' id='word_1_179' title='bbox 1567 1441 1680 1468; x_wconf 88' lang='lat' dir='ltr'>acce-</span> 
     </span>
     <span class='ocr_line' id='line_1_23' title="bbox 194 1488 1731 1547; baseline 0.006 -20"><span class='ocrx_word' id='word_1_180' title='bbox 194 1489 358 1541; x_wconf 87' lang='lat' dir='ltr'>pissent,</span> <span class='ocrx_word' id='word_1_181' title='bbox 383 1489 654 1530; x_wconf 87' lang='lat' dir='ltr'>subleuarcnt.</span> <span class='ocrx_word' id='word_1_182' title='bbox 697 1488 765 1530; x_wconf 80' lang='lat' dir='ltr'>Ex</span> <span class='ocrx_word' id='word_1_183' title='bbox 788 1505 863 1543; x_wconf 84' lang='lat' dir='ltr'>quo</span> <span class='ocrx_word' id='word_1_184' title='bbox 884 1491 1053 1531; x_wconf 88' lang='lat' dir='ltr'>iudicari</span> <span class='ocrx_word' id='word_1_185' title='bbox 1075 1506 1215 1545; x_wconf 90' lang='lat' dir='ltr'>posse,</span> <span class='ocrx_word' id='word_1_186' title='bbox 1251 1501 1437 1547; x_wconf 89' lang='lat' dir='ltr'>quantum</span> <span class='ocrx_word' id='word_1_187' title='bbox 1459 1495 1622 1535; x_wconf 87' lang='lat' dir='ltr'>haberet</span> <span class='ocrx_word' id='word_1_188' title='bbox 1642 1495 1681 1536; x_wconf 92' lang='lat' dir='ltr'>in</span> <span class='ocrx_word' id='word_1_189' title='bbox 1704 1495 1731 1536; x_wconf 84' lang='grc'><strong>6</strong></span> 
     </span>
     <span class='ocr_line' id='line_1_24' title="bbox 192 1556 1683 1614; baseline 0.006 -19"><span class='ocrx_word' id='word_1_190' title='bbox 192 1569 235 1596; x_wconf 92' lang='grc'>56</span> <span class='ocrx_word' id='word_1_191' title='bbox 255 1556 347 1596; x_wconf 91' lang='lat' dir='ltr'>boni</span> <span class='ocrx_word' id='word_1_192' title='bbox 370 1557 610 1607; x_wconf 83' lang='lat' dir='ltr'>constantia,</span> <span class='ocrx_word' id='word_1_193' title='bbox 636 1565 845 1611; x_wconf 87' lang='lat' dir='ltr'>propterea</span> <span class='ocrx_word' id='word_1_194' title='bbox 867 1560 985 1612; x_wconf 87' lang='lat' dir='ltr'>quod,</span> <span class='ocrx_word' id='word_1_195' title='bbox 1017 1574 1112 1613; x_wconf 88' lang='lat' dir='ltr'>quos</span> <span class='ocrx_word' id='word_1_196' title='bbox 1135 1561 1376 1614; x_wconf 83' lang='lat' dir='ltr'>aliquamdiu</span> <span class='ocrx_word' id='word_1_197' title='bbox 1398 1563 1573 1603; x_wconf 91' lang='lat' dir='ltr'>inermos</span> <span class='ocrx_word' id='word_1_198' title='bbox 1596 1563 1683 1604; x_wconf 89' lang='lat' dir='ltr'>sine</span> 
     </span>
     <span class='ocr_line' id='line_1_25' title="bbox 192 1623 1679 1683; baseline 0.006 -21"><span class='ocrx_word' id='word_1_199' title='bbox 192 1636 311 1663; x_wconf 88' lang='lat' dir='ltr'>causa</span> <span class='ocrx_word' id='word_1_200' title='bbox 344 1623 591 1673; x_wconf 82' lang='lat' dir='ltr'>timuissent,</span> <span class='ocrx_word' id='word_1_201' title='bbox 634 1626 704 1665; x_wconf 88' lang='lat' dir='ltr'>hos</span> <span class='ocrx_word' id='word_1_202' title='bbox 745 1633 883 1679; x_wconf 87' lang='lat' dir='ltr'>postea</span> <span class='ocrx_word' id='word_1_203' title='bbox 916 1635 1090 1667; x_wconf 86' lang='lat' dir='ltr'>armatos</span> <span class='ocrx_word' id='word_1_204' title='bbox 1122 1642 1168 1668; x_wconf 84' lang='lat' dir='ltr'>ac</span> <span class='ocrx_word' id='word_1_205' title='bbox 1202 1629 1373 1669; x_wconf 90' lang='lat' dir='ltr'>uictores</span> <span class='ocrx_word' id='word_1_206' title='bbox 1406 1638 1679 1683; x_wconf 88' lang='lat' dir='ltr'>superassent.</span> 
     </span>
     <span class='ocr_line' id='line_1_26' title="bbox 192 1689 1730 1754; baseline 0.007 -24"><span class='ocrx_word' id='word_1_207' title='bbox 192 1689 375 1744; x_wconf 88' lang='lat' dir='ltr'>Denique</span> <span class='ocrx_word' id='word_1_208' title='bbox 405 1691 475 1732; x_wconf 89' lang='lat' dir='ltr'>hos</span> <span class='ocrx_word' id='word_1_209' title='bbox 506 1706 595 1732; x_wconf 90' lang='lat' dir='ltr'>esse</span> <span class='ocrx_word' id='word_1_210' title='bbox 618 1694 791 1742; x_wconf 87' lang='lat' dir='ltr'>eosdem,</span> <span class='ocrx_word' id='word_1_211' title='bbox 828 1694 1055 1747; x_wconf 87' lang='lat' dir='ltr'>quibuscum</span> <span class='ocrx_word' id='word_1_212' title='bbox 1081 1709 1368 1749; x_wconf 87' lang='lat' dir='ltr'>saepenumero</span> <span class='ocrx_word' id='word_1_213' title='bbox 1391 1696 1567 1754; x_wconf 71' lang='grc'><strong>1161116111</strong></span> <span class='ocrx_word' id='word_1_214' title='bbox 1590 1713 1683 1739; x_wconf 90' lang='lat' dir='ltr'>con·</span> <span class='ocrx_word' id='word_1_215' title='bbox 1704 1699 1730 1740; x_wconf 91' lang='lat'>7</span> 
     </span>
     <span class='ocr_line' id='line_1_27' title="bbox 194 1759 1684 1820; baseline 0.005 -22"><span class='ocrx_word' id='word_1_216' title='bbox 194 1759 322 1812; x_wconf 85' lang='lat' dir='ltr'>gressi</span> <span class='ocrx_word' id='word_1_217' title='bbox 344 1773 423 1799; x_wconf 88' lang='lat' dir='ltr'>non</span> <span class='ocrx_word' id='word_1_218' title='bbox 445 1760 570 1800; x_wconf 89' lang='lat' dir='ltr'>solum</span> <span class='ocrx_word' id='word_1_219' title='bbox 593 1760 632 1800; x_wconf 90' lang='lat' dir='ltr'>in</span> <span class='ocrx_word' id='word_1_220' title='bbox 655 1761 737 1801; x_wconf 91' lang='lat' dir='ltr'>suis</span> <span class='ocrx_word' id='word_1_221' title='bbox 753 1792 763 1811; x_wconf 95' lang='lat'>,</span> <span class='ocrx_word' id='word_1_222' title='bbox 798 1762 865 1801; x_wconf 92' lang='lat' dir='ltr'>sed</span> <span class='ocrx_word' id='word_1_223' title='bbox 898 1762 1015 1803; x_wconf 88' lang='lat' dir='ltr'>etiam</span> <span class='ocrx_word' id='word_1_224' title='bbox 1046 1763 1088 1802; x_wconf 90' lang='grc'>111</span> <span class='ocrx_word' id='word_1_225' title='bbox 1113 1763 1271 1804; x_wconf 85' lang='lat' dir='ltr'>illorum</span> <span class='ocrx_word' id='word_1_226' title='bbox 1295 1764 1435 1805; x_wconf 85' lang='lat' dir='ltr'>linibus</span> <span class='ocrx_word' id='word_1_227' title='bbox 1458 1765 1684 1820; x_wconf 88' lang='lat' dir='ltr'>plerumque</span> 
     </span>
     <span class='ocr_line' id='line_1_28' title="bbox 194 1827 1683 1887; baseline 0.005 -21"><span class='ocrx_word' id='word_1_228' title='bbox 194 1827 446 1881; x_wconf 84' lang='lat' dir='ltr'>superarint,</span> <span class='ocrx_word' id='word_1_229' title='bbox 482 1829 547 1881; x_wconf 86' lang='lat' dir='ltr'>qui</span> <span class='ocrx_word' id='word_1_230' title='bbox 579 1835 710 1870; x_wconf 90' lang='lat' dir='ltr'>tamen</span> <span class='ocrx_word' id='word_1_231' title='bbox 739 1842 854 1882; x_wconf 86' lang='lat' dir='ltr'>pares</span> <span class='ocrx_word' id='word_1_232' title='bbox 877 1843 966 1871; x_wconf 89' lang='lat' dir='ltr'>esse</span> <span class='ocrx_word' id='word_1_233' title='bbox 988 1838 1125 1871; x_wconf 83' lang='lat' dir='ltr'>nostro</span> <span class='ocrx_word' id='word_1_234' title='bbox 1149 1833 1345 1872; x_wconf 75' lang='lat' dir='ltr'>exercitui</span> <span class='ocrx_word' id='word_1_235' title='bbox 1369 1847 1447 1873; x_wconf 87' lang='lat' dir='ltr'>non</span> <span class='ocrx_word' id='word_1_236' title='bbox 1469 1834 1683 1887; x_wconf 89' lang='lat' dir='ltr'>potuerint.</span> 
     </span>
    </p>
   </div>
   <div class='ocr_carea' id='block_1_6' title="bbox 197 1970 1694 2637">
    <p class='ocr_par' dir='ltr' id='par_1_7' title="bbox 197 1970 1694 2637">
     <span class='ocr_line' id='line_1_29' title="bbox 197 1970 1686 2019; baseline 0.006 -19"><span class='ocrx_word' id='word_1_237' title='bbox 197 1970 287 2001; x_wconf 86' lang='lat' dir='ltr'>inter</span> <span class='ocrx_word' id='word_1_238' title='bbox 305 1980 363 2002; x_wconf 88' lang='lat' dir='ltr'>eos</span> <span class='ocrx_word' id='word_1_239' title='bbox 382 1976 482 2013; x_wconf 87' lang='lat' dir='ltr'>atque</span> <span class='ocrx_word' id='word_1_240' title='bbox 497 1972 708 2005; x_wconf 87' lang='lat' dir='ltr'>Ariouistum</span> <span class='ocrx_word' id='word_1_241' title='bbox 727 1973 985 2006; x_wconf 81' lang='lat' dir='ltr'>intercederent</span> <span class='ocrx_word' id='word_1_242' title='bbox 1004 1975 1036 2016; x_wconf 87' lang='lat' dir='ltr'><em>s</em></span> <span class='ocrx_word' id='word_1_243' title='bbox 1057 1975 1129 2016; x_wconf 67' lang='lat' dir='ltr'>(liic</span> <span class='ocrx_word' id='word_1_244' title='bbox 1147 1975 1387 2018; x_wconf 81' lang='lat' dir='ltr'>intenderent)</span> <span class='ocrx_word' id='word_1_245' title='bbox 1404 1977 1519 2009; x_wconf 72' lang='lat' dir='ltr'>Aldus</span> <span class='ocrx_word' id='word_1_246' title='bbox 1537 1981 1572 2009; x_wconf 77' lang='lat' dir='ltr'>et</span> <span class='ocrx_word' id='word_1_247' title='bbox 1588 1989 1686 2019; x_wconf 83' lang='lat' dir='ltr'>seqq.</span> 
     </span>
     <span class='ocr_line' id='line_1_30' title="bbox 200 2021 1689 2062; baseline 0.007 -10"><span class='ocrx_word' id='word_1_248' title='bbox 200 2031 310 2062; x_wconf 78' lang='lat' dir='ltr'>usquc</span> <span class='ocrx_word' id='word_1_249' title='bbox 327 2021 375 2053; x_wconf 83' lang='lat' dir='ltr'>acl</span> <span class='ocrx_word' id='word_1_250' title='bbox 390 2033 424 2053; x_wconf 79' lang='lat' dir='ltr'>u.</span> <span class='ocrx_word' id='word_1_251' title='bbox 452 2023 532 2055; x_wconf 80' lang='lat' dir='ltr'>JnB</span> <span class='ocrx_word' id='word_1_252' title='bbox 550 2034 596 2055; x_wconf 64' lang='grc' dir='ltr'>φη.</span> <span class='ocrx_word' id='word_1_253' title='bbox 610 2035 679 2056; x_wconf 76' lang='lat' dir='ltr'>sec.</span> <span class='ocrx_word' id='word_1_254' title='bbox 695 2025 804 2055; x_wconf 76' lang='lat' dir='ltr'>uerba</span> <span class='ocrx_word' id='word_1_255' title='bbox 824 2025 1189 2058; x_wconf 84' lang='lat' dir='ltr'>inter—Ariouistum</span> <span class='ocrx_word' id='word_1_256' title='bbox 1209 2028 1363 2059; x_wconf 73' lang='lat' dir='ltr'>inclusit</span> <span class='ocrx_word' id='word_1_257' title='bbox 1378 2032 1416 2060; x_wconf 80' lang='lat' dir='ltr'>ct</span> <span class='ocrx_word' id='word_1_258' title='bbox 1433 2029 1689 2062; x_wconf 79' lang='lat' dir='ltr'>intercederent</span> 
     </span>
     <span class='ocr_line' id='line_1_31' title="bbox 199 2073 1687 2119; baseline 0.006 -15"><span class='ocrx_word' id='word_1_259' title='bbox 199 2073 289 2105; x_wconf 87' lang='lat' dir='ltr'>inter</span> <span class='ocrx_word' id='word_1_260' title='bbox 307 2084 365 2105; x_wconf 83' lang='lat' dir='ltr'>eos</span> <span class='ocrx_word' id='word_1_261' title='bbox 384 2079 485 2115; x_wconf 85' lang='lat' dir='ltr'>atque</span> <span class='ocrx_word' id='word_1_262' title='bbox 504 2075 714 2107; x_wconf 90' lang='lat' dir='ltr'>Ariouistum</span> <span class='ocrx_word' id='word_1_263' title='bbox 732 2079 1007 2119; x_wconf 72' lang='lat' dir='ltr'>suprascripsit,</span> <span class='ocrx_word' id='word_1_264' title='bbox 1027 2078 1090 2109; x_wconf 78' lang='lat' dir='ltr'>scd</span> <span class='ocrx_word' id='word_1_265' title='bbox 1107 2079 1270 2111; x_wconf 83' lang='lat' dir='ltr'>cederent</span> <span class='ocrx_word' id='word_1_266' title='bbox 1288 2080 1380 2112; x_wconf 91' lang='lat' dir='ltr'>inter</span> <span class='ocrx_word' id='word_1_267' title='bbox 1396 2090 1522 2112; x_wconf 76' lang='lat' dir='ltr'>rursus</span> <span class='ocrx_word' id='word_1_268' title='bbox 1541 2081 1687 2113; x_wconf 67' lang='lat' dir='ltr'>deleuit.</span> 
     </span>
     <span class='ocr_line' id='line_1_32' title="bbox 341 2127 1690 2175; baseline 0.006 -18"><span class='ocrx_word' id='word_1_269' title='bbox 341 2127 360 2157; x_wconf 75' lang='lat'>‘2</span> <span class='ocrx_word' id='word_1_270' title='bbox 382 2127 581 2159; x_wconf 80' lang='lat' dir='ltr'>nuntiarant</span> <span class='ocrx_word' id='word_1_271' title='bbox 599 2129 671 2160; x_wconf 69' lang='lat' dir='ltr'>AD</span> <span class='ocrx_word' id='word_1_272' title='bbox 692 2131 729 2159; x_wconf 72' lang='lat' dir='ltr'>et</span> <span class='ocrx_word' id='word_1_273' title='bbox 743 2139 788 2160; x_wconf 80' lang='lat' dir='ltr'>m.</span> <span class='ocrx_word' id='word_1_274' title='bbox 803 2139 862 2170; x_wconf 72' lang='lat' dir='ltr'>pr.</span> <span class='ocrx_word' id='word_1_275' title='bbox 883 2130 926 2167; x_wconf 82' lang='grc' dir='ltr'>Β,</span> <span class='ocrx_word' id='word_1_276' title='bbox 955 2132 991 2161; x_wconf 77' lang='lat' dir='ltr'>in</span> <span class='ocrx_word' id='word_1_277' title='bbox 1011 2141 1079 2172; x_wconf 81' lang='lat' dir='ltr'>quo</span> <span class='ocrx_word' id='word_1_278' title='bbox 1098 2141 1167 2162; x_wconf 76' lang='grc'><strong>566.</strong></span> <span class='ocrx_word' id='word_1_279' title='bbox 1188 2142 1235 2163; x_wconf 80' lang='lat' dir='ltr'>m.</span> <span class='ocrx_word' id='word_1_280' title='bbox 1258 2134 1365 2164; x_wconf 77' lang='lat' dir='ltr'>initio</span> <span class='ocrx_word' id='word_1_281' title='bbox 1393 2143 1429 2165; x_wconf 93' lang='lat' dir='ltr'>re</span> <span class='ocrx_word' id='word_1_282' title='bbox 1458 2137 1496 2165; x_wconf 78' lang='lat' dir='ltr'>et</span> <span class='ocrx_word' id='word_1_283' title='bbox 1511 2133 1530 2164; x_wconf 90' lang='lat' dir='ltr'>b</span> <span class='ocrx_word' id='word_1_284' title='bbox 1548 2144 1656 2175; x_wconf 75' lang='lat' dir='ltr'>super</span> <span class='ocrx_word' id='word_1_285' title='bbox 1674 2144 1690 2165; x_wconf 91' lang='lat' dir='ltr'>r</span> 
     </span>
     <span class='ocr_line' id='line_1_33' title="bbox 198 2180 1693 2228; baseline 0.007 -20"><span class='ocrx_word' id='word_1_286' title='bbox 198 2186 384 2219; x_wconf 72' lang='lat' dir='ltr'>suprasc.‚·</span> <span class='ocrx_word' id='word_1_287' title='bbox 405 2180 651 2211; x_wconf 85' lang='lat' dir='ltr'>renuntiabant</span> <span class='ocrx_word' id='word_1_288' title='bbox 670 2191 735 2211; x_wconf 74' lang='lat' dir='ltr'>eu·</span> <span class='ocrx_word' id='word_1_289' title='bbox 886 2181 905 2212; x_wconf 83' lang='lat'>3</span> <span class='ocrx_word' id='word_1_290' title='bbox 927 2180 1016 2213; x_wconf 79' lang='lat' dir='ltr'>l&#39;erre</span> <span class='ocrx_word' id='word_1_291' title='bbox 1039 2183 1123 2214; x_wconf 80' lang='lat' dir='ltr'>CD.</span> <span class='ocrx_word' id='word_1_292' title='bbox 1291 2185 1309 2216; x_wconf 89' lang='lat'><strong>5</strong></span> <span class='ocrx_word' id='word_1_293' title='bbox 1329 2185 1473 2216; x_wconf 89' lang='lat' dir='ltr'>concilio</span> <span class='ocrx_word' id='word_1_294' title='bbox 1495 2185 1635 2228; x_wconf 67' lang='lat' dir='ltr'>‘alz&#39;i’fi</span> <span class='ocrx_word' id='word_1_295' title='bbox 1657 2190 1693 2217; x_wconf 78' lang='lat' dir='ltr'>et</span> 
     </span>
     <span class='ocr_line' id='line_1_34' title="bbox 199 2229 1689 2274; baseline 0.007 -14"><span class='ocrx_word' id='word_1_296' title='bbox 199 2231 236 2260; x_wconf 80' lang='lat' dir='ltr'>in</span> <span class='ocrx_word' id='word_1_297' title='bbox 255 2229 284 2261; x_wconf 87' lang='lat' dir='ltr'><em>B</em></span> <span class='ocrx_word' id='word_1_298' title='bbox 301 2240 369 2261; x_wconf 81' lang='lat' dir='ltr'>sce.</span> <span class='ocrx_word' id='word_1_299' title='bbox 389 2240 436 2261; x_wconf 81' lang='lat' dir='ltr'>m.</span> <span class='ocrx_word' id='word_1_300' title='bbox 458 2241 474 2261; x_wconf 91' lang='lat' dir='ltr'>c</span> <span class='ocrx_word' id='word_1_301' title='bbox 492 2241 601 2272; x_wconf 78' lang='lat' dir='ltr'>snper·</span> <span class='ocrx_word' id='word_1_302' title='bbox 619 2242 633 2263; x_wconf 93' lang='grc'><strong>5</strong></span> <span class='ocrx_word' id='word_1_303' title='bbox 647 2234 787 2274; x_wconf 74' lang='lat' dir='ltr'>posuit.</span> <span class='ocrx_word' id='word_1_304' title='bbox 915 2233 1061 2264; x_wconf 91' lang='lat' dir='ltr'>omnium</span> <span class='ocrx_word' id='word_1_305' title='bbox 1081 2234 1155 2264; x_wconf 90' lang='lat' dir='ltr'>ord.</span> <span class='ocrx_word' id='word_1_306' title='bbox 1176 2235 1220 2266; x_wconf 81' lang='lat' dir='ltr'>A.</span> <span class='ocrx_word' id='word_1_307' title='bbox 1341 2236 1522 2268; x_wconf 91' lang='lat' dir='ltr'>concilium</span> <span class='ocrx_word' id='word_1_308' title='bbox 1542 2237 1635 2269; x_wconf 75' lang='lat' dir='ltr'>‘alii&#39;</span> <span class='ocrx_word' id='word_1_309' title='bbox 1647 2238 1689 2269; x_wconf 86' lang='lat' dir='ltr'>E.</span> 
     </span>
     <span class='ocr_line' id='line_1_35' title="bbox 343 2280 1694 2327; baseline 0.007 -16"><span class='ocrx_word' id='word_1_310' title='bbox 343 2280 361 2312; x_wconf 79' lang='lat'>(3</span> <span class='ocrx_word' id='word_1_311' title='bbox 381 2291 439 2312; x_wconf 90' lang='lat' dir='ltr'>eos</span> <span class='ocrx_word' id='word_1_312' title='bbox 459 2292 527 2313; x_wconf 89' lang='lat' dir='ltr'>om.</span> <span class='ocrx_word' id='word_1_313' title='bbox 549 2284 593 2314; x_wconf 68' lang='lat' dir='ltr'>A.</span> <span class='ocrx_word' id='word_1_314' title='bbox 716 2284 755 2316; x_wconf 83' lang='lat' dir='ltr'>lo</span> <span class='ocrx_word' id='word_1_315' title='bbox 774 2284 963 2316; x_wconf 85' lang='lat' dir='ltr'>iudicasset</span> <span class='ocrx_word' id='word_1_316' title='bbox 981 2285 1150 2326; x_wconf 87' lang='lat' dir='ltr'>siquidem</span> <span class='ocrx_word' id='word_1_317' title='bbox 1170 2287 1379 2327; x_wconf 87' lang='lat' dir='ltr'>persuadere</span> <span class='ocrx_word' id='word_1_318' title='bbox 1398 2289 1442 2321; x_wconf 78' lang='lat' dir='ltr'>A.</span> <span class='ocrx_word' id='word_1_319' title='bbox 1577 2290 1614 2322; x_wconf 90' lang='lat'>11</span> <span class='ocrx_word' id='word_1_320' title='bbox 1637 2299 1694 2321; x_wconf 82' lang='lat' dir='ltr'>ae·</span> 
     </span>
     <span class='ocr_line' id='line_1_36' title="bbox 202 2332 1693 2377; baseline 0.008 -14"><span class='ocrx_word' id='word_1_321' title='bbox 202 2332 330 2374; x_wconf 84' lang='lat' dir='ltr'>quitate</span> <span class='ocrx_word' id='word_1_322' title='bbox 349 2334 585 2366; x_wconf 83' lang='lat' dir='ltr'>condicionum</span> <span class='ocrx_word' id='word_1_323' title='bbox 603 2335 657 2374; x_wconf 87' lang='lat' dir='ltr'>B;</span> <span class='ocrx_word' id='word_1_324' title='bbox 676 2337 850 2377; x_wconf 83' lang='lat' dir='ltr'>aequitate</span> <span class='ocrx_word' id='word_1_325' title='bbox 870 2341 905 2368; x_wconf 88' lang='lat' dir='ltr'>et</span> <span class='ocrx_word' id='word_1_326' title='bbox 922 2338 1117 2370; x_wconf 86' lang='lat' dir='ltr'>conditione</span> <span class='ocrx_word' id='word_1_327' title='bbox 1140 2339 1194 2370; x_wconf 79' lang='lat' dir='ltr'>C?</span> <span class='ocrx_word' id='word_1_328' title='bbox 1212 2339 1230 2370; x_wconf 85' lang='lat' dir='ltr'>b</span> <span class='ocrx_word' id='word_1_329' title='bbox 1250 2350 1267 2370; x_wconf 86' lang='lat' dir='ltr'>c</span> <span class='ocrx_word' id='word_1_330' title='bbox 1286 2340 1320 2376; x_wconf 77' lang='lat' dir='ltr'>d,</span> <span class='ocrx_word' id='word_1_331' title='bbox 1350 2344 1388 2372; x_wconf 76' lang='lat' dir='ltr'>et</span> <span class='ocrx_word' id='word_1_332' title='bbox 1403 2343 1439 2373; x_wconf 76' lang='lat' dir='ltr'>in</span> <span class='ocrx_word' id='word_1_333' title='bbox 1460 2343 1489 2374; x_wconf 92' lang='lat' dir='ltr'><em>B</em></span> <span class='ocrx_word' id='word_1_334' title='bbox 1505 2353 1575 2374; x_wconf 77' lang='lat' dir='ltr'>sec.</span> <span class='ocrx_word' id='word_1_335' title='bbox 1590 2353 1637 2375; x_wconf 86' lang='lat' dir='ltr'>m.</span> <span class='ocrx_word' id='word_1_336' title='bbox 1658 2348 1693 2375; x_wconf 83' lang='lat' dir='ltr'>et</span> 
     </span>
     <span class='ocr_line' id='line_1_37' title="bbox 201 2387 1537 2431; baseline 0.007 -16"><span class='ocrx_word' id='word_1_337' title='bbox 201 2388 284 2416; x_wconf 78' lang='lat' dir='ltr'>ante</span> <span class='ocrx_word' id='word_1_338' title='bbox 314 2387 550 2418; x_wconf 85' lang='lat' dir='ltr'>condicionum</span> <span class='ocrx_word' id='word_1_339' title='bbox 581 2390 616 2418; x_wconf 83' lang='lat' dir='ltr'>et</span> <span class='ocrx_word' id='word_1_340' title='bbox 640 2398 656 2418; x_wconf 91' lang='lat' dir='ltr'>e</span> <span class='ocrx_word' id='word_1_341' title='bbox 683 2398 862 2428; x_wconf 77' lang='lat' dir='ltr'>superum</span> <span class='ocrx_word' id='word_1_342' title='bbox 878 2391 1026 2429; x_wconf 71' lang='lat' dir='ltr'>posuz‘t5</span> <span class='ocrx_word' id='word_1_343' title='bbox 1056 2390 1230 2431; x_wconf 83' lang='lat' dir='ltr'>aequitate</span> <span class='ocrx_word' id='word_1_344' title='bbox 1251 2392 1482 2425; x_wconf 85' lang='lat' dir='ltr'>conditionum</span> <span class='ocrx_word' id='word_1_345' title='bbox 1502 2405 1537 2425; x_wconf 83' lang='lat' dir='ltr'>u.</span> 
     </span>
     <span class='ocr_line' id='line_1_38' title="bbox 207 2435 1690 2488; baseline 0.007 -21"><span class='ocrx_word' id='word_1_346' title='bbox 207 2435 243 2467; x_wconf 83' lang='lat'>13</span> <span class='ocrx_word' id='word_1_347' title='bbox 262 2436 416 2478; x_wconf 90' lang='lat' dir='ltr'>inpulsus</span> <span class='ocrx_word' id='word_1_348' title='bbox 431 2438 472 2478; x_wconf 86' lang='lat' dir='ltr'>B,</span> <span class='ocrx_word' id='word_1_349' title='bbox 492 2438 609 2469; x_wconf 79' lang='lat' dir='ltr'>sed—</span> <span class='ocrx_word' id='word_1_350' title='bbox 623 2438 669 2469; x_wconf 88' lang='lat' dir='ltr'>sis</span> <span class='ocrx_word' id='word_1_351' title='bbox 688 2442 772 2470; x_wconf 74' lang='lat' dir='ltr'>ante</span> <span class='ocrx_word' id='word_1_352' title='bbox 792 2449 884 2470; x_wconf 79' lang='lat' dir='ltr'>corr.</span> <span class='ocrx_word' id='word_1_353' title='bbox 985 2441 1025 2473; x_wconf 83' lang='lat'>14</span> <span class='ocrx_word' id='word_1_354' title='bbox 1043 2441 1133 2473; x_wconf 83' lang='lat' dir='ltr'>hosti</span> <span class='ocrx_word' id='word_1_355' title='bbox 1144 2442 1189 2473; x_wconf 80' lang='lat' dir='ltr'>A.</span> <span class='ocrx_word' id='word_1_356' title='bbox 1290 2443 1330 2475; x_wconf 86' lang='grc'>16</span> <span class='ocrx_word' id='word_1_357' title='bbox 1351 2443 1435 2475; x_wconf 87' lang='lat' dir='ltr'>Gaio</span> <span class='ocrx_word' id='word_1_358' title='bbox 1454 2445 1527 2477; x_wconf 86' lang='lat' dir='ltr'>AB</span> <span class='ocrx_word' id='word_1_359' title='bbox 1540 2446 1690 2488; x_wconf 81' lang='lat' dir='ltr'>CDEf,</span> 
     </span>
     <span class='ocr_line' id='line_1_39' title="bbox 203 2486 1690 2539; baseline 0.007 -22"><span class='ocrx_word' id='word_1_360' title='bbox 203 2486 241 2518; x_wconf 87' lang='lat' dir='ltr'>C.</span> <span class='ocrx_word' id='word_1_361' title='bbox 260 2497 296 2519; x_wconf 87' lang='lat' dir='ltr'>u.</span> <span class='ocrx_word' id='word_1_362' title='bbox 440 2489 479 2521; x_wconf 89' lang='lat'>18</span> <span class='ocrx_word' id='word_1_363' title='bbox 498 2500 579 2521; x_wconf 85' lang='lat' dir='ltr'>usus</span> <span class='ocrx_word' id='word_1_364' title='bbox 599 2490 641 2520; x_wconf 90' lang='lat' dir='ltr'>ad</span> <span class='ocrx_word' id='word_1_365' title='bbox 661 2490 873 2532; x_wconf 83' lang='lat' dir='ltr'>disciplinam</span> <span class='ocrx_word' id='word_1_366' title='bbox 889 2491 920 2522; x_wconf 80' lang='lat' dir='ltr'>b.</span> <span class='ocrx_word' id='word_1_367' title='bbox 1061 2503 1146 2534; x_wconf 86' lang='lat' dir='ltr'>quae</span> <span class='ocrx_word' id='word_1_368' title='bbox 1164 2494 1280 2527; x_wconf 79' lang='grc' dir='ltr'>ΑΒΕ</span> <span class='ocrx_word' id='word_1_369' title='bbox 1293 2498 1331 2527; x_wconf 81' lang='lat' dir='ltr'>et</span> <span class='ocrx_word' id='word_1_370' title='bbox 1345 2505 1461 2538; x_wconf 81' lang='lat' dir='ltr'>m.pr.</span> <span class='ocrx_word' id='word_1_371' title='bbox 1474 2496 1516 2537; x_wconf 84' lang='lat' dir='ltr'>B,</span> <span class='ocrx_word' id='word_1_372' title='bbox 1539 2507 1636 2539; x_wconf 88' lang='lat' dir='ltr'>quam</span> <span class='ocrx_word' id='word_1_373' title='bbox 1656 2508 1690 2528; x_wconf 78' lang='lat' dir='ltr'>u.</span> 
     </span>
     <span class='ocr_line' id='line_1_40' title="bbox 207 2536 1546 2589; baseline 0.009 -22"><span class='ocrx_word' id='word_1_374' title='bbox 207 2536 246 2568; x_wconf 88' lang='lat' dir='ltr'>P.</span> <span class='ocrx_word' id='word_1_375' title='bbox 267 2538 319 2569; x_wconf 80' lang='lat'>56.</span> <span class='ocrx_word' id='word_1_376' title='bbox 446 2539 486 2572; x_wconf 83' lang='lat'>19</span> <span class='ocrx_word' id='word_1_377' title='bbox 506 2541 659 2572; x_wconf 85' lang='lat' dir='ltr'>iudicare</span> <span class='ocrx_word' id='word_1_378' title='bbox 678 2542 723 2572; x_wconf 83' lang='lat' dir='ltr'>D.</span> <span class='ocrx_word' id='word_1_379' title='bbox 852 2551 953 2583; x_wconf 90' lang='lat' dir='ltr'>posse</span> <span class='ocrx_word' id='word_1_380' title='bbox 975 2542 1071 2575; x_wconf 60' lang='lat' dir='ltr'>‘ms-S.</span> <span class='ocrx_word' id='word_1_381' title='bbox 1093 2548 1129 2575; x_wconf 69' lang='lat' dir='ltr'>et</span> <span class='ocrx_word' id='word_1_382' title='bbox 1144 2545 1223 2577; x_wconf 85' lang='lat' dir='ltr'>edd.</span> <span class='ocrx_word' id='word_1_383' title='bbox 1245 2546 1354 2588; x_wconf 85' lang='lat' dir='ltr'>qdd.’,</span> <span class='ocrx_word' id='word_1_384' title='bbox 1376 2553 1492 2589; x_wconf 86' lang='lat' dir='ltr'>posset</span> <span class='ocrx_word' id='word_1_385' title='bbox 1512 2558 1546 2579; x_wconf 82' lang='lat' dir='ltr'>u.</span> 
     </span>
     <span class='ocr_line' id='line_1_41' title="bbox 206 2587 1694 2637; baseline 0.008 -20"><span class='ocrx_word' id='word_1_386' title='bbox 206 2587 249 2619; x_wconf 71' lang='lat'>‘20</span> <span class='ocrx_word' id='word_1_387' title='bbox 267 2587 414 2622; x_wconf 87' lang='lat' dir='ltr'>inermos</span> <span class='ocrx_word' id='word_1_388' title='bbox 433 2591 465 2622; x_wconf 83' lang='lat' dir='ltr'><em>A</em></span> <span class='ocrx_word' id='word_1_389' title='bbox 483 2594 520 2623; x_wconf 76' lang='lat' dir='ltr'>et</span> <span class='ocrx_word' id='word_1_390' title='bbox 534 2602 580 2624; x_wconf 85' lang='lat' dir='ltr'>m.</span> <span class='ocrx_word' id='word_1_391' title='bbox 595 2602 656 2633; x_wconf 78' lang='lat' dir='ltr'>pr.</span> <span class='ocrx_word' id='word_1_392' title='bbox 677 2593 719 2633; x_wconf 84' lang='grc' dir='ltr'>Β,</span> <span class='ocrx_word' id='word_1_393' title='bbox 742 2592 891 2623; x_wconf 90' lang='lat' dir='ltr'>inermes</span> <span class='ocrx_word' id='word_1_394' title='bbox 909 2603 930 2624; x_wconf 89' lang='grc' dir='ltr'><em>α</em></span> <span class='ocrx_word' id='word_1_395' title='bbox 949 2597 987 2625; x_wconf 79' lang='lat' dir='ltr'>et</span> <span class='ocrx_word' id='word_1_396' title='bbox 1002 2594 1232 2637; x_wconf 74' lang='lat' dir='ltr'>relz&#39;quz&#39;sere</span> <span class='ocrx_word' id='word_1_397' title='bbox 1250 2608 1385 2629; x_wconf 77' lang='lat' dir='ltr'>omnes.</span> <span class='ocrx_word' id='word_1_398' title='bbox 1482 2599 1522 2633; x_wconf 83' lang='lat'>21</span> <span class='ocrx_word' id='word_1_399' title='bbox 1544 2598 1694 2629; x_wconf 80' lang='lat' dir='ltr'>uictores</span> 
     </span>
    </p>
   </div>
   <div class='ocr_carea' id='block_1_7' title="bbox 207 2641 1693 2881">
    <p class='ocr_par' dir='ltr' id='par_1_8' title="bbox 207 2641 1693 2845">
     <span class='ocr_line' id='line_1_42' title="bbox 207 2641 1692 2688; baseline 0.008 -20"><span class='ocrx_word' id='word_1_400' title='bbox 207 2641 290 2669; x_wconf 81' lang='lat' dir='ltr'>ante</span> <span class='ocrx_word' id='word_1_401' title='bbox 307 2650 399 2672; x_wconf 80' lang='lat' dir='ltr'>corr.</span> <span class='ocrx_word' id='word_1_402' title='bbox 419 2642 461 2673; x_wconf 91' lang='lat' dir='ltr'>B.</span> <span class='ocrx_word' id='word_1_403' title='bbox 601 2645 644 2677; x_wconf 80' lang='lat'>22</span> <span class='ocrx_word' id='word_1_404' title='bbox 662 2644 723 2675; x_wconf 87' lang='lat' dir='ltr'>hos</span> <span class='ocrx_word' id='word_1_405' title='bbox 744 2655 819 2676; x_wconf 88' lang='lat' dir='ltr'>esse</span> <span class='ocrx_word' id='word_1_406' title='bbox 839 2645 975 2677; x_wconf 89' lang='lat' dir='ltr'>eosdem</span> <span class='ocrx_word' id='word_1_407' title='bbox 995 2647 1134 2688; x_wconf 80' lang='lat' dir='ltr'>ABD,·</span> <span class='ocrx_word' id='word_1_408' title='bbox 1154 2649 1215 2680; x_wconf 92' lang='lat' dir='ltr'>hos</span> <span class='ocrx_word' id='word_1_409' title='bbox 1235 2660 1311 2682; x_wconf 89' lang='lat' dir='ltr'>esse</span> <span class='ocrx_word' id='word_1_410' title='bbox 1331 2649 1518 2683; x_wconf 82' lang='lat' dir='ltr'>Germanos</span> <span class='ocrx_word' id='word_1_411' title='bbox 1537 2662 1554 2681; x_wconf 85' lang='grc'><strong>6</strong></span> <span class='ocrx_word' id='word_1_412' title='bbox 1572 2654 1610 2682; x_wconf 77' lang='lat' dir='ltr'>et</span> <span class='ocrx_word' id='word_1_413' title='bbox 1623 2661 1692 2681; x_wconf 80' lang='lat' dir='ltr'>sec.</span> 
     </span>
     <span class='ocr_line' id='line_1_43' title="bbox 210 2690 1693 2744; baseline 0.013 -26"><span class='ocrx_word' id='word_1_414' title='bbox 210 2698 257 2719; x_wconf 80' lang='lat' dir='ltr'>m.</span> <span class='ocrx_word' id='word_1_415' title='bbox 288 2690 335 2730; x_wconf 81' lang='grc' dir='ltr'>Β,</span> <span class='ocrx_word' id='word_1_416' title='bbox 359 2693 566 2734; x_wconf 78' lang='lat' dir='ltr'>similiaque</span> <span class='ocrx_word' id='word_1_417' title='bbox 596 2695 684 2727; x_wconf 76' lang='lat' dir='ltr'>Oud.</span> <span class='ocrx_word' id='word_1_418' title='bbox 713 2698 858 2727; x_wconf 74' lang='lat' dir='ltr'>inuenit</span> <span class='ocrx_word' id='word_1_419' title='bbox 880 2698 917 2727; x_wconf 70' lang='lat' dir='ltr'>in</span> <span class='ocrx_word' id='word_1_420' title='bbox 939 2697 1035 2730; x_wconf 81' lang='lat' dir='ltr'>‘mss.</span> <span class='ocrx_word' id='word_1_421' title='bbox 1056 2701 1343 2734; x_wconf 53' lang='lat' dir='ltr'>recentioribus&amp;</span> <span class='ocrx_word' id='word_1_422' title='bbox 1505 2703 1547 2734; x_wconf 78' lang='lat'>23</span> <span class='ocrx_word' id='word_1_423' title='bbox 1562 2706 1644 2744; x_wconf 75' lang='lat' dir='ltr'>post</span> <span class='ocrx_word' id='word_1_424' title='bbox 1661 2702 1693 2733; x_wconf 82' lang='lat' dir='ltr'>in</span> 
     </span>
     <span class='ocr_line' id='line_1_44' title="bbox 213 2740 1692 2795; baseline 0.011 -26"><span class='ocrx_word' id='word_1_425' title='bbox 213 2740 284 2770; x_wconf 81' lang='lat' dir='ltr'>suis</span> <span class='ocrx_word' id='word_1_426' title='bbox 302 2742 384 2773; x_wconf 83' lang='lat' dir='ltr'>add.</span> <span class='ocrx_word' id='word_1_427' title='bbox 404 2744 540 2776; x_wconf 87' lang='lat' dir='ltr'>sedibus</span> <span class='ocrx_word' id='word_1_428' title='bbox 561 2749 657 2777; x_wconf 77' lang='lat' dir='ltr'>‘mss.</span> <span class='ocrx_word' id='word_1_429' title='bbox 680 2747 731 2779; x_wconf 74' lang='lat'>10&#39;</span> <span class='ocrx_word' id='word_1_430' title='bbox 751 2750 785 2778; x_wconf 80' lang='lat' dir='ltr'>et</span> <span class='ocrx_word' id='word_1_431' title='bbox 800 2749 867 2779; x_wconf 77' lang='lat' dir='ltr'>int.</span> <span class='ocrx_word' id='word_1_432' title='bbox 888 2758 982 2780; x_wconf 77' lang='lat' dir='ltr'>nors.</span> <span class='ocrx_word' id='word_1_433' title='bbox 1003 2760 1071 2783; x_wconf 78' lang='lat' dir='ltr'>see,</span> <span class='ocrx_word' id='word_1_434' title='bbox 1092 2761 1140 2782; x_wconf 75' lang='lat'>711.</span> <span class='ocrx_word' id='word_1_435' title='bbox 1160 2752 1203 2783; x_wconf 85' lang='lat' dir='ltr'>B.</span> <span class='ocrx_word' id='word_1_436' title='bbox 1334 2753 1484 2795; x_wconf 88' lang='lat' dir='ltr'>illorum]</span> <span class='ocrx_word' id='word_1_437' title='bbox 1505 2754 1575 2785; x_wconf 85' lang='lat' dir='ltr'>suis</span> <span class='ocrx_word' id='word_1_438' title='bbox 1596 2753 1692 2785; x_wconf 67' lang='lat' dir='ltr'>‘tn-ss.</span> 
     </span>
     <span class='ocr_line' id='line_1_45' title="bbox 209 2788 1511 2845; baseline 0.014 -27"><span class='ocrx_word' id='word_1_439' title='bbox 209 2788 238 2819; x_wconf 72' lang='lat'>3¹</span> <span class='ocrx_word' id='word_1_440' title='bbox 259 2792 291 2819; x_wconf 73' lang='lat' dir='ltr'>et</span> <span class='ocrx_word' id='word_1_441' title='bbox 309 2789 423 2823; x_wconf 81' lang='lat' dir='ltr'>deleto</span> <span class='ocrx_word' id='word_1_442' title='bbox 443 2792 577 2826; x_wconf 89' lang='lat' dir='ltr'>illorum</span> <span class='ocrx_word' id='word_1_443' title='bbox 598 2798 664 2828; x_wconf 78' lang='lat' dir='ltr'>int.</span> <span class='ocrx_word' id='word_1_444' title='bbox 685 2807 779 2828; x_wconf 78' lang='lat' dir='ltr'>uer-s.</span> <span class='ocrx_word' id='word_1_445' title='bbox 800 2808 868 2829; x_wconf 79' lang='lat' dir='ltr'>sec.</span> <span class='ocrx_word' id='word_1_446' title='bbox 889 2809 933 2830; x_wconf 83' lang='lat' dir='ltr'>m.</span> <span class='ocrx_word' id='word_1_447' title='bbox 953 2800 994 2831; x_wconf 88' lang='grc' dir='ltr'>Β.</span> <span class='ocrx_word' id='word_1_448' title='bbox 1135 2802 1178 2836; x_wconf 76' lang='grc'>21</span> <span class='ocrx_word' id='word_1_449' title='bbox 1199 2808 1422 2845; x_wconf 86' lang='lat' dir='ltr'>superassent</span> <span class='ocrx_word' id='word_1_450' title='bbox 1440 2804 1469 2834; x_wconf 78' lang='lat' dir='ltr'><em>B</em></span> <span class='ocrx_word' id='word_1_451' title='bbox 1483 2814 1511 2834; x_wconf 89' lang='grc'><strong>6.</strong></span> 
     </span>
    </p>

    <p class='ocr_par' dir='ltr' id='par_1_9' title="bbox 213 2842 866 2881">
     <span class='ocr_line' id='line_1_46' title="bbox 213 2842 866 2881; baseline 0.017 -11"><span class='ocrx_word' id='word_1_452' title='bbox 213 2842 365 2874; x_wconf 71' lang='lat' dir='ltr'>exercitu</span> <span class='ocrx_word' id='word_1_453' title='bbox 386 2854 406 2875; x_wconf 78' lang='lat' dir='ltr'>u</span> <span class='ocrx_word' id='word_1_454' title='bbox 425 2854 499 2876; x_wconf 81' lang='lat' dir='ltr'>cum</span> <span class='ocrx_word' id='word_1_455' title='bbox 520 2857 588 2879; x_wconf 77' lang='lat' dir='ltr'>uno</span> <span class='ocrx_word' id='word_1_456' title='bbox 608 2852 645 2880; x_wconf 79' lang='lat' dir='ltr'>ct</span> <span class='ocrx_word' id='word_1_457' title='bbox 661 2849 776 2881; x_wconf 76' lang='lat' dir='ltr'>altero</span> <span class='ocrx_word' id='word_1_458' title='bbox 795 2850 866 2881; x_wconf 74' lang='lat' dir='ltr'>det.</span> 
     </span>
    </p>
   </div>
  </div>
 </body>
</html>
