1835 3240
92 157 175 200 264
614 157 687 200 DE
719 155 910 200 BELLO
943 155 1193 200 GALLICO

168 285 214 312 eo
229 271 353 312 inuito
374 272 450 313 iter
461 273 780 327 perprouinciam
804 286 874 326 per
896 270 972 312 uim
1003 278 1284 326 temptassent,
1319 273 1419 326 quod
1442 272 1645 324 Haeduos,

165 340 268 392 quod
288 341 529 392 Ambarros,
554 341 655 395 quod
668 340 904 394 Allobrogas
929 347 1143 381 uexassent
1159 370 1169 390 ,
1194 342 1421 382 memoriam
1453 342 1648 396 deponere

118 406 146 447 4
166 409 310 462 posse?
323 406 438 461 Quod
451 423 521 449 sua
534 409 697 449 uictoria
709 415 785 448 tam
798 408 1018 448 insolenter
1027 408 1293 462 gloriarentur
1304 409 1482 462 quodque
1494 417 1568 449 tam
1584 408 1648 449 diu

118 474 144 514 5
165 475 543 530 seinpuneiniurias
558 476 695 516 tulisse
708 475 1016 527 admirarentur,
1033 477 1169 517 codem
1182 475 1394 530 pertinere.
1420 474 1648 518 Consuesse

165 543 269 583 enim
292 544 384 584 deos
406 544 652 594 inmortales,
677 558 751 596 quo
768 543 929 597 grauius
944 544 1120 585 homines
1136 558 1187 584 ex
1200 544 1501 584 commutatione
1514 558 1645 585 rerum

165 610 337 661 doleant,
363 625 459 664 quos
481 625 550 665 pro
573 612 722 652 scelere
745 625 880 651 eorum
905 611 1040 651 ulcisci
1063 611 1199 661 uelint,
1226 611 1282 651 liis
1307 612 1565 652 secundiores
1586 613 1648 652 in-

118 674 145 716 6
165 678 317 718 terdum
348 692 411 719 res
444 687 483 719 et
514 679 798 719 diuturniorem
829 679 1085 732 inpunitatem
1117 680 1350 720 concedere.
1403 678 1502 720 Cum
1527 693 1571 720 ea
1593 679 1648 720 ita

165 745 260 795 sint,
286 753 432 796 tamen,
457 747 491 786 si
514 747 668 787 obsides
691 747 737 787 ab
760 747 809 787 iis
832 746 903 786 sibi
923 747 1078 797 (lentur,
1103 748 1234 796 utica,
1260 762 1358 801 quae
1374 747 1647 800 polliceantur,

165 813 340 854 facturos
362 814 589 869 intellegat,
626 823 664 855 et
686 816 717 856 si
742 814 917 855 Haeduis
940 815 986 855 de
1006 815 1183 865 iniuriis,
1216 830 1311 869 quas
1334 816 1428 869 ipsis
1451 815 1650 868 sociisque

165 893 299 920 eorum
322 882 553 933 intulerint,
587 883 680 923 item
712 883 746 924 si
768 883 1049 937 Allobrogibus
1079 884 1350 933 satisfaciant,
1382 897 1470 924 sese
1494 897 1578 923 cum
1601 882 1651 922 iis

117 946 143 986 7
164 960 298 1000 pacem
322 962 410 990 esse
433 951 640 991 facturum.
683 949 827 991 Diuico
849 951 1074 1005 respondit:
1098 950 1158 992 Ita
1176 951 1382 992 Heluetios
1399 966 1419 991 a
1437 951 1649 991 maioribus

163 1015 246 1055 suis
267 1016 469 1057 institutos
493 1031 580 1058 esse
596 1050 607 1068 ,
642 1019 698 1059 uti
720 1019 875 1060 obsides
899 1020 1101 1074 accipere,
1135 1034 1213 1060 non
1237 1021 1330 1060 dare
1345 1051 1356 1069 ,
1391 1019 1645 1059 consuerint:

162 1082 246 1123 eius
268 1084 328 1124 rei
351 1086 531 1139 populum
562 1085 783 1127 Romanum
817 1101 904 1128 esse
937 1094 1091 1128 testem.
1135 1087 1221 1128 Hoc
1243 1102 1435 1141 responso
1459 1088 1546 1127 dato
1570 1087 1647 1127 dis-

87 1148 140 1193 15
162 1152 296 1191 cessit.
348 1151 520 1194 Postero
552 1154 613 1194 die
636 1162 766 1195 castra
789 1169 842 1195 ex
864 1170 910 1196 eo
931 1155 1017 1195 loco
1040 1162 1214 1195 mouent.
1257 1153 1362 1195 Idem
1386 1152 1646 1195 facitCaesar

163 1219 456 1274 equitatumque
489 1235 666 1271 omnem,
711 1223 758 1262 ad
790 1237 995 1263 numerum
1027 1230 1212 1276 quattuor
1241 1223 1413 1273 milium,
1457 1237 1570 1275 quem
1593 1237 1647 1263 ex

164 1287 270 1327 omni
296 1288 501 1341 prouincia
525 1297 563 1329 et
584 1288 758 1330 Haeduis
793 1298 909 1344 atque
940 1305 1075 1331 eorum
1107 1291 1226 1330 sociis
1258 1298 1436 1330 coactum
1460 1290 1643 1340 habebat,

115 1352 143 1394 2
163 1355 405 1408 praemittit,
440 1357 503 1409 qui
527 1356 710 1407 uideant,
746 1372 842 1413 quas
871 1359 911 1398 in
941 1366 1073 1412 partes
1097 1358 1231 1398 hostes
1252 1358 1329 1398 iter
1351 1358 1513 1398 faciant.
1567 1355 1648 1409 Qui

161 1422 337 1475 cupidius
360 1424 616 1464 nouissimum
640 1439 781 1479 agmen
803 1426 972 1466 insecuti
994 1426 1122 1466 alieno
1143 1426 1230 1466 loco
1253 1440 1340 1466 cuni
1362 1425 1539 1478 equitatu
1552 1424 1648 1466 Hel-

114 1486 139 1528 3
161 1490 354 1530 uetiorum
378 1491 568 1545 proelium
592 1493 864 1544 committunt,
909 1501 948 1534 et
970 1494 1082 1548 pauci
1105 1495 1150 1534 de
1181 1493 1330 1534 nostris
1353 1494 1512 1533 cadunt.
1558 1490 1647 1546 Quo

158 1558 309 1610 proelio
331 1559 663 1601 sublatiHeluetii
678 1592 688 1611 ,
714 1563 816 1614 quod
827 1562 1051 1616 quingentis
1079 1562 1273 1615 equitibus
1296 1569 1448 1602 tantam
1470 1562 1644 1602 multitu-

159 1625 288 1666 dinem
320 1627 492 1680 equitum
525 1629 803 1682 propulerant,
838 1631 1025 1670 audacius
1047 1631 1266 1671 subsistere
1288 1644 1583 1682 nonnumquam
1606 1637 1646 1669 et

107 1691 134 1732 4
155 1694 372 1734 nouissimo
404 1696 560 1748 agmine
597 1698 745 1750 proelio
787 1704 944 1737 nostros
978 1698 1175 1738 lacessere
1213 1703 1440 1751 coeperunt.
1494 1694 1647 1737 Caesar

157 1774 251 1801 suos
275 1777 297 1801 a
317 1763 467 1816 proelio
489 1765 717 1805 continebat
736 1778 781 1804 ac
802 1764 901 1805 satis
924 1764 1093 1805 babebat
1113 1766 1153 1805 in
1176 1764 1566 1819 praesentiahostem
1581 1779 1645 1805 ra-

113 1827 138 1868 5
159 1829 277 1883 pinis,
303 1830 620 1884 pabulationibus
638 1832 1032 1886 populationibusque
1044 1833 1268 1887 prohibere.
1312 1832 1374 1873 Ita
1387 1833 1468 1873 dies
1487 1833 1648 1873 circiter

158 1898 379 1951 quindecim
410 1899 486 1939 iter
517 1901 713 1950 fecerunt,
749 1900 803 1943 uti
835 1901 942 1942 inter
971 1901 1228 1942 nouissimum
1253 1902 1419 1942 hostium
1444 1915 1585 1956 agmen
1608 1907 1646 1942 et

302 2064 315 2097 1
349 2069 588 2109 temptassent,
609 2077 675 2098 non
696 2073 901 2106 tentassent,
921 2069 954 2101 A
969 2069 1149 2111 CDEaf
1168 2072 1205 2100 et
1222 2072 1352 2110 postea
1366 2093 1374 2109 ,
1404 2079 1479 2099 cum
1510 2069 1643 2107 tacebo,

154 2123 291 2156 semper
308 2116 351 2148 B.
501 2117 640 2150 Heduos
659 2128 692 2149 α.
846 2120 867 2152 2
881 2119 1087 2160 Allobrogas
1108 2120 1204 2151 ‘ms-⁹.
1219 2118 1395 2161 pleriquc'
1414 2119 1460 2160 A,
1488 2118 1646 2150 Allobro-

154 2175 212 2205 ges
231 2167 333 2210 Eas.
497 2170 694 2201 memoriam
712 2170 764 2210 A,
792 2172 953 2203 memoria
976 2171 1044 2203 CD
1057 2172 1151 2213 Eas
1162 2170 1358 2213 ‘plerique’.
1478 2170 1496 2202 3
1523 2174 1642 2212 posset

154 2229 202 2250 m.
221 2221 339 2262 sems.
541 2223 696 2264 quodque
713 2240 760 2247 --
777 2224 1031 2255 admirarentur
1049 2225 1086 2255 in
1100 2225 1173 2264 fine
1186 2225 1347 2264 paginae
1364 2232 1471 2253 manu
1488 2224 1640 2263 antiqua

152 2272 410 2303 minutioribus
429 2272 562 2304 litteris
579 2273 747 2316 suppleta
766 2274 877 2306 habet
891 2275 935 2307 A.
1030 2274 1149 2306 tandiu
1169 2284 1205 2306 se
1223 2283 1257 2311 α,
1278 2278 1347 2304 tam
1366 2283 1402 2304 se
1423 2273 1526 2315 dius.

152 2322 173 2353 4
192 2321 315 2364 inpune
335 2322 396 2364 as.
540 2324 803 2356 ammirarentur
818 2325 905 2356 DE.
1027 2327 1045 2357 5
1065 2324 1266 2356 inmortales
1284 2324 1388 2363 Das.
1501 2324 1518 2355 ὓ
1539 2323 1580 2354 iis
1599 2323 1643 2355 A.

232 2372 250 2405 7
269 2374 495 2415 inpunitatem
512 2375 544 2406 D
559 2377 621 2417 af.
703 2379 786 2408 ante
805 2378 994 2410 concedere
1013 2377 1096 2409 add.
1113 2377 1282 2408 interdum
1303 2377 1340 2408 C.
1414 2377 1434 2409 8
1452 2376 1492 2407 ab
1513 2376 1564 2407 his
1582 2377 1643 2418 as.

296 2436 381 2467 quae
399 2445 444 2449 —
461 2426 512 2469 (0)
532 2427 615 2469 ipsis
634 2438 702 2460 om.
723 2429 810 2460 DE.
915 2431 933 2462 9
953 2428 997 2472 si]
1019 2430 1058 2461 de
1074 2429 1158 2461 add.
1170 2429 1208 2470 f.
1317 2427 1445 2459 Heduis
1463 2439 1495 2459 α.

156 2479 198 2512 10
210 2481 298 2520 post
313 2478 495 2510 intulerint
513 2479 594 2511 add.
616 2481 797 2512 emendent
813 2481 846 2512 D
860 2481 902 2513 E.
1067 2481 1190 2512 cumis
1207 2481 1251 2520 E,
1271 2490 1343 2512 cum
1364 2480 1414 2510 his
1434 2481 1495 2521 as.

157 2531 193 2563 11
218 2541 295 2563 esse
314 2540 382 2562 om.
402 2531 488 2563 DE.
645 2533 685 2565 13
706 2538 826 2564 testem
846 2543 921 2565 esse
939 2533 980 2565 E.
1124 2532 1270 2564 recessit
1286 2533 1330 2565 E.
1487 2533 1525 2564 14
1544 2543 1585 2564 ex
1604 2544 1642 2565 eo

154 2583 229 2614 loco
249 2592 317 2614 om.
335 2581 423 2613 DE.
567 2583 604 2615 15
625 2588 788 2625 quattuor
805 2594 838 2624 a,
859 2588 1006 2625 quatuor
1023 2583 1135 2623 (An)‘?
1276 2583 1315 2615 1ss
1336 2581 1462 2614 Heduis
1483 2594 1516 2616 a.

157 2633 198 2666 17
217 2634 333 2665 hostes
352 2642 421 2663 orn.
442 2643 562 2667 errore
580 2645 615 2667 u.
777 2636 815 2667 19
834 2635 1040 2677 proeliorum
1058 2638 1141 2666 ante
1161 2645 1253 2667 corr.
1274 2646 1308 2667 α.
1472 2640 1506 2667 et
1524 2645 1592 2667 om.
1607 2637 1637 2667 b.

285 2683 403 2726 paucis
426 2683 464 2716 C.
608 2686 650 2718 20
670 2686 929 2729 equitatibuss.
1068 2688 1107 2720 21
1132 2687 1292 2719 audatius
1311 2688 1355 2719 A.
1475 2698 1641 2719 nonnum-

157 2747 253 2780 quam
272 2736 369 2778 D(a)
379 2737 417 2778 s.
445 2736 483 2768 Ρ.
507 2736 548 2769 69
568 2741 664 2768 eoetr.
812 2739 857 2772 22
876 2743 1010 2770 nostros
1030 2740 1095 2770 int.
1115 2749 1210 2770 vers.
1227 2740 1258 2780 f.
1354 2745 1540 2782 coeperant
1556 2739 1640 2771 DE.

296 2787 338 2821 23
358 2797 377 2818 a
394 2787 524 2829 proelio
543 2798 621 2819 suos
639 2789 697 2829 as.
856 2791 899 2824 24
925 2790 1273 2833 pabulationibusque
1292 2793 1422 2824 omisso
1447 2792 1640 2835 populatio-

153 2840 316 2882 nibusque
339 2839 366 2872 C
384 2842 420 2872 et
437 2840 703 2873 contradicente
724 2840 811 2873 Oud.
831 2842 890 2884 Αφ
904 2844 920 2873 ?
1055 2843 1097 2876 25
1116 2852 1158 2874 xv
1178 2843 1243 2884 af.
1389 2843 1471 2885 uts.

1685 889 1724 921 10

1680 1230 1718 1261 15

1676 1908 1718 1942 25
