<?xml version="1.0" encoding="UTF-8"?>
<!DOCTYPE html PUBLIC "-//W3C//DTD XHTML 1.0 Transitional//EN"
    "http://www.w3.org/TR/xhtml1/DTD/xhtml1-transitional.dtd">
<html xmlns="http://www.w3.org/1999/xhtml" xml:lang="en" lang="en">
 <head>
  <title>
</title>
<meta http-equiv="Content-Type" content="text/html;charset=utf-8" />
  <meta name='ocr-system' content='tesseract 3.04.00' />
  <meta name='ocr-capabilities' content='ocr_page ocr_carea ocr_par ocr_line ocrx_word'/>
</head>
<body>
  <div class='ocr_page' id='page_1' title='image "./commentarii00caesuoft_0746.png"; bbox 0 0 1835 3240; ppageno 0'>
   <div class='ocr_carea' id='block_1_1' title="bbox 113 196 1226 243">
    <p class='ocr_par' dir='ltr' id='par_1_1' title="bbox 113 196 1226 243">
     <span class='ocr_line' id='line_1_1' title="bbox 113 196 1226 243; baseline -0.003 -1"><span class='ocrx_word' id='word_1_1' title='bbox 113 200 195 243; x_wconf 82' lang='lat'><strong>736</strong></span> <span class='ocrx_word' id='word_1_2' title='bbox 626 198 797 242; x_wconf 91' lang='lat' dir='ltr'>BELLI</span> <span class='ocrx_word' id='word_1_3' title='bbox 829 196 1226 240; x_wconf 81' lang='lat' dir='ltr'>HISPANIENSIS</span> 
     </span>
    </p>
   </div>
   <div class='ocr_carea' id='block_1_2' title="bbox 111 310 1677 1929">
    <p class='ocr_par' dir='ltr' id='par_1_2' title="bbox 189 310 1666 434">
     <span class='ocr_line' id='line_1_2' title="bbox 189 310 1663 367; baseline -0.001 -14"><span class='ocrx_word' id='word_1_4' title='bbox 189 313 305 354; x_wconf 88' lang='lat' dir='ltr'><strong>simul</strong></span> <span class='ocrx_word' id='word_1_5' title='bbox 327 318 388 353; x_wconf 89' lang='lat' dir='ltr'><strong>est</strong></span> <span class='ocrx_word' id='word_1_6' title='bbox 408 319 534 364; x_wconf 86' lang='lat' dir='ltr'><strong>mota,</strong></span> <span class='ocrx_word' id='word_1_7' title='bbox 558 314 753 367; x_wconf 77' lang='lat' dir='ltr'>equitatus</span> <span class='ocrx_word' id='word_1_8' title='bbox 776 310 963 353; x_wconf 80' lang='lat' dir='ltr'>Caesaris</span> <span class='ocrx_word' id='word_1_9' title='bbox 985 311 1148 352; x_wconf 90' lang='lat' dir='ltr'><strong>sinistro</strong></span> <span class='ocrx_word' id='word_1_10' title='bbox 1170 325 1292 352; x_wconf 89' lang='lat' dir='ltr'><strong>cornu</strong></span> <span class='ocrx_word' id='word_1_11' title='bbox 1313 324 1489 365; x_wconf 75' lang='lat' dir='ltr'><strong>premere</strong></span> <span class='ocrx_word' id='word_1_12' title='bbox 1511 311 1663 365; x_wconf 82' lang='lat' dir='ltr'><strong>coepit:</strong></span> 
     </span>
     <span class='ocr_line' id='line_1_3' title="bbox 191 379 1666 434; baseline -0.002 -13"><span class='ocrx_word' id='word_1_13' title='bbox 191 388 231 421; x_wconf 86' lang='lat' dir='ltr'><strong>at</strong></span> <span class='ocrx_word' id='word_1_14' title='bbox 252 381 308 421; x_wconf 90' lang='lat' dir='ltr'><strong>illi</strong></span> <span class='ocrx_word' id='word_1_15' title='bbox 330 380 475 422; x_wconf 81' lang='lat' dir='ltr'><strong>eximia</strong></span> <span class='ocrx_word' id='word_1_16' title='bbox 497 382 642 421; x_wconf 88' lang='lat' dir='ltr'><strong>uirtute</strong></span> <span class='ocrx_word' id='word_1_17' title='bbox 665 380 852 433; x_wconf 86' lang='lat' dir='ltr'><strong>proelium</strong></span> <span class='ocrx_word' id='word_1_18' title='bbox 876 380 1008 420; x_wconf 88' lang='lat' dir='ltr'><strong>facere</strong></span> <span class='ocrx_word' id='word_1_19' title='bbox 1031 379 1230 434; x_wconf 90' lang='lat' dir='ltr'><strong>[possent]</strong></span> <span class='ocrx_word' id='word_1_20' title='bbox 1245 409 1255 428; x_wconf 89' lang='lat'><strong>,</strong></span> <span class='ocrx_word' id='word_1_21' title='bbox 1290 385 1333 419; x_wconf 88' lang='lat' dir='ltr'><strong>ut</strong></span> <span class='ocrx_word' id='word_1_22' title='bbox 1352 379 1460 420; x_wconf 88' lang='lat' dir='ltr'><strong>locus</strong></span> <span class='ocrx_word' id='word_1_23' title='bbox 1482 380 1522 420; x_wconf 89' lang='lat' dir='ltr'><strong>in</strong></span> <span class='ocrx_word' id='word_1_24' title='bbox 1544 380 1666 420; x_wconf 81' lang='lat' dir='ltr'>aciem</span> 
     </span>
    </p>

    <p class='ocr_par' dir='ltr' id='par_1_3' title="bbox 144 446 1668 570">
     <span class='ocr_line' id='line_1_4' title="bbox 144 446 1668 489; baseline -0.001 0"><span class='ocrx_word' id='word_1_25' title='bbox 144 447 170 488; x_wconf 84' lang='grc'>6</span> <span class='ocrx_word' id='word_1_26' title='bbox 192 449 238 489; x_wconf 89' lang='lat' dir='ltr'><strong>ad</strong></span> <span class='ocrx_word' id='word_1_27' title='bbox 269 448 482 489; x_wconf 86' lang='lat' dir='ltr'>subsidium</span> <span class='ocrx_word' id='word_1_28' title='bbox 515 447 702 488; x_wconf 83' lang='lat' dir='ltr'><strong>ueniundi</strong></span> <span class='ocrx_word' id='word_1_29' title='bbox 734 462 811 487; x_wconf 90' lang='lat' dir='ltr'><strong>non</strong></span> <span class='ocrx_word' id='word_1_30' title='bbox 835 448 1006 488; x_wconf 86' lang='lat' dir='ltr'><strong>daretur.</strong></span> <span class='ocrx_word' id='word_1_31' title='bbox 1051 446 1110 487; x_wconf 79' lang='lat' dir='ltr'><strong>Ita</strong></span> <span class='ocrx_word' id='word_1_32' title='bbox 1144 461 1229 487; x_wconf 91' lang='lat' dir='ltr'><strong>cum</strong></span> <span class='ocrx_word' id='word_1_33' title='bbox 1253 446 1399 487; x_wconf 89' lang='lat' dir='ltr'><strong>clamor</strong></span> <span class='ocrx_word' id='word_1_34' title='bbox 1420 448 1668 488; x_wconf 82' lang='grc'><strong>0550110101·-</strong></span> 
     </span>
     <span class='ocr_line' id='line_1_5' title="bbox 191 514 1668 570; baseline -0.003 -13"><span class='ocrx_word' id='word_1_35' title='bbox 191 517 341 557; x_wconf 83' lang='grc' dir='ltr'><strong>1111Χ105</strong></span> <span class='ocrx_word' id='word_1_36' title='bbox 364 516 509 570; x_wconf 86' lang='lat' dir='ltr'><strong>gemitu</strong></span> <span class='ocrx_word' id='word_1_37' title='bbox 530 515 822 569; x_wconf 82' lang='lat' dir='ltr'>gladiorumque</span> <span class='ocrx_word' id='word_1_38' title='bbox 845 516 1015 569; x_wconf 77' lang='lat' dir='ltr'><strong>crepitus</strong></span> <span class='ocrx_word' id='word_1_39' title='bbox 1038 514 1197 555; x_wconf 90' lang='lat' dir='ltr'><strong>auribus</strong></span> <span class='ocrx_word' id='word_1_40' title='bbox 1220 514 1390 563; x_wconf 84' lang='lat' dir='ltr'><strong>oblatus,</strong></span> <span class='ocrx_word' id='word_1_41' title='bbox 1414 514 1668 568; x_wconf 86' lang='lat' dir='ltr'><strong>inperitorum</strong></span> 
     </span>
    </p>

    <p class='ocr_par' dir='ltr' id='par_1_4' title="bbox 111 582 1674 1383">
     <span class='ocr_line' id='line_1_6' title="bbox 144 582 1662 637; baseline -0.002 -12"><span class='ocrx_word' id='word_1_42' title='bbox 144 583 169 624; x_wconf 91' lang='lat'>7</span> <span class='ocrx_word' id='word_1_43' title='bbox 191 591 343 625; x_wconf 82' lang='lat' dir='ltr'><strong>mentes</strong></span> <span class='ocrx_word' id='word_1_44' title='bbox 365 585 480 624; x_wconf 85' lang='lat' dir='ltr'><strong>timor</strong></span> <span class='ocrx_word' id='word_1_45' title='bbox 501 583 790 636; x_wconf 86' lang='lat' dir='ltr'><strong>praepediebat.</strong></span> <span class='ocrx_word' id='word_1_46' title='bbox 826 582 918 630; x_wconf 85' lang='lat' dir='ltr'><strong>Hic,</strong></span> <span class='ocrx_word' id='word_1_47' title='bbox 938 582 1237 632; x_wconf 72' lang='grc' dir='ltr'><strong>111011Ε11111115,</strong></span> <span class='ocrx_word' id='word_1_48' title='bbox 1261 596 1328 637; x_wconf 88' lang='lat' dir='ltr'><strong>pes</strong></span> <span class='ocrx_word' id='word_1_49' title='bbox 1348 582 1442 636; x_wconf 90' lang='lat' dir='ltr'><strong>pede</strong></span> <span class='ocrx_word' id='word_1_50' title='bbox 1460 582 1662 636; x_wconf 78' lang='lat' dir='ltr'><strong>premitur,</strong></span> 
     </span>
     <span class='ocr_line' id='line_1_7' title="bbox 190 650 1670 704; baseline -0.002 -12"><span class='ocrx_word' id='word_1_51' title='bbox 190 652 310 692; x_wconf 84' lang='lat' dir='ltr'><strong>armis</strong></span> <span class='ocrx_word' id='word_1_52' title='bbox 344 657 525 690; x_wconf 84' lang='lat' dir='ltr'><strong>teruntur</strong></span> <span class='ocrx_word' id='word_1_53' title='bbox 553 664 684 700; x_wconf 88' lang='lat' dir='ltr'><strong>arma,</strong></span> <span class='ocrx_word' id='word_1_54' title='bbox 718 650 1043 704; x_wconf 84' lang='lat' dir='ltr'><strong>aduersariosque</strong></span> <span class='ocrx_word' id='word_1_55' title='bbox 1074 650 1418 692; x_wconf 87' lang='lat' dir='ltr'><strong>uehementissime</strong></span> <span class='ocrx_word' id='word_1_56' title='bbox 1453 657 1670 703; x_wconf 77' lang='lat' dir='ltr'><strong>pugnantes</strong></span> 
     </span>
     <span class='ocr_line' id='line_1_8' title="bbox 141 716 1671 772; baseline -0.001 -12"><span class='ocrx_word' id='word_1_57' title='bbox 141 717 168 759; x_wconf 84' lang='lat'>8</span> <span class='ocrx_word' id='word_1_58' title='bbox 191 719 317 760; x_wconf 83' lang='lat' dir='ltr'><strong>nostri</strong></span> <span class='ocrx_word' id='word_1_59' title='bbox 347 730 465 771; x_wconf 87' lang='lat' dir='ltr'><strong>agere</strong></span> <span class='ocrx_word' id='word_1_60' title='bbox 494 725 734 771; x_wconf 70' lang='lat' dir='ltr'><strong>coeperunt,</strong></span> <span class='ocrx_word' id='word_1_61' title='bbox 769 718 904 771; x_wconf 90' lang='lat' dir='ltr'><strong>quibus</strong></span> <span class='ocrx_word' id='word_1_62' title='bbox 939 719 1118 772; x_wconf 86' lang='lat' dir='ltr'><strong>oppidum</strong></span> <span class='ocrx_word' id='word_1_63' title='bbox 1148 719 1218 758; x_wconf 90' lang='lat' dir='ltr'><strong>fuit</strong></span> <span class='ocrx_word' id='word_1_64' title='bbox 1249 717 1437 758; x_wconf 88' lang='lat' dir='ltr'><strong>subsidio.</strong></span> <span class='ocrx_word' id='word_1_65' title='bbox 1481 716 1541 757; x_wconf 86' lang='lat' dir='ltr'><strong>Ita</strong></span> <span class='ocrx_word' id='word_1_66' title='bbox 1575 717 1671 770; x_wconf 91' lang='lat' dir='ltr'><strong>ipsis</strong></span> 
     </span>
     <span class='ocr_line' id='line_1_9' title="bbox 189 784 1671 839; baseline -0.001 -13"><span class='ocrx_word' id='word_1_67' title='bbox 189 785 442 826; x_wconf 81' lang='lat' dir='ltr'><strong>Liberalibus</strong></span> <span class='ocrx_word' id='word_1_68' title='bbox 465 786 540 826; x_wconf 86' lang='lat' dir='ltr'><strong>fusi</strong></span> <span class='ocrx_word' id='word_1_69' title='bbox 563 786 760 839; x_wconf 79' lang='lat' dir='ltr'><strong>fugatique</strong></span> <span class='ocrx_word' id='word_1_70' title='bbox 790 801 870 826; x_wconf 93' lang='lat' dir='ltr'><strong>non</strong></span> <span class='ocrx_word' id='word_1_71' title='bbox 901 787 1216 839; x_wconf 81' lang='lat' dir='ltr'><strong>superfuissent,</strong></span> <span class='ocrx_word' id='word_1_72' title='bbox 1253 786 1329 826; x_wconf 89' lang='lat' dir='ltr'><strong>nisi</strong></span> <span class='ocrx_word' id='word_1_73' title='bbox 1357 786 1395 825; x_wconf 88' lang='lat' dir='ltr'><strong>in</strong></span> <span class='ocrx_word' id='word_1_74' title='bbox 1429 799 1515 825; x_wconf 87' lang='lat' dir='ltr'><strong>eum</strong></span> <span class='ocrx_word' id='word_1_75' title='bbox 1544 784 1671 824; x_wconf 90' lang='lat' dir='ltr'><strong>locum</strong></span> 
     </span>
     <span class='ocr_line' id='line_1_10' title="bbox 143 853 1674 908; baseline -0.003 -12"><span class='ocrx_word' id='word_1_76' title='bbox 143 854 170 896; x_wconf 89' lang='lat'>9</span> <span class='ocrx_word' id='word_1_77' title='bbox 191 854 488 908; x_wconf 75' lang='lat' dir='ltr'><strong>confugissent,</strong></span> <span class='ocrx_word' id='word_1_78' title='bbox 522 867 576 893; x_wconf 80' lang='lat' dir='ltr'><strong>ex</strong></span> <span class='ocrx_word' id='word_1_79' title='bbox 606 868 680 906; x_wconf 92' lang='lat' dir='ltr'><strong>quo</strong></span> <span class='ocrx_word' id='word_1_80' title='bbox 713 861 826 894; x_wconf 90' lang='lat' dir='ltr'><strong>erant</strong></span> <span class='ocrx_word' id='word_1_81' title='bbox 856 855 1023 907; x_wconf 80' lang='lat' dir='ltr'><strong>egressi.</strong></span> <span class='ocrx_word' id='word_1_82' title='bbox 1085 853 1132 894; x_wconf 92' lang='lat' dir='ltr'><strong>In</strong></span> <span class='ocrx_word' id='word_1_83' title='bbox 1163 868 1237 907; x_wconf 89' lang='lat' dir='ltr'><strong>quo</strong></span> <span class='ocrx_word' id='word_1_84' title='bbox 1268 853 1414 907; x_wconf 88' lang='lat' dir='ltr'><strong>proelio</strong></span> <span class='ocrx_word' id='word_1_85' title='bbox 1446 853 1674 893; x_wconf 86' lang='lat' dir='ltr'><strong>ceciderunt</strong></span> 
     </span>
     <span class='ocr_line' id='line_1_11' title="bbox 190 919 1670 976; baseline -0.001 -15"><span class='ocrx_word' id='word_1_86' title='bbox 190 922 296 962; x_wconf 90' lang='lat' dir='ltr'><strong>milia</strong></span> <span class='ocrx_word' id='word_1_87' title='bbox 313 921 511 961; x_wconf 88' lang='lat' dir='ltr'><strong>hominum</strong></span> <span class='ocrx_word' id='word_1_88' title='bbox 531 921 688 962; x_wconf 86' lang='lat' dir='ltr'><strong>circiter</strong></span> <span class='ocrx_word' id='word_1_89' title='bbox 698 929 800 962; x_wconf 80' lang='lat' dir='ltr'><strong>XXX</strong></span> <span class='ocrx_word' id='word_1_90' title='bbox 817 929 855 962; x_wconf 88' lang='lat' dir='ltr'><strong>et</strong></span> <span class='ocrx_word' id='word_1_91' title='bbox 876 923 908 962; x_wconf 92' lang='lat' dir='ltr'><strong>si</strong></span> <span class='ocrx_word' id='word_1_92' title='bbox 928 923 1016 975; x_wconf 85' lang='lat' dir='ltr'><strong>qnid</strong></span> <span class='ocrx_word' id='word_1_93' title='bbox 1033 922 1214 976; x_wconf 83' lang='lat' dir='ltr'><strong>amplius,</strong></span> <span class='ocrx_word' id='word_1_94' title='bbox 1233 928 1436 974; x_wconf 86' lang='lat' dir='ltr'><strong>praeterea</strong></span> <span class='ocrx_word' id='word_1_95' title='bbox 1450 919 1670 969; x_wconf 74' lang='lat' dir='ltr'><strong>Labienus,</strong></span> 
     </span>
     <span class='ocr_line' id='line_1_12' title="bbox 190 989 1674 1044; baseline 0 -15"><span class='ocrx_word' id='word_1_96' title='bbox 190 989 325 1030; x_wconf 85' lang='lat' dir='ltr'><strong>Attius</strong></span> <span class='ocrx_word' id='word_1_97' title='bbox 348 989 496 1038; x_wconf 84' lang='lat' dir='ltr'><strong>Varus,</strong></span> <span class='ocrx_word' id='word_1_98' title='bbox 521 989 659 1042; x_wconf 91' lang='lat' dir='ltr'><strong>quibus</strong></span> <span class='ocrx_word' id='word_1_99' title='bbox 682 990 824 1031; x_wconf 87' lang='lat' dir='ltr'><strong>occisis</strong></span> <span class='ocrx_word' id='word_1_100' title='bbox 855 991 1030 1044; x_wconf 87' lang='lat' dir='ltr'><strong>utrisque</strong></span> <span class='ocrx_word' id='word_1_101' title='bbox 1064 992 1177 1030; x_wconf 87' lang='lat' dir='ltr'><strong>funus</strong></span> <span class='ocrx_word' id='word_1_102' title='bbox 1208 997 1269 1030; x_wconf 89' lang='lat' dir='ltr'><strong>est</strong></span> <span class='ocrx_word' id='word_1_103' title='bbox 1299 990 1466 1038; x_wconf 85' lang='lat' dir='ltr'><strong>factum,</strong></span> <span class='ocrx_word' id='word_1_104' title='bbox 1503 989 1674 1041; x_wconf 85' lang='lat' dir='ltr'><strong>itemque</strong></span> 
     </span>
     <span class='ocr_line' id='line_1_13' title="bbox 188 1056 1671 1112; baseline -0.003 -13"><span class='ocrx_word' id='word_1_105' title='bbox 188 1058 337 1111; x_wconf 86' lang='lat' dir='ltr'><strong>equites</strong></span> <span class='ocrx_word' id='word_1_106' title='bbox 358 1056 529 1098; x_wconf 86' lang='lat' dir='ltr'><strong>Romani</strong></span> <span class='ocrx_word' id='word_1_107' title='bbox 561 1058 701 1111; x_wconf 85' lang='lat' dir='ltr'><strong>partim</strong></span> <span class='ocrx_word' id='word_1_108' title='bbox 733 1072 786 1098; x_wconf 80' lang='lat' dir='ltr'><strong>ex</strong></span> <span class='ocrx_word' id='word_1_109' title='bbox 819 1059 913 1098; x_wconf 90' lang='lat' dir='ltr'><strong>urbe</strong></span> <span class='ocrx_word' id='word_1_110' title='bbox 943 1059 1082 1112; x_wconf 83' lang='lat' dir='ltr'><strong>partini</strong></span> <span class='ocrx_word' id='word_1_111' title='bbox 1105 1072 1156 1099; x_wconf 81' lang='lat' dir='ltr'><strong>ex</strong></span> <span class='ocrx_word' id='word_1_112' title='bbox 1180 1057 1382 1111; x_wconf 87' lang='lat' dir='ltr'><strong>prouincia</strong></span> <span class='ocrx_word' id='word_1_113' title='bbox 1404 1058 1451 1097; x_wconf 85' lang='lat' dir='ltr'><strong>ad</strong></span> <span class='ocrx_word' id='word_1_114' title='bbox 1482 1057 1586 1096; x_wconf 79' lang='lat' dir='ltr'><strong>inilia</strong></span> <span class='ocrx_word' id='word_1_115' title='bbox 1610 1063 1671 1095; x_wconf 89' lang='lat' dir='ltr'>III.</span> 
     </span>
     <span class='ocr_line' id='line_1_14' title="bbox 116 1125 1671 1180; baseline -0.001 -15"><span class='ocrx_word' id='word_1_116' title='bbox 116 1125 169 1167; x_wconf 87' lang='lat'><strong>10</strong></span> <span class='ocrx_word' id='word_1_117' title='bbox 188 1125 330 1167; x_wconf 88' lang='lat' dir='ltr'><strong>Nostri</strong></span> <span class='ocrx_word' id='word_1_118' title='bbox 348 1126 559 1166; x_wconf 86' lang='lat' dir='ltr'><strong>desiderati</strong></span> <span class='ocrx_word' id='word_1_119' title='bbox 582 1126 629 1165; x_wconf 89' lang='lat' dir='ltr'><strong>ad</strong></span> <span class='ocrx_word' id='word_1_120' title='bbox 645 1126 842 1166; x_wconf 84' lang='lat' dir='ltr'><strong>hominum</strong></span> <span class='ocrx_word' id='word_1_121' title='bbox 861 1126 964 1166; x_wconf 89' lang='lat' dir='ltr'><strong>mille</strong></span> <span class='ocrx_word' id='word_1_122' title='bbox 979 1127 1117 1180; x_wconf 77' lang='lat' dir='ltr'><strong>partini</strong></span> <span class='ocrx_word' id='word_1_123' title='bbox 1135 1126 1306 1179; x_wconf 87' lang='lat' dir='ltr'><strong>equitum</strong></span> <span class='ocrx_word' id='word_1_124' title='bbox 1322 1125 1460 1179; x_wconf 85' lang='lat' dir='ltr'><strong>partim</strong></span> <span class='ocrx_word' id='word_1_125' title='bbox 1476 1125 1643 1177; x_wconf 89' lang='lat' dir='ltr'><strong>peditum</strong></span> <span class='ocrx_word' id='word_1_126' title='bbox 1661 1141 1671 1174; x_wconf 73' lang='grc' dir='ltr'><strong>ς</strong></span> 
     </span>
     <span class='ocr_line' id='line_1_15' title="bbox 189 1192 1673 1246; baseline -0.003 -12"><span class='ocrx_word' id='word_1_127' title='bbox 189 1194 314 1234; x_wconf 84' lang='lat' dir='ltr'><strong>saucii</strong></span> <span class='ocrx_word' id='word_1_128' title='bbox 340 1224 348 1233; x_wconf 92' lang='lat'><strong>.</strong></span> <span class='ocrx_word' id='word_1_129' title='bbox 377 1223 386 1232; x_wconf 88' lang='lat'><strong>.</strong></span> <span class='ocrx_word' id='word_1_130' title='bbox 412 1194 731 1233; x_wconf 88' lang='lat' dir='ltr'><strong>aduersariorum</strong></span> <span class='ocrx_word' id='word_1_131' title='bbox 754 1194 905 1246; x_wconf 87' lang='lat' dir='ltr'><strong>aquilae</strong></span> <span class='ocrx_word' id='word_1_132' title='bbox 928 1201 1021 1234; x_wconf 89' lang='lat' dir='ltr'><strong>sunt</strong></span> <span class='ocrx_word' id='word_1_133' title='bbox 1041 1194 1191 1234; x_wconf 88' lang='lat' dir='ltr'><strong>ablatae</strong></span> <span class='ocrx_word' id='word_1_134' title='bbox 1204 1200 1285 1233; x_wconf 85' lang='lat' dir='ltr'>XIII</span> <span class='ocrx_word' id='word_1_135' title='bbox 1308 1200 1345 1232; x_wconf 89' lang='lat' dir='ltr'><strong>et</strong></span> <span class='ocrx_word' id='word_1_136' title='bbox 1364 1194 1475 1244; x_wconf 89' lang='lat' dir='ltr'><strong>signa</strong></span> <span class='ocrx_word' id='word_1_137' title='bbox 1493 1199 1530 1231; x_wconf 87' lang='lat' dir='ltr'><strong>et</strong></span> <span class='ocrx_word' id='word_1_138' title='bbox 1547 1192 1673 1231; x_wconf 85' lang='lat' dir='ltr'><strong>fasces</strong></span> 
     </span>
     <span class='ocr_line' id='line_1_16' title="bbox 111 1256 1672 1316; baseline -0.003 -14"><span class='ocrx_word' id='word_1_139' title='bbox 111 1262 166 1306; x_wconf 75' lang='grc'><strong>32</strong></span> <span class='ocrx_word' id='word_1_140' title='bbox 187 1268 394 1316; x_wconf 85' lang='lat' dir='ltr'><strong>praeterea</strong></span> <span class='ocrx_word' id='word_1_141' title='bbox 423 1262 492 1301; x_wconf 90' lang='lat' dir='ltr'><strong>hos</strong></span> <span class='ocrx_word' id='word_1_142' title='bbox 524 1261 658 1301; x_wconf 84' lang='lat' dir='ltr'><strong>habuit</strong></span> <span class='ocrx_word' id='word_1_143' title='bbox 682 1291 879 1301; x_wconf 93' lang='grc'><strong>......</strong></span> <span class='ocrx_word' id='word_1_144' title='bbox 912 1276 963 1302; x_wconf 78' lang='lat' dir='ltr'><strong>ex</strong></span> <span class='ocrx_word' id='word_1_145' title='bbox 986 1262 1077 1315; x_wconf 85' lang='lat' dir='ltr'><strong>fuga</strong></span> <span class='ocrx_word' id='word_1_146' title='bbox 1107 1261 1178 1301; x_wconf 88' lang='lat' dir='ltr'><strong>hac</strong></span> <span class='ocrx_word' id='word_1_147' title='bbox 1200 1261 1262 1313; x_wconf 92' lang='lat' dir='ltr'><strong>qui</strong></span> <span class='ocrx_word' id='word_1_148' title='bbox 1285 1261 1463 1314; x_wconf 88' lang='lat' dir='ltr'><strong>oppidum</strong></span> <span class='ocrx_word' id='word_1_149' title='bbox 1484 1256 1672 1299; x_wconf 83' lang='lat' dir='ltr'><strong>Mundam</strong></span> 
     </span>
     <span class='ocr_line' id='line_1_17' title="bbox 187 1327 1674 1383; baseline -0.001 -15"><span class='ocrx_word' id='word_1_150' title='bbox 187 1328 260 1370; x_wconf 88' lang='lat' dir='ltr'><strong>sibi</strong></span> <span class='ocrx_word' id='word_1_151' title='bbox 283 1328 582 1369; x_wconf 88' lang='lat' dir='ltr'><strong>constituissent</strong></span> <span class='ocrx_word' id='word_1_152' title='bbox 602 1328 852 1382; x_wconf 87' lang='lat' dir='ltr'><strong>praesidium,</strong></span> <span class='ocrx_word' id='word_1_153' title='bbox 878 1330 1081 1382; x_wconf 89' lang='lat' dir='ltr'><strong>nostrique</strong></span> <span class='ocrx_word' id='word_1_154' title='bbox 1103 1328 1346 1383; x_wconf 78' lang='lat' dir='ltr'><strong>cogebantur</strong></span> <span class='ocrx_word' id='word_1_155' title='bbox 1363 1327 1588 1368; x_wconf 85' lang='lat' dir='ltr'><strong>necessario</strong></span> <span class='ocrx_word' id='word_1_156' title='bbox 1607 1340 1674 1366; x_wconf 90' lang='lat' dir='ltr'><strong>eos</strong></span> 
     </span>
    </p>

    <p class='ocr_par' dir='ltr' id='par_1_5' title="bbox 139 1395 1677 1792">
     <span class='ocr_line' id='line_1_18' title="bbox 139 1395 1672 1450; baseline -0.001 -14"><span class='ocrx_word' id='word_1_157' title='bbox 139 1396 167 1436; x_wconf 81' lang='lat'>2</span> <span class='ocrx_word' id='word_1_158' title='bbox 187 1396 501 1437; x_wconf 85' lang='lat' dir='ltr'><strong>circumuallare.</strong></span> <span class='ocrx_word' id='word_1_159' title='bbox 547 1395 613 1436; x_wconf 84' lang='lat' dir='ltr'><strong>Ex</strong></span> <span class='ocrx_word' id='word_1_160' title='bbox 636 1397 804 1437; x_wconf 85' lang='lat' dir='ltr'><strong>hostium</strong></span> <span class='ocrx_word' id='word_1_161' title='bbox 829 1397 948 1438; x_wconf 84' lang='lat' dir='ltr'><strong>armis</strong></span> <span class='ocrx_word' id='word_1_162' title='bbox 972 1404 1084 1437; x_wconf 88' lang='lat' dir='ltr'><strong>scuta</strong></span> <span class='ocrx_word' id='word_1_163' title='bbox 1106 1404 1145 1437; x_wconf 91' lang='lat' dir='ltr'><strong>et</strong></span> <span class='ocrx_word' id='word_1_164' title='bbox 1166 1397 1243 1450; x_wconf 87' lang='lat' dir='ltr'><strong>pila</strong></span> <span class='ocrx_word' id='word_1_165' title='bbox 1265 1410 1335 1449; x_wconf 90' lang='lat' dir='ltr'><strong>pro</strong></span> <span class='ocrx_word' id='word_1_166' title='bbox 1357 1395 1461 1436; x_wconf 88' lang='lat' dir='ltr'><strong>uallo</strong></span> <span class='ocrx_word' id='word_1_167' title='bbox 1476 1425 1486 1445; x_wconf 91' lang='lat'><strong>,</strong></span> <span class='ocrx_word' id='word_1_168' title='bbox 1517 1408 1587 1448; x_wconf 90' lang='lat' dir='ltr'><strong>pro</strong></span> <span class='ocrx_word' id='word_1_169' title='bbox 1610 1407 1672 1434; x_wconf 90' lang='lat' dir='ltr'><strong>cc-</strong></span> 
     </span>
     <span class='ocr_line' id='line_1_19' title="bbox 189 1464 1674 1519; baseline -0.002 -14"><span class='ocrx_word' id='word_1_170' title='bbox 189 1465 290 1519; x_wconf 88' lang='lat' dir='ltr'><strong>spite</strong></span> <span class='ocrx_word' id='word_1_171' title='bbox 313 1464 510 1505; x_wconf 82' lang='lat' dir='ltr'><strong>cadauera</strong></span> <span class='ocrx_word' id='word_1_172' title='bbox 531 1464 852 1515; x_wconf 75' lang='lat' dir='ltr'><strong>collocabantur,</strong></span> <span class='ocrx_word' id='word_1_173' title='bbox 886 1465 1047 1518; x_wconf 89' lang='lat' dir='ltr'><strong>insuper</strong></span> <span class='ocrx_word' id='word_1_174' title='bbox 1080 1464 1239 1519; x_wconf 87' lang='lat' dir='ltr'><strong>[occisi]</strong></span> <span class='ocrx_word' id='word_1_175' title='bbox 1272 1464 1313 1504; x_wconf 91' lang='lat' dir='ltr'><strong>in</strong></span> <span class='ocrx_word' id='word_1_176' title='bbox 1342 1464 1560 1518; x_wconf 87' lang='lat' dir='ltr'><strong>gladiorum</strong></span> <span class='ocrx_word' id='word_1_177' title='bbox 1591 1477 1674 1503; x_wconf 91' lang='lat' dir='ltr'><strong>mu-</strong></span> 
     </span>
     <span class='ocr_line' id='line_1_20' title="bbox 187 1530 1672 1588; baseline -0.001 -15"><span class='ocrx_word' id='word_1_178' title='bbox 187 1546 308 1573; x_wconf 88' lang='lat' dir='ltr'><strong>crone</strong></span> <span class='ocrx_word' id='word_1_179' title='bbox 330 1533 458 1587; x_wconf 85' lang='lat' dir='ltr'><strong>capita</strong></span> <span class='ocrx_word' id='word_1_180' title='bbox 480 1533 677 1573; x_wconf 87' lang='lat' dir='ltr'><strong>hominum</strong></span> <span class='ocrx_word' id='word_1_181' title='bbox 701 1533 882 1574; x_wconf 88' lang='lat' dir='ltr'><strong>ordinata</strong></span> <span class='ocrx_word' id='word_1_182' title='bbox 906 1534 953 1573; x_wconf 87' lang='lat' dir='ltr'><strong>ad</strong></span> <span class='ocrx_word' id='word_1_183' title='bbox 975 1533 1155 1588; x_wconf 88' lang='lat' dir='ltr'><strong>oppidum</strong></span> <span class='ocrx_word' id='word_1_184' title='bbox 1180 1546 1374 1573; x_wconf 87' lang='lat' dir='ltr'><strong>conuersa</strong></span> <span class='ocrx_word' id='word_1_185' title='bbox 1394 1531 1582 1572; x_wconf 88' lang='lat' dir='ltr'><strong>uniuersa</strong></span> <span class='ocrx_word' id='word_1_186' title='bbox 1603 1530 1672 1570; x_wconf 87' lang='lat' dir='ltr'><strong>ho-</strong></span> 
     </span>
     <span class='ocr_line' id='line_1_21' title="bbox 188 1600 1677 1656; baseline -0.001 -15"><span class='ocrx_word' id='word_1_187' title='bbox 188 1601 307 1641; x_wconf 90' lang='lat' dir='ltr'><strong>stium</strong></span> <span class='ocrx_word' id='word_1_188' title='bbox 328 1600 508 1641; x_wconf 88' lang='lat' dir='ltr'><strong>timorem</strong></span> <span class='ocrx_word' id='word_1_189' title='bbox 534 1631 730 1643; x_wconf 91' lang='grc'><strong>......</strong></span> <span class='ocrx_word' id='word_1_190' title='bbox 756 1601 994 1655; x_wconf 83' lang='lat' dir='ltr'><strong>uirtutisque</strong></span> <span class='ocrx_word' id='word_1_191' title='bbox 1015 1601 1187 1656; x_wconf 90' lang='lat' dir='ltr'><strong>insignia</strong></span> <span class='ocrx_word' id='word_1_192' title='bbox 1209 1600 1407 1655; x_wconf 87' lang='lat' dir='ltr'><strong>proposita</strong></span> <span class='ocrx_word' id='word_1_193' title='bbox 1430 1600 1610 1640; x_wconf 80' lang='lat' dir='ltr'><strong>uiderent</strong></span> <span class='ocrx_word' id='word_1_194' title='bbox 1637 1606 1677 1639; x_wconf 88' lang='lat' dir='ltr'><strong>et</strong></span> 
     </span>
     <span class='ocr_line' id='line_1_22' title="bbox 186 1667 1673 1722; baseline -0.001 -14"><span class='ocrx_word' id='word_1_195' title='bbox 186 1668 290 1709; x_wconf 86' lang='lat' dir='ltr'><strong>uallo</strong></span> <span class='ocrx_word' id='word_1_196' title='bbox 322 1668 722 1710; x_wconf 88' lang='lat' dir='ltr'><strong>circumcluderentur</strong></span> <span class='ocrx_word' id='word_1_197' title='bbox 751 1670 997 1720; x_wconf 84' lang='lat' dir='ltr'><strong>aduersarii,</strong></span> <span class='ocrx_word' id='word_1_198' title='bbox 1037 1670 1090 1711; x_wconf 89' lang='lat' dir='ltr'><strong>ita</strong></span> <span class='ocrx_word' id='word_1_199' title='bbox 1124 1667 1228 1710; x_wconf 89' lang='lat' dir='ltr'><strong>Galli</strong></span> <span class='ocrx_word' id='word_1_200' title='bbox 1260 1668 1426 1722; x_wconf 86' lang='lat' dir='ltr'><strong>tragulis</strong></span> <span class='ocrx_word' id='word_1_201' title='bbox 1456 1667 1673 1721; x_wconf 87' lang='lat' dir='ltr'><strong>iaculisque</strong></span> 
     </span>
     <span class='ocr_line' id='line_1_23' title="bbox 188 1736 1673 1792; baseline -0.001 -16"><span class='ocrx_word' id='word_1_202' title='bbox 188 1736 368 1791; x_wconf 91' lang='lat' dir='ltr'><strong>oppidum</strong></span> <span class='ocrx_word' id='word_1_203' title='bbox 391 1750 442 1777; x_wconf 84' lang='lat' dir='ltr'><strong>ex</strong></span> <span class='ocrx_word' id='word_1_204' title='bbox 460 1737 628 1778; x_wconf 84' lang='lat' dir='ltr'><strong>hostium</strong></span> <span class='ocrx_word' id='word_1_205' title='bbox 645 1738 899 1779; x_wconf 83' lang='lat' dir='ltr'><strong>cadaueribus</strong></span> <span class='ocrx_word' id='word_1_206' title='bbox 920 1739 1047 1792; x_wconf 89' lang='lat' dir='ltr'><strong>[sunt]</strong></span> <span class='ocrx_word' id='word_1_207' title='bbox 1067 1737 1323 1791; x_wconf 82' lang='lat' dir='ltr'><strong>circumplexi</strong></span> <span class='ocrx_word' id='word_1_208' title='bbox 1340 1749 1565 1789; x_wconf 86' lang='lat' dir='ltr'><strong>oppugnare</strong></span> <span class='ocrx_word' id='word_1_209' title='bbox 1583 1748 1673 1775; x_wconf 92' lang='lat' dir='ltr'><strong>coe-</strong></span> 
     </span>
    </p>

    <p class='ocr_par' dir='ltr' id='par_1_6' title="bbox 140 1802 1674 1929">
     <span class='ocr_line' id='line_1_24' title="bbox 140 1802 1672 1859; baseline -0.002 -14"><span class='ocrx_word' id='word_1_210' title='bbox 140 1804 164 1845; x_wconf 85' lang='lat'><strong>3</strong></span> <span class='ocrx_word' id='word_1_211' title='bbox 187 1811 342 1858; x_wconf 90' lang='lat' dir='ltr'><strong>perunt.</strong></span> <span class='ocrx_word' id='word_1_212' title='bbox 376 1802 445 1844; x_wconf 82' lang='lat' dir='ltr'><strong>Ex</strong></span> <span class='ocrx_word' id='word_1_213' title='bbox 466 1805 540 1846; x_wconf 93' lang='lat' dir='ltr'><strong>hoc</strong></span> <span class='ocrx_word' id='word_1_214' title='bbox 562 1806 713 1859; x_wconf 91' lang='lat' dir='ltr'><strong>proelio</strong></span> <span class='ocrx_word' id='word_1_215' title='bbox 727 1805 917 1848; x_wconf 84' lang='lat' dir='ltr'><strong>Valerius</strong></span> <span class='ocrx_word' id='word_1_216' title='bbox 940 1806 1172 1846; x_wconf 87' lang='lat' dir='ltr'><strong>adulescens</strong></span> <span class='ocrx_word' id='word_1_217' title='bbox 1187 1802 1411 1845; x_wconf 84' lang='lat' dir='ltr'><strong>Cordubam</strong></span> <span class='ocrx_word' id='word_1_218' title='bbox 1434 1817 1521 1843; x_wconf 89' lang='lat' dir='ltr'><strong>cum</strong></span> <span class='ocrx_word' id='word_1_219' title='bbox 1537 1802 1672 1856; x_wconf 86' lang='lat' dir='ltr'><strong>paucis</strong></span> 
     </span>
     <span class='ocr_line' id='line_1_25' title="bbox 186 1870 1674 1929; baseline -0.001 -18"><span class='ocrx_word' id='word_1_220' title='bbox 186 1871 380 1925; x_wconf 86' lang='lat' dir='ltr'><strong>equitibus</strong></span> <span class='ocrx_word' id='word_1_221' title='bbox 403 1873 518 1926; x_wconf 87' lang='lat' dir='ltr'><strong>fugit,</strong></span> <span class='ocrx_word' id='word_1_222' title='bbox 543 1871 641 1914; x_wconf 82' lang='lat' dir='ltr'><strong>Sex.</strong></span> <span class='ocrx_word' id='word_1_223' title='bbox 664 1872 852 1928; x_wconf 87' lang='lat' dir='ltr'><strong>Pompeio</strong></span> <span class='ocrx_word' id='word_1_224' title='bbox 867 1904 877 1923; x_wconf 88' lang='lat'><strong>,</strong></span> <span class='ocrx_word' id='word_1_225' title='bbox 911 1874 975 1929; x_wconf 90' lang='lat' dir='ltr'><strong>qui</strong></span> <span class='ocrx_word' id='word_1_226' title='bbox 997 1870 1207 1915; x_wconf 85' lang='lat' dir='ltr'><strong>Cordubae</strong></span> <span class='ocrx_word' id='word_1_227' title='bbox 1230 1872 1383 1922; x_wconf 85' lang='lat' dir='ltr'><strong>fuisset,</strong></span> <span class='ocrx_word' id='word_1_228' title='bbox 1417 1885 1500 1911; x_wconf 91' lang='lat' dir='ltr'><strong>rem</strong></span> <span class='ocrx_word' id='word_1_229' title='bbox 1522 1877 1674 1924; x_wconf 87' lang='lat' dir='ltr'><strong>gestam</strong></span> 
     </span>
    </p>
   </div>
   <div class='ocr_carea' id='block_1_3' title="bbox 140 1938 1672 1996">
    <p class='ocr_par' dir='ltr' id='par_1_7' title="bbox 140 1938 1672 1996">
     <span class='ocr_line' id='line_1_26' title="bbox 140 1938 1672 1996; baseline -0.003 -15"><span class='ocrx_word' id='word_1_230' title='bbox 140 1940 166 1981; x_wconf 88' lang='lat'>4</span> <span class='ocrx_word' id='word_1_231' title='bbox 188 1941 328 1981; x_wconf 84' lang='lat' dir='ltr'><strong>refert.</strong></span> <span class='ocrx_word' id='word_1_232' title='bbox 372 1938 546 1995; x_wconf 82' lang='lat' dir='ltr'><strong>Cognito</strong></span> <span class='ocrx_word' id='word_1_233' title='bbox 570 1942 642 1983; x_wconf 92' lang='lat' dir='ltr'><strong>hoc</strong></span> <span class='ocrx_word' id='word_1_234' title='bbox 663 1942 823 1996; x_wconf 84' lang='lat' dir='ltr'><strong>negotio</strong></span> <span class='ocrx_word' id='word_1_235' title='bbox 845 1957 941 1995; x_wconf 92' lang='lat' dir='ltr'><strong>quos</strong></span> <span class='ocrx_word' id='word_1_236' title='bbox 963 1943 1114 1996; x_wconf 87' lang='lat' dir='ltr'><strong>equites</strong></span> <span class='ocrx_word' id='word_1_237' title='bbox 1137 1955 1267 1982; x_wconf 87' lang='lat' dir='ltr'><strong>secum</strong></span> <span class='ocrx_word' id='word_1_238' title='bbox 1291 1939 1447 1987; x_wconf 80' lang='lat' dir='ltr'><strong>habuit,</strong></span> <span class='ocrx_word' id='word_1_239' title='bbox 1482 1938 1585 1992; x_wconf 91' lang='lat' dir='ltr'><strong>quod</strong></span> <span class='ocrx_word' id='word_1_240' title='bbox 1606 1951 1672 1992; x_wconf 90' lang='lat' dir='ltr'><strong>pe-</strong></span> 
     </span>
    </p>
   </div>
   <div class='ocr_carea' id='block_1_4' title="bbox 187 2007 1676 2873">
    <p class='ocr_par' dir='ltr' id='par_1_8' title="bbox 187 2007 1676 2619">
     <span class='ocr_line' id='line_1_27' title="bbox 331 2007 1673 2053; baseline -0.002 -12"><span class='ocrx_word' id='word_1_241' title='bbox 331 2008 347 2042; x_wconf 91' lang='lat'>1</span> <span class='ocrx_word' id='word_1_242' title='bbox 368 2010 508 2042; x_wconf 90' lang='lat' dir='ltr'><strong>sinistro</strong></span> <span class='ocrx_word' id='word_1_243' title='bbox 525 2021 601 2053; x_wconf 83' lang='lat' dir='ltr'><strong>ego,</strong></span> <span class='ocrx_word' id='word_1_244' title='bbox 624 2012 800 2044; x_wconf 88' lang='lat' dir='ltr'><strong>sinistrum</strong></span> <span class='ocrx_word' id='word_1_245' title='bbox 819 2012 920 2045; x_wconf 82' lang='lat' dir='ltr'><strong>codd.</strong></span> <span class='ocrx_word' id='word_1_246' title='bbox 1063 2012 1084 2045; x_wconf 81' lang='grc'>2</span> <span class='ocrx_word' id='word_1_247' title='bbox 1103 2016 1138 2042; x_wconf 84' lang='lat' dir='ltr'><strong>at</strong></span> <span class='ocrx_word' id='word_1_248' title='bbox 1156 2010 1207 2042; x_wconf 87' lang='lat' dir='ltr'><strong>illi</strong></span> <span class='ocrx_word' id='word_1_249' title='bbox 1226 2019 1303 2051; x_wconf 84' lang='lat' dir='ltr'><strong>ego,</strong></span> <span class='ocrx_word' id='word_1_250' title='bbox 1325 2009 1372 2040; x_wconf 83' lang='lat' dir='ltr'><strong>ita</strong></span> <span class='ocrx_word' id='word_1_251' title='bbox 1391 2008 1441 2040; x_wconf 90' lang='lat' dir='ltr'><strong>uti</strong></span> <span class='ocrx_word' id='word_1_252' title='bbox 1459 2018 1479 2040; x_wconf 88' lang='grc' dir='ltr'><em>α</em></span> <span class='ocrx_word' id='word_1_253' title='bbox 1500 2008 1517 2039; x_wconf 89' lang='lat' dir='ltr'><strong>b</strong></span> <span class='ocrx_word' id='word_1_254' title='bbox 1536 2018 1576 2048; x_wconf 86' lang='lat' dir='ltr'><strong>c‚·</strong></span> <span class='ocrx_word' id='word_1_255' title='bbox 1596 2012 1632 2039; x_wconf 86' lang='lat' dir='ltr'><strong>at</strong></span> <span class='ocrx_word' id='word_1_256' title='bbox 1649 2007 1673 2038; x_wconf 86' lang='lat' dir='ltr'><strong>ii</strong></span> 
     </span>
     <span class='ocr_line' id='line_1_28' title="bbox 187 2058 1676 2106; baseline -0.001 -16"><span class='ocrx_word' id='word_1_257' title='bbox 187 2058 300 2091; x_wconf 78' lang='lat' dir='ltr'><strong>Aldus</strong></span> <span class='ocrx_word' id='word_1_258' title='bbox 317 2069 353 2092; x_wconf 83' lang='lat' dir='ltr'><strong>u.</strong></span> <span class='ocrx_word' id='word_1_259' title='bbox 493 2068 635 2105; x_wconf 85' lang='lat' dir='ltr'><strong>possent</strong></span> <span class='ocrx_word' id='word_1_260' title='bbox 652 2073 673 2094; x_wconf 88' lang='grc' dir='ltr'><em>α</em></span> <span class='ocrx_word' id='word_1_261' title='bbox 693 2063 710 2095; x_wconf 82' lang='lat' dir='ltr'><strong>b</strong></span> <span class='ocrx_word' id='word_1_262' title='bbox 730 2074 759 2105; x_wconf 84' lang='lat' dir='ltr'><strong>c,</strong></span> <span class='ocrx_word' id='word_1_263' title='bbox 779 2064 975 2106; x_wconf 81' lang='lat' dir='ltr'><strong>possuntf,·</strong></span> <span class='ocrx_word' id='word_1_264' title='bbox 993 2063 1161 2106; x_wconf 82' lang='lat' dir='ltr'><strong>incipiunt</strong></span> <span class='ocrx_word' id='word_1_265' title='bbox 1175 2061 1291 2094; x_wconf 75' lang='lat' dir='ltr'><strong>Aldus</strong></span> <span class='ocrx_word' id='word_1_266' title='bbox 1309 2071 1352 2092; x_wconf 77' lang='lat' dir='ltr'><strong>u.-</strong></span> <span class='ocrx_word' id='word_1_267' title='bbox 1372 2059 1561 2092; x_wconf 76' lang='lat' dir='ltr'><strong>delendum</strong></span> <span class='ocrx_word' id='word_1_268' title='bbox 1579 2058 1676 2090; x_wconf 73' lang='lat' dir='ltr'><strong>uidit</strong></span> 
     </span>
     <span class='ocr_line' id='line_1_29' title="bbox 190 2110 1674 2154; baseline -0.002 -11"><span class='ocrx_word' id='word_1_269' title='bbox 190 2110 475 2153; x_wconf 75' lang='lat' dir='ltr'><strong>Oudendorpz&#39;us.</strong></span> <span class='ocrx_word' id='word_1_270' title='bbox 625 2114 736 2146; x_wconf 88' lang='lat' dir='ltr'><strong>locum</strong></span> <span class='ocrx_word' id='word_1_271' title='bbox 755 2125 785 2146; x_wconf 83' lang='lat' dir='ltr'><strong>e.</strong></span> <span class='ocrx_word' id='word_1_272' title='bbox 935 2115 1041 2146; x_wconf 81' lang='lat' dir='ltr'><strong>aciem</strong></span> <span class='ocrx_word' id='word_1_273' title='bbox 1061 2124 1081 2146; x_wconf 84' lang='grc' dir='ltr'><em>α</em></span> <span class='ocrx_word' id='word_1_274' title='bbox 1102 2115 1132 2154; x_wconf 77' lang='lat' dir='ltr'><strong>b,</strong></span> <span class='ocrx_word' id='word_1_275' title='bbox 1154 2113 1228 2145; x_wconf 85' lang='lat' dir='ltr'><strong>acie</strong></span> <span class='ocrx_word' id='word_1_276' title='bbox 1248 2123 1283 2144; x_wconf 80' lang='lat' dir='ltr'><strong>u.</strong></span> <span class='ocrx_word' id='word_1_277' title='bbox 1433 2110 1451 2143; x_wconf 84' lang='lat'><strong>3</strong></span> <span class='ocrx_word' id='word_1_278' title='bbox 1471 2110 1634 2142; x_wconf 87' lang='lat' dir='ltr'><strong>ueniundi</strong></span> <span class='ocrx_word' id='word_1_279' title='bbox 1653 2119 1674 2141; x_wconf 88' lang='lat' dir='ltr'><em>a</em></span> 
     </span>
     <span class='ocr_line' id='line_1_30' title="bbox 189 2161 1674 2206; baseline -0.002 -12"><span class='ocrx_word' id='word_1_280' title='bbox 189 2162 207 2194; x_wconf 83' lang='lat' dir='ltr'><strong><em>b</em></strong></span> <span class='ocrx_word' id='word_1_281' title='bbox 220 2173 249 2204; x_wconf 83' lang='lat' dir='ltr'><strong>c,</strong></span> <span class='ocrx_word' id='word_1_282' title='bbox 271 2173 341 2195; x_wconf 75' lang='lat' dir='ltr'><strong>non</strong></span> <span class='ocrx_word' id='word_1_283' title='bbox 360 2163 535 2195; x_wconf 89' lang='lat' dir='ltr'><strong>ueniendi.</strong></span> <span class='ocrx_word' id='word_1_284' title='bbox 677 2165 807 2197; x_wconf 87' lang='lat' dir='ltr'><strong>clamor</strong></span> <span class='ocrx_word' id='word_1_285' title='bbox 823 2175 844 2197; x_wconf 90' lang='grc' dir='ltr'><em>α</em></span> <span class='ocrx_word' id='word_1_286' title='bbox 857 2165 887 2206; x_wconf 89' lang='lat' dir='ltr'><strong>b,</strong></span> <span class='ocrx_word' id='word_1_287' title='bbox 903 2165 1043 2197; x_wconf 84' lang='lat' dir='ltr'><strong>clamori</strong></span> <span class='ocrx_word' id='word_1_288' title='bbox 1061 2175 1096 2196; x_wconf 80' lang='lat' dir='ltr'><strong>u.</strong></span> <span class='ocrx_word' id='word_1_289' title='bbox 1238 2166 1258 2196; x_wconf 82' lang='lat'><strong>4</strong></span> <span class='ocrx_word' id='word_1_290' title='bbox 1270 2162 1441 2204; x_wconf 77' lang='lat' dir='ltr'><strong>gemitus,</strong></span> <span class='ocrx_word' id='word_1_291' title='bbox 1455 2161 1601 2202; x_wconf 82' lang='lat' dir='ltr'><strong>gemitus</strong></span> <span class='ocrx_word' id='word_1_292' title='bbox 1619 2170 1674 2192; x_wconf 82' lang='lat' dir='ltr'><strong>re·</strong></span> 
     </span>
     <span class='ocr_line' id='line_1_31' title="bbox 189 2212 1672 2259; baseline -0.001 -14"><span class='ocrx_word' id='word_1_293' title='bbox 189 2213 293 2255; x_wconf 80' lang='lat' dir='ltr'><strong>liqui.</strong></span> <span class='ocrx_word' id='word_1_294' title='bbox 434 2215 599 2257; x_wconf 88' lang='lat' dir='ltr'><strong>strepitus</strong></span> <span class='ocrx_word' id='word_1_295' title='bbox 620 2216 651 2247; x_wconf 84' lang='lat' dir='ltr'><strong>b.</strong></span> <span class='ocrx_word' id='word_1_296' title='bbox 793 2216 1016 2259; x_wconf 87' lang='lat' dir='ltr'><strong>inperitorum</strong></span> <span class='ocrx_word' id='word_1_297' title='bbox 1035 2226 1068 2247; x_wconf 87' lang='lat' dir='ltr'><strong>a.</strong></span> <span class='ocrx_word' id='word_1_298' title='bbox 1211 2216 1229 2246; x_wconf 90' lang='lat'>5</span> <span class='ocrx_word' id='word_1_299' title='bbox 1247 2214 1349 2246; x_wconf 87' lang='lat' dir='ltr'><strong>timor</strong></span> <span class='ocrx_word' id='word_1_300' title='bbox 1368 2214 1607 2253; x_wconf 76' lang='lat' dir='ltr'><strong>Vascosanus,</strong></span> <span class='ocrx_word' id='word_1_301' title='bbox 1628 2212 1672 2244; x_wconf 80' lang='lat' dir='ltr'><strong>ti-</strong></span> 
     </span>
     <span class='ocr_line' id='line_1_32' title="bbox 187 2264 1529 2310; baseline -0.001 -13"><span class='ocrx_word' id='word_1_302' title='bbox 187 2276 281 2298; x_wconf 88' lang='grc'><strong>111010</strong></span> <span class='ocrx_word' id='word_1_303' title='bbox 300 2266 401 2298; x_wconf 84' lang='lat' dir='ltr'><strong>codd.</strong></span> <span class='ocrx_word' id='word_1_304' title='bbox 552 2267 570 2300; x_wconf 80' lang='lat'>9</span> <span class='ocrx_word' id='word_1_305' title='bbox 591 2266 648 2310; x_wconf 87' lang='lat' dir='ltr'><strong>ex]</strong></span> <span class='ocrx_word' id='word_1_306' title='bbox 668 2268 709 2300; x_wconf 82' lang='lat' dir='ltr'><strong>de</strong></span> <span class='ocrx_word' id='word_1_307' title='bbox 729 2269 761 2300; x_wconf 86' lang='lat' dir='ltr'><strong>b.</strong></span> <span class='ocrx_word' id='word_1_308' title='bbox 923 2269 960 2301; x_wconf 90' lang='grc'><strong>11</strong></span> <span class='ocrx_word' id='word_1_309' title='bbox 983 2268 1063 2300; x_wconf 85' lang='grc'><strong>110111</strong></span> <span class='ocrx_word' id='word_1_310' title='bbox 1083 2268 1114 2300; x_wconf 86' lang='lat' dir='ltr'><strong>b.</strong></span> <span class='ocrx_word' id='word_1_311' title='bbox 1257 2267 1297 2299; x_wconf 85' lang='lat'><strong>13</strong></span> <span class='ocrx_word' id='word_1_312' title='bbox 1315 2264 1423 2307; x_wconf 87' lang='lat' dir='ltr'><strong>mille]</strong></span> <span class='ocrx_word' id='word_1_313' title='bbox 1444 2275 1476 2295; x_wconf 85' lang='lat'><strong>00</strong></span> <span class='ocrx_word' id='word_1_314' title='bbox 1495 2275 1529 2296; x_wconf 85' lang='lat' dir='ltr'><strong>a.</strong></span> 
     </span>
     <span class='ocr_line' id='line_1_33' title="bbox 188 2314 1667 2362; baseline -0.003 -13"><span class='ocrx_word' id='word_1_315' title='bbox 188 2317 340 2360; x_wconf 87' lang='lat' dir='ltr'><strong>equitum</strong></span> <span class='ocrx_word' id='word_1_316' title='bbox 359 2319 482 2360; x_wconf 81' lang='lat' dir='ltr'><strong>partim</strong></span> <span class='ocrx_word' id='word_1_317' title='bbox 501 2319 651 2361; x_wconf 90' lang='lat' dir='ltr'><strong>peditum</strong></span> <span class='ocrx_word' id='word_1_318' title='bbox 669 2329 702 2360; x_wconf 86' lang='lat' dir='ltr'><strong>a,</strong></span> <span class='ocrx_word' id='word_1_319' title='bbox 725 2319 874 2362; x_wconf 88' lang='lat' dir='ltr'><strong>peditum</strong></span> <span class='ocrx_word' id='word_1_320' title='bbox 893 2320 1015 2362; x_wconf 87' lang='lat' dir='ltr'><strong>partim</strong></span> <span class='ocrx_word' id='word_1_321' title='bbox 1033 2319 1184 2361; x_wconf 89' lang='lat' dir='ltr'><strong>equitum</strong></span> <span class='ocrx_word' id='word_1_322' title='bbox 1203 2318 1281 2350; x_wconf 76' lang='lat' dir='ltr'><strong>edd.</strong></span> <span class='ocrx_word' id='word_1_323' title='bbox 1424 2315 1586 2349; x_wconf 75' lang='lat' dir='ltr'><strong>14saueii</strong></span> <span class='ocrx_word' id='word_1_324' title='bbox 1604 2324 1624 2346; x_wconf 85' lang='grc' dir='ltr'><em>α</em></span> <span class='ocrx_word' id='word_1_325' title='bbox 1638 2314 1667 2354; x_wconf 82' lang='grc' dir='ltr'><strong>ἱ),</strong></span> 
     </span>
     <span class='ocr_line' id='line_1_34' title="bbox 189 2366 1670 2412; baseline -0.002 -12"><span class='ocrx_word' id='word_1_326' title='bbox 189 2369 300 2401; x_wconf 83' lang='lat' dir='ltr'><strong>saucii</strong></span> <span class='ocrx_word' id='word_1_327' title='bbox 318 2369 359 2400; x_wconf 87' lang='lat' dir='ltr'><strong>ad</strong></span> <span class='ocrx_word' id='word_1_328' title='bbox 378 2380 443 2401; x_wconf 75' lang='lat' dir='ltr'><strong>nn.</strong></span> <span class='ocrx_word' id='word_1_329' title='bbox 457 2369 642 2402; x_wconf 80' lang='lat' dir='ltr'><strong>Lacunam</strong></span> <span class='ocrx_word' id='word_1_330' title='bbox 660 2381 724 2412; x_wconf 81' lang='lat' dir='ltr'><strong>ego</strong></span> <span class='ocrx_word' id='word_1_331' title='bbox 743 2374 880 2403; x_wconf 78' lang='lat' dir='ltr'><strong>notaui.</strong></span> <span class='ocrx_word' id='word_1_332' title='bbox 1033 2371 1072 2403; x_wconf 85' lang='lat'><strong>15</strong></span> <span class='ocrx_word' id='word_1_333' title='bbox 1086 2375 1267 2412; x_wconf 84' lang='lat' dir='ltr'><strong>praeterea</strong></span> <span class='ocrx_word' id='word_1_334' title='bbox 1286 2369 1345 2401; x_wconf 87' lang='grc'><strong>1105</strong></span> <span class='ocrx_word' id='word_1_335' title='bbox 1365 2368 1485 2400; x_wconf 83' lang='lat' dir='ltr'><strong>habuit</strong></span> <span class='ocrx_word' id='word_1_336' title='bbox 1502 2377 1523 2399; x_wconf 87' lang='grc' dir='ltr'><em>α</em></span> <span class='ocrx_word' id='word_1_337' title='bbox 1541 2367 1560 2400; x_wconf 84' lang='grc'><strong>3</strong></span> <span class='ocrx_word' id='word_1_338' title='bbox 1579 2366 1670 2398; x_wconf 80' lang='lat' dir='ltr'><strong>dett.</strong></span> 
     </span>
     <span class='ocr_line' id='line_1_35' title="bbox 191 2416 1671 2464; baseline -0.002 -13"><span class='ocrx_word' id='word_1_339' title='bbox 191 2420 242 2461; x_wconf 77' lang='lat' dir='ltr'><strong>(ln‘</strong></span> <span class='ocrx_word' id='word_1_340' title='bbox 258 2419 277 2452; x_wconf 86' lang='lat'><strong>3</strong></span> <span class='ocrx_word' id='word_1_341' title='bbox 296 2419 396 2462; x_wconf 86' lang='lat' dir='ltr'><strong>quos)</strong></span> <span class='ocrx_word' id='word_1_342' title='bbox 415 2424 451 2453; x_wconf 80' lang='lat' dir='ltr'><strong>et</strong></span> <span class='ocrx_word' id='word_1_343' title='bbox 466 2424 596 2454; x_wconf 75' lang='lat' dir='ltr'><strong>omisso</strong></span> <span class='ocrx_word' id='word_1_344' title='bbox 614 2427 795 2464; x_wconf 84' lang='lat' dir='ltr'><strong>praeterea</strong></span> <span class='ocrx_word' id='word_1_345' title='bbox 815 2423 844 2463; x_wconf 81' lang='lat' dir='ltr'><strong>b,</strong></span> <span class='ocrx_word' id='word_1_346' title='bbox 866 2427 1046 2464; x_wconf 82' lang='lat' dir='ltr'><strong>praeterea</strong></span> <span class='ocrx_word' id='word_1_347' title='bbox 1066 2422 1169 2453; x_wconf 84' lang='lat' dir='ltr'><strong>duces</strong></span> <span class='ocrx_word' id='word_1_348' title='bbox 1189 2420 1271 2452; x_wconf 90' lang='lat' dir='ltr'><strong>belli</strong></span> <span class='ocrx_word' id='word_1_349' title='bbox 1289 2430 1359 2452; x_wconf 79' lang='lat' dir='ltr'><strong>xvu</strong></span> <span class='ocrx_word' id='word_1_350' title='bbox 1378 2418 1467 2461; x_wconf 80' lang='lat' dir='ltr'><strong>capti</strong></span> <span class='ocrx_word' id='word_1_351' title='bbox 1487 2423 1578 2450; x_wconf 88' lang='lat' dir='ltr'><strong>sunt.</strong></span> <span class='ocrx_word' id='word_1_352' title='bbox 1602 2416 1671 2448; x_wconf 91' lang='lat' dir='ltr'><strong>Hos</strong></span> 
     </span>
     <span class='ocr_line' id='line_1_36' title="bbox 190 2470 1529 2516; baseline 0.001 -15"><span class='ocrx_word' id='word_1_353' title='bbox 190 2470 310 2502; x_wconf 85' lang='lat' dir='ltr'><strong>habuit</strong></span> <span class='ocrx_word' id='word_1_354' title='bbox 328 2481 383 2504; x_wconf 88' lang='lat' dir='ltr'><strong>res</strong></span> <span class='ocrx_word' id='word_1_355' title='bbox 402 2473 516 2507; x_wconf 76' lang='lat' dir='ltr'><strong>exitus</strong></span> <span class='ocrx_word' id='word_1_356' title='bbox 528 2484 563 2506; x_wconf 81' lang='lat' dir='ltr'><strong>u.</strong></span> <span class='ocrx_word' id='word_1_357' title='bbox 576 2474 760 2507; x_wconf 79' lang='lat' dir='ltr'><strong>Lacunam.</strong></span> <span class='ocrx_word' id='word_1_358' title='bbox 772 2484 835 2516; x_wconf 77' lang='lat' dir='ltr'><strong>ego</strong></span> <span class='ocrx_word' id='word_1_359' title='bbox 850 2476 988 2506; x_wconf 66' lang='lat' dir='ltr'><strong>notaui.</strong></span> <span class='ocrx_word' id='word_1_360' title='bbox 1130 2473 1216 2516; x_wconf 87' lang='lat' dir='ltr'><strong>quia</strong></span> <span class='ocrx_word' id='word_1_361' title='bbox 1229 2474 1246 2504; x_wconf 82' lang='lat' dir='ltr'><strong>b</strong></span> <span class='ocrx_word' id='word_1_362' title='bbox 1259 2473 1278 2505; x_wconf 85' lang='lat'>3</span> <span class='ocrx_word' id='word_1_363' title='bbox 1291 2472 1392 2512; x_wconf 65' lang='lat' dir='ltr'><strong>dett„</strong></span> <span class='ocrx_word' id='word_1_364' title='bbox 1408 2482 1482 2504; x_wconf 89' lang='grc'><strong>011111</strong></span> <span class='ocrx_word' id='word_1_365' title='bbox 1494 2481 1529 2502; x_wconf 83' lang='lat' dir='ltr'><strong>u.</strong></span> 
     </span>
     <span class='ocr_line' id='line_1_37' title="bbox 190 2521 1674 2568; baseline -0.002 -12"><span class='ocrx_word' id='word_1_366' title='bbox 190 2521 380 2556; x_wconf 85' lang='lat' dir='ltr'><strong>Mundamis</strong></span> <span class='ocrx_word' id='word_1_367' title='bbox 399 2524 445 2555; x_wconf 90' lang='lat' dir='ltr'><strong>ibi</strong></span> <span class='ocrx_word' id='word_1_368' title='bbox 464 2535 498 2557; x_wconf 87' lang='grc' dir='ltr'><strong>α.</strong></span> <span class='ocrx_word' id='word_1_369' title='bbox 650 2526 688 2559; x_wconf 82' lang='grc'><strong>16</strong></span> <span class='ocrx_word' id='word_1_370' title='bbox 709 2526 885 2568; x_wconf 84' lang='lat' dir='ltr'><strong>nostrique</strong></span> <span class='ocrx_word' id='word_1_371' title='bbox 904 2536 925 2557; x_wconf 89' lang='grc' dir='ltr'><em>α</em></span> <span class='ocrx_word' id='word_1_372' title='bbox 945 2527 974 2566; x_wconf 84' lang='lat' dir='ltr'><strong>b,</strong></span> <span class='ocrx_word' id='word_1_373' title='bbox 996 2525 1104 2556; x_wconf 83' lang='lat' dir='ltr'><strong>nostri</strong></span> <span class='ocrx_word' id='word_1_374' title='bbox 1123 2535 1158 2555; x_wconf 78' lang='lat' dir='ltr'><strong>u.</strong></span> <span class='ocrx_word' id='word_1_375' title='bbox 1302 2523 1341 2555; x_wconf 91' lang='lat'><strong>17</strong></span> <span class='ocrx_word' id='word_1_376' title='bbox 1360 2528 1458 2555; x_wconf 82' lang='lat' dir='ltr'><strong>scuta</strong></span> <span class='ocrx_word' id='word_1_377' title='bbox 1477 2527 1512 2554; x_wconf 91' lang='lat' dir='ltr'><strong>et</strong></span> <span class='ocrx_word' id='word_1_378' title='bbox 1529 2522 1597 2564; x_wconf 83' lang='lat' dir='ltr'><strong>pila</strong></span> <span class='ocrx_word' id='word_1_379' title='bbox 1615 2531 1674 2563; x_wconf 89' lang='lat' dir='ltr'><strong>pro</strong></span> 
     </span>
     <span class='ocr_line' id='line_1_38' title="bbox 191 2574 1672 2619; baseline 0.001 -14"><span class='ocrx_word' id='word_1_380' title='bbox 191 2574 283 2606; x_wconf 87' lang='lat' dir='ltr'><strong>uallo</strong></span> <span class='ocrx_word' id='word_1_381' title='bbox 296 2578 383 2616; x_wconf 77' lang='lat' dir='ltr'><strong>post</strong></span> <span class='ocrx_word' id='word_1_382' title='bbox 401 2576 502 2607; x_wconf 73' lang='lat' dir='ltr'><strong>armis</strong></span> <span class='ocrx_word' id='word_1_383' title='bbox 515 2579 633 2617; x_wconf 80' lang='lat' dir='ltr'><strong>posui,</strong></span> <span class='ocrx_word' id='word_1_384' title='bbox 644 2583 727 2619; x_wconf 79' lang='lat' dir='ltr'><strong>post</strong></span> <span class='ocrx_word' id='word_1_385' title='bbox 746 2577 1237 2618; x_wconf 76' lang='lat' dir='ltr'><strong>collocabantur(18)ponunt</strong></span> <span class='ocrx_word' id='word_1_386' title='bbox 1248 2576 1348 2607; x_wconf 79' lang='lat' dir='ltr'><strong>codd.</strong></span> <span class='ocrx_word' id='word_1_387' title='bbox 1362 2576 1466 2617; x_wconf 89' lang='lat' dir='ltr'><strong>(scuti</strong></span> <span class='ocrx_word' id='word_1_388' title='bbox 1480 2575 1528 2617; x_wconf 85' lang='lat' dir='ltr'><strong>b).</strong></span> <span class='ocrx_word' id='word_1_389' title='bbox 1542 2575 1581 2606; x_wconf 88' lang='lat' dir='ltr'><strong>P.</strong></span> <span class='ocrx_word' id='word_1_390' title='bbox 1593 2574 1672 2606; x_wconf 82' lang='lat'>244.</span> 
     </span>
    </p>

    <p class='ocr_par' dir='ltr' id='par_1_9' title="bbox 192 2625 1676 2873">
     <span class='ocr_line' id='line_1_39' title="bbox 338 2625 1676 2669; baseline 0 -12"><span class='ocrx_word' id='word_1_391' title='bbox 338 2625 378 2658; x_wconf 83' lang='lat'><strong>18</strong></span> <span class='ocrx_word' id='word_1_392' title='bbox 397 2626 503 2658; x_wconf 86' lang='lat' dir='ltr'><strong>occisi</strong></span> <span class='ocrx_word' id='word_1_393' title='bbox 521 2636 584 2668; x_wconf 84' lang='lat' dir='ltr'><strong>ego</strong></span> <span class='ocrx_word' id='word_1_394' title='bbox 602 2628 744 2660; x_wconf 77' lang='lat' dir='ltr'><strong>inclusi.</strong></span> <span class='ocrx_word' id='word_1_395' title='bbox 910 2629 944 2660; x_wconf 92' lang='lat' dir='ltr'><strong>in</strong></span> <span class='ocrx_word' id='word_1_396' title='bbox 963 2628 1152 2669; x_wconf 85' lang='lat' dir='ltr'><strong>gladiorum</strong></span> <span class='ocrx_word' id='word_1_397' title='bbox 1171 2637 1331 2658; x_wconf 80' lang='lat' dir='ltr'><strong>mucrone</strong></span> <span class='ocrx_word' id='word_1_398' title='bbox 1351 2637 1437 2668; x_wconf 78' lang='lat' dir='ltr'><strong>ego‚·</strong></span> <span class='ocrx_word' id='word_1_399' title='bbox 1457 2631 1491 2658; x_wconf 85' lang='lat' dir='ltr'><strong>et</strong></span> <span class='ocrx_word' id='word_1_400' title='bbox 1507 2626 1620 2667; x_wconf 84' lang='lat' dir='ltr'><strong>gladio</strong></span> <span class='ocrx_word' id='word_1_401' title='bbox 1639 2630 1676 2656; x_wconf 89' lang='lat' dir='ltr'><strong>nt</strong></span> 
     </span>
     <span class='ocr_line' id='line_1_40' title="bbox 192 2676 1676 2719; baseline -0.001 -10"><span class='ocrx_word' id='word_1_402' title='bbox 192 2687 307 2709; x_wconf 82' lang='lat' dir='ltr'><strong>mucro</strong></span> <span class='ocrx_word' id='word_1_403' title='bbox 326 2681 421 2718; x_wconf 81' lang='lat' dir='ltr'><strong>eta,</strong></span> <span class='ocrx_word' id='word_1_404' title='bbox 447 2677 481 2709; x_wconf 92' lang='lat' dir='ltr'><strong>in</strong></span> <span class='ocrx_word' id='word_1_405' title='bbox 499 2678 612 2718; x_wconf 84' lang='lat' dir='ltr'><strong>gladio</strong></span> <span class='ocrx_word' id='word_1_406' title='bbox 633 2684 670 2711; x_wconf 89' lang='lat' dir='ltr'><strong>ut</strong></span> <span class='ocrx_word' id='word_1_407' title='bbox 688 2680 722 2711; x_wconf 90' lang='lat' dir='ltr'><strong>in</strong></span> <span class='ocrx_word' id='word_1_408' title='bbox 742 2690 827 2711; x_wconf 88' lang='lat' dir='ltr'><strong>ueru</strong></span> <span class='ocrx_word' id='word_1_409' title='bbox 846 2684 880 2710; x_wconf 91' lang='grc'><strong>01</strong></span> <span class='ocrx_word' id='word_1_410' title='bbox 899 2680 939 2719; x_wconf 79' lang='lat' dir='ltr'><strong>b,-</strong></span> <span class='ocrx_word' id='word_1_411' title='bbox 967 2683 1000 2710; x_wconf 85' lang='lat' dir='ltr'><strong>et</strong></span> <span class='ocrx_word' id='word_1_412' title='bbox 1017 2678 1120 2719; x_wconf 82' lang='lat' dir='ltr'><strong>gladii</strong></span> <span class='ocrx_word' id='word_1_413' title='bbox 1140 2682 1174 2709; x_wconf 83' lang='lat' dir='ltr'><strong>et</strong></span> <span class='ocrx_word' id='word_1_414' title='bbox 1191 2688 1370 2710; x_wconf 85' lang='lat' dir='ltr'><strong>mucrones</strong></span> <span class='ocrx_word' id='word_1_415' title='bbox 1392 2683 1426 2710; x_wconf 87' lang='grc'><strong>01</strong></span> <span class='ocrx_word' id='word_1_416' title='bbox 1441 2677 1555 2710; x_wconf 81' lang='lat' dir='ltr'><strong>Aldus</strong></span> <span class='ocrx_word' id='word_1_417' title='bbox 1573 2687 1596 2708; x_wconf 80' lang='lat' dir='ltr'><em>n</em></span> <span class='ocrx_word' id='word_1_418' title='bbox 1613 2676 1676 2716; x_wconf 91' lang='lat' dir='ltr'><strong>(ut</strong></span> 
     </span>
     <span class='ocr_line' id='line_1_41' title="bbox 194 2729 1676 2772; baseline 0 -11"><span class='ocrx_word' id='word_1_419' title='bbox 194 2738 373 2761; x_wconf 86' lang='lat' dir='ltr'><strong>mucrones</strong></span> <span class='ocrx_word' id='word_1_420' title='bbox 391 2729 471 2762; x_wconf 81' lang='lat' dir='ltr'><strong>edd.</strong></span> <span class='ocrx_word' id='word_1_421' title='bbox 490 2733 573 2761; x_wconf 81' lang='lat' dir='ltr'><strong>ante</strong></span> <span class='ocrx_word' id='word_1_422' title='bbox 584 2730 698 2771; x_wconf 81' lang='lat' dir='ltr'><strong>Ald.).</strong></span> <span class='ocrx_word' id='word_1_423' title='bbox 842 2732 881 2764; x_wconf 81' lang='lat'><strong>19</strong></span> <span class='ocrx_word' id='word_1_424' title='bbox 893 2731 1075 2763; x_wconf 87' lang='lat' dir='ltr'><strong>uniuersas</strong></span> <span class='ocrx_word' id='word_1_425' title='bbox 1092 2741 1112 2762; x_wconf 85' lang='grc' dir='ltr'><em>α</em></span> <span class='ocrx_word' id='word_1_426' title='bbox 1125 2731 1155 2761; x_wconf 84' lang='lat' dir='ltr'><strong>b.</strong></span> <span class='ocrx_word' id='word_1_427' title='bbox 1296 2731 1516 2763; x_wconf 78' lang='lat' dir='ltr'><strong>20lacunam</strong></span> <span class='ocrx_word' id='word_1_428' title='bbox 1535 2740 1599 2772; x_wconf 81' lang='lat' dir='ltr'><strong>ego</strong></span> <span class='ocrx_word' id='word_1_429' title='bbox 1617 2740 1676 2761; x_wconf 82' lang='lat' dir='ltr'><strong>no-</strong></span> 
     </span>
     <span class='ocr_line' id='line_1_42' title="bbox 197 2780 1675 2820; baseline 0 -8"><span class='ocrx_word' id='word_1_430' title='bbox 197 2783 286 2813; x_wconf 73' lang='lat' dir='ltr'><strong>taui.</strong></span> <span class='ocrx_word' id='word_1_431' title='bbox 449 2781 493 2816; x_wconf 78' lang='lat'><strong>22</strong></span> <span class='ocrx_word' id='word_1_432' title='bbox 512 2785 591 2813; x_wconf 87' lang='lat' dir='ltr'><strong>sunt</strong></span> <span class='ocrx_word' id='word_1_433' title='bbox 609 2791 677 2813; x_wconf 83' lang='lat' dir='ltr'><strong>om.</strong></span> <span class='ocrx_word' id='word_1_434' title='bbox 697 2782 928 2815; x_wconf 72' lang='lat' dir='ltr'><strong>Petam‘anus.</strong></span> <span class='ocrx_word' id='word_1_435' title='bbox 1087 2781 1130 2813; x_wconf 73' lang='lat'><strong>23</strong></span> <span class='ocrx_word' id='word_1_436' title='bbox 1150 2780 1309 2814; x_wconf 82' lang='lat' dir='ltr'><strong>Valerius</strong></span> <span class='ocrx_word' id='word_1_437' title='bbox 1328 2782 1455 2820; x_wconf 79' lang='lat' dir='ltr'><strong>Aldus,</strong></span> <span class='ocrx_word' id='word_1_438' title='bbox 1476 2781 1634 2813; x_wconf 86' lang='lat' dir='ltr'><strong>Falerius</strong></span> <span class='ocrx_word' id='word_1_439' title='bbox 1654 2792 1675 2812; x_wconf 86' lang='lat' dir='ltr'><em>a</em></span> 
     </span>
     <span class='ocr_line' id='line_1_43' title="bbox 198 2832 1673 2873; baseline 0.001 -8"><span class='ocrx_word' id='word_1_440' title='bbox 198 2834 306 2865; x_wconf 62' lang='lat' dir='ltr'><strong>‘mss-J</strong></span> <span class='ocrx_word' id='word_1_441' title='bbox 468 2832 668 2866; x_wconf 81' lang='lat' dir='ltr'><strong>adulescens</strong></span> <span class='ocrx_word' id='word_1_442' title='bbox 688 2844 721 2865; x_wconf 89' lang='grc' dir='ltr'><strong>α.</strong></span> <span class='ocrx_word' id='word_1_443' title='bbox 878 2834 921 2868; x_wconf 76' lang='lat'><strong>24</strong></span> <span class='ocrx_word' id='word_1_444' title='bbox 939 2833 1020 2864; x_wconf 75' lang='lat' dir='ltr'><strong>Sex.</strong></span> <span class='ocrx_word' id='word_1_445' title='bbox 1041 2844 1073 2873; x_wconf 84' lang='grc' dir='ltr'><strong>α,</strong></span> <span class='ocrx_word' id='word_1_446' title='bbox 1096 2833 1197 2866; x_wconf 72' lang='lat' dir='ltr'><strong>Sexto</strong></span> <span class='ocrx_word' id='word_1_447' title='bbox 1218 2845 1250 2866; x_wconf 71' lang='grc' dir='ltr'><strong>ιι.</strong></span> <span class='ocrx_word' id='word_1_448' title='bbox 1407 2835 1449 2867; x_wconf 77' lang='lat'><strong>25</strong></span> <span class='ocrx_word' id='word_1_449' title='bbox 1468 2834 1588 2866; x_wconf 85' lang='lat' dir='ltr'><strong>habuit</strong></span> <span class='ocrx_word' id='word_1_450' title='bbox 1605 2843 1673 2866; x_wconf 86' lang='lat' dir='ltr'><strong>om.</strong></span> 
     </span>
    </p>
   </div>
   <div class='ocr_carea' id='block_1_5' title="bbox 202 2886 1050 2927">
    <p class='ocr_par' dir='ltr' id='par_1_10' title="bbox 202 2886 1050 2927">
     <span class='ocr_line' id='line_1_44' title="bbox 202 2886 1050 2927; baseline -0.001 -9"><span class='ocrx_word' id='word_1_451' title='bbox 202 2887 231 2927; x_wconf 85' lang='lat' dir='ltr'><strong>b,</strong></span> <span class='ocrx_word' id='word_1_452' title='bbox 254 2896 369 2919; x_wconf 88' lang='grc'><strong>5000111</strong></span> <span class='ocrx_word' id='word_1_453' title='bbox 387 2886 506 2919; x_wconf 85' lang='lat' dir='ltr'><strong>habuit</strong></span> <span class='ocrx_word' id='word_1_454' title='bbox 522 2896 592 2919; x_wconf 88' lang='lat' dir='ltr'><strong>om.</strong></span> <span class='ocrx_word' id='word_1_455' title='bbox 611 2886 723 2919; x_wconf 76' lang='lat' dir='ltr'><strong>Aldus</strong></span> <span class='ocrx_word' id='word_1_456' title='bbox 742 2897 776 2918; x_wconf 79' lang='lat' dir='ltr'><strong>u.</strong></span> <span class='ocrx_word' id='word_1_457' title='bbox 917 2890 998 2927; x_wconf 85' lang='lat' dir='ltr'><strong>quot</strong></span> <span class='ocrx_word' id='word_1_458' title='bbox 1017 2896 1050 2917; x_wconf 84' lang='grc' dir='ltr'><strong>α.</strong></span> 
     </span>
    </p>
   </div>
   <div class='ocr_carea' id='block_1_6' title="bbox 1706 926 1747 960">
    <p class='ocr_par' dir='ltr' id='par_1_11' title="bbox 1706 926 1747 960">
     <span class='ocr_line' id='line_1_45' title="bbox 1706 926 1747 960; baseline -0.024 0"><span class='ocrx_word' id='word_1_459' title='bbox 1706 926 1747 960; x_wconf 84' lang='grc'><strong>10</strong></span> 
     </span>
    </p>
   </div>
   <div class='ocr_carea' id='block_1_7' title="bbox 1710 1266 1746 1298">
    <p class='ocr_par' dir='ltr' id='par_1_12' title="bbox 1710 1266 1746 1298">
     <span class='ocr_line' id='line_1_46' title="bbox 1710 1266 1746 1298; baseline 0 0"><span class='ocrx_word' id='word_1_460' title='bbox 1710 1266 1746 1298; x_wconf 87' lang='grc'><strong>15</strong></span> 
     </span>
    </p>
   </div>
   <div class='ocr_carea' id='block_1_8' title="bbox 1705 1605 1748 1639">
    <p class='ocr_par' dir='ltr' id='par_1_13' title="bbox 1705 1605 1748 1639">
     <span class='ocr_line' id='line_1_47' title="bbox 1705 1605 1748 1639; baseline -0.023 0"><span class='ocrx_word' id='word_1_461' title='bbox 1705 1605 1748 1639; x_wconf 83' lang='grc'><strong>20</strong></span> 
     </span>
    </p>
   </div>
   <div class='ocr_carea' id='block_1_9' title="bbox 1702 1944 1745 1978">
    <p class='ocr_par' dir='ltr' id='par_1_14' title="bbox 1702 1944 1745 1978">
     <span class='ocr_line' id='line_1_48' title="bbox 1702 1944 1745 1978; baseline -0.023 0"><span class='ocrx_word' id='word_1_462' title='bbox 1702 1944 1745 1978; x_wconf 82' lang='grc'><strong>25</strong></span> 
     </span>
    </p>
   </div>
  </div>
 </body>
</html>
