1835 3240
57 170 142 213 488
591 176 665 217 DE
689 177 876 219 BELLO
901 174 1154 218 GALLICO

133 298 222 325 esse
245 295 499 338 consuesset,
536 303 585 329 ne
617 291 781 330 consilia
813 289 903 329 belli
938 288 1219 342 quaerentibus
1250 296 1390 330 auctor
1417 304 1614 332 armorum

133 353 291 406 duxque
314 355 486 404 deesset,
513 364 673 409 parente
687 357 878 397 Romanis
894 357 1053 397 ciuitate
1075 369 1158 395 cum
1182 356 1264 396 suis
1278 357 1470 409 equitibus
1494 360 1615 399 latro-

132 420 246 460 cini1s
269 435 311 461 se
332 435 501 475 suosque
524 423 651 462 alebat
673 424 910 477 infestisque
940 423 1148 464 itineribus
1181 431 1419 464 commeatus
1441 427 1614 480 complu·

131 500 222 537 res,
258 489 320 541 qui
353 489 686 542 conportabantur
720 491 759 530 in
792 492 953 531 hiberna
982 490 1276 539 Romanorum,
1321 491 1609 545 intercipiebat.

54 553 113 597 48
133 553 231 595 Erat
251 556 460 596 attributus
483 555 659 597 Antonio
682 560 902 611 praefectus
926 559 1094 612 equitum
1118 555 1166 598 C.
1183 556 1409 599 Volusenus
1433 557 1610 611 Quadra·

132 628 207 672 tus,
234 624 296 675 qui
319 637 403 662 cum
427 637 473 663 eo
497 624 737 665 hibernaret.
763 625 879 667 Hunc
892 626 1090 666 Antonius
1113 627 1159 665 ad
1175 626 1484 679 persequendum
1506 628 1614 680 equi-

82 689 108 728 2
131 696 253 730 tatum
277 691 444 730 hostium
469 692 601 732 mittit.
630 692 857 734 Volusenus
879 695 926 734 ad
949 708 1033 735 eam
1057 694 1259 743 uirtutem,
1284 707 1380 746 quae
1402 694 1614 748 singularis

131 765 216 798 erat
237 758 276 797 in
299 771 345 797 eo
361 789 370 807 ,
396 773 579 812 magnum
603 761 730 800 odium
754 759 923 802 Commii
945 762 1182 814 adiungebat
1205 792 1214 811 ‚
1251 775 1326 814 quo
1358 761 1544 801 libentius
1577 762 1615 802 id

131 826 291 874 faceret,
320 827 420 878 quod
442 827 724 881 imperabatur.
768 828 906 882 Itaque
929 830 1128 884 dispositis
1149 829 1303 869 insidiis
1326 829 1482 882 saepius
1505 829 1614 882 equi-

85 891 109 931 3
132 899 189 932 tes
212 893 296 932 eius
319 894 531 946 adgressus
554 897 725 937 secunda
749 898 897 950 proclia
920 897 1101 939 faciebat.
1144 896 1403 943 Nouissime,
1438 911 1523 936 cum
1547 910 1615 937 ue-

130 959 348 999 hementius
372 964 701 1013 contenderetur‚
738 980 783 1005 ac
806 965 1032 1006 Volusenus
1054 965 1178 1019 ipsius
1200 963 1473 1018 intercipiendi
1496 962 1615 1004 Com-

130 1027 194 1066 mii
217 1028 424 1081 cupiditate
447 1031 686 1083 pertinacius
710 1047 796 1074 eum
821 1049 905 1074 cum
929 1034 1063 1088 paucis
1085 1034 1287 1073 insecutus
1310 1038 1432 1080 esset,
1456 1032 1522 1072 ille
1544 1046 1614 1072 au-

129 1103 205 1135 tem
229 1097 320 1149 fuga
342 1097 564 1139 uehementi
589 1100 830 1141 Volusenum
855 1101 1110 1155 produxisset
1130 1100 1308 1154 longius,
1342 1099 1522 1139 inimicus
1546 1099 1613 1139 bo-

130 1163 225 1202 mini
247 1177 407 1204 suorum
422 1166 579 1206 inuocat
594 1169 703 1208 Iidem
718 1176 836 1221 atque
859 1169 1065 1216 auxilium,
1092 1181 1140 1207 ne
1162 1181 1233 1208 sua
1245 1168 1408 1207 uulnera
1420 1180 1488 1220 per
1500 1167 1612 1206 fidem

129 1230 299 1284 inposita
331 1239 562 1285 paterentur
591 1236 791 1288 inpunita,
823 1249 1095 1289 conuersoque
1125 1249 1224 1288 equo
1257 1248 1300 1274 se
1331 1248 1353 1274 a
1382 1233 1526 1273 ceteris
1555 1234 1615 1273 in-

81 1297 107 1336 4
129 1297 279 1338 cantius
302 1301 489 1350 permittit
511 1302 549 1340 in
568 1304 821 1354 praefectum.
847 1303 1015 1343 Faciunt
1038 1305 1110 1343 hoc
1131 1303 1231 1343 idem
1247 1315 1382 1342 omnes
1406 1301 1490 1341 eius
1504 1300 1614 1353 equi·

82 1364 106 1403 5
131 1371 188 1404 tes
218 1379 442 1419 paucosque
476 1376 634 1409 nostros
666 1378 902 1411 conuertunt
933 1379 1049 1424 atque
1071 1371 1347 1423 insequuntur.
1411 1365 1613 1408 Commius

128 1432 329 1472 incensum
355 1435 571 1476 calcaribus
594 1451 732 1491 equum
758 1440 959 1492 coniungit
981 1453 1079 1492 equo
1102 1437 1293 1490 Quadrati
1316 1437 1532 1489 lanceaque
1553 1437 1614 1476 in-

79 1498 106 1539 6
131 1501 228 1540 festa
260 1503 410 1555 magnis
445 1504 593 1544 uiribus
628 1507 794 1546 medium
829 1508 954 1547 femur
986 1506 1116 1547 traicit
1139 1504 1347 1546 Voluseni.
1404 1502 1613 1544 Praefecto

127 1568 337 1608 uulnerato
361 1585 439 1610 non
463 1571 640 1613 dubitant
672 1575 798 1614 nostri
832 1575 1019 1614 resistere
1042 1581 1080 1613 et
1101 1573 1306 1613 conuersis
1330 1572 1440 1625 equis
1464 1572 1612 1611 hostem

78 1634 104 1675 7
128 1636 287 1693 pellere.
315 1635 429 1690 Quod
454 1639 513 1678 ubi
538 1641 694 1691 accidit,
721 1643 928 1696 conplures
952 1642 1118 1682 hostium
1133 1655 1274 1694 magno
1297 1647 1520 1681 nostrorum
1541 1639 1612 1679 im-

274 1790 283 1821 1
308 1797 396 1822 esset
420 1802 465 1822 m.
483 1802 540 1832 pr.
562 1794 603 1824 B.
768 1795 989 1836 querentibus
1010 1795 1049 1826 B.
1205 1792 1226 1823 2
1245 1787 1418 1830 Romanis]
1440 1788 1504 1819 sibi
1523 1788 1611 1819 omni

125 1841 169 1872 D.
314 1843 503 1875 latrociniis
523 1856 558 1876 se
580 1856 727 1887 suosque
747 1846 916 1885 BCDA,
939 1857 975 1878 sc
996 1856 1143 1888 suosque
1162 1842 1352 1876 latrociniis
1372 1842 1418 1881 (e)
1432 1851 1465 1871 ιι-

124 1893 144 1923 l}
163 1890 468 1933 (conportabantnr
486 1895 533 1935 B)
554 1897 778 1936 portabantur
796 1907 841 1928 m.
858 1907 916 1938 pr.
941 1898 972 1928 b.
1117 1898 1133 1928 5
1154 1896 1191 1927 C.
1206 1893 1400 1926 Volusenus
1415 1891 1610 1932 Quadratus

123 1946 208 1974 ante
227 1944 314 1975 hunc
334 1946 536 1985 (ϋ)ροηηηΐ
551 1947 659 1978 bede
679 1946 723 1988 (G
739 1957 898 1989 supreme.
919 1958 988 1978 see.
1009 1957 1056 1978 771.
1076 1947 1150 1978 aius
1162 1945 1219 1987 B).
1331 1943 1349 1975 6
1369 1941 1613 1974 hibernaretB

127 1994 300 2035 ‘1·el1'qm?',
326 1996 492 2027 hiemaret
511 1997 527 2027 b
541 1997 593 2028 ecl
606 2009 634 2029 e.
794 1999 983 2040 equitatum
1005 1998 1151 2029 hostium
1171 1997 1230 2037 (Β)
1250 1995 1328 2027 edd.
1349 1997 1432 2026 ante
1450 2004 1485 2033 u,
1506 1994 1612 2024 hosti-

123 2055 177 2076 um
197 2046 383 2087 equitatum
402 2048 449 2087 (ὃ)
464 2058 497 2079 u.
656 2050 674 2082 7
694 2048 886 2081 Volusenus
907 2051 949 2082 ad
968 2051 1025 2082 Be
1046 2052 1170 2081 ‘ceteri
1181 2049 1201 2089 ⁷,
1223 2047 1416 2079 Volusenus
1436 2051 1548 2077 autem
1568 2045 1609 2076 ad

123 2095 146 2127 (l
161 2097 254 2129 And.
278 2098 393 2129 Ooeon.
537 2099 626 2141 eam]
647 2101 755 2142 partis
774 2100 856 2132 add.
879 2111 898 2131 ιι
912 2102 929 2131 b
943 2112 971 2140 e,
994 2106 1124 2142 partem
1143 2100 1225 2132 add.
1248 2110 1276 2129 e.
1433 2095 1533 2138 quae]
1554 2096 1610 2137 qui

124 2146 154 2177 b.
297 2148 317 2180 8
337 2149 462 2180 eratin
482 2160 520 2180 eo
539 2151 569 2181 B
590 2151 686 2181 ‘mss⁴
705 2151 893 2192 plere'qne',
915 2152 947 2182 in
968 2162 1007 2182 eo
1027 2155 1102 2182 erat
1119 2161 1154 2181 u.
1297 2148 1385 2190 quod
1403 2145 1611 2178 libentiusB

124 2197 210 2228 OD.
353 2200 371 2231 9
392 2200 638 2242 imperabatur]
660 2202 903 2241 iniungebatur
923 2203 952 2233 b.
1097 2201 1229 2243 equites
1248 2200 1320 2231 eius
1339 2198 1610 2230 BGualtlzersa—

121 2257 186 2278 nus
207 2246 422 2290 Stephanus.
445 2251 518 2281 eius
539 2252 672 2292 equites
692 2252 804 2283 Aldus
824 2263 858 2283 u.
1004 2252 1042 2284 *10
1062 2252 1249 2292 adgressus
1269 2249 1310 2281 B.
1476 2248 1515 2280 13
1535 2258 1610 2289 pro·

122 2300 278 2331 duxisset
294 2302 427 2341 longius
448 2301 506 2343 (B)
523 2303 592 2334 CD
606 2304 649 2343 A,
673 2304 805 2343 longius
826 2303 1049 2346 produxisset
1068 2302 1115 2343 (e)
1130 2312 1165 2333 u.
1307 2299 1464 2330 inimicus
1484 2298 1610 2329 homini

121 2352 152 2383 B
170 2352 218 2391 (is
237 2353 408 2394 inimicos)
432 2356 458 2386 C
478 2356 551 2395 (lese
571 2360 639 2386 tum
657 2355 902 2396 praerniltsffl)
923 2355 986 2386 Da
1001 2356 1017 2385 b
1032 2354 1127 2393 cde,
1155 2363 1224 2383 om.
1244 2351 1383 2392 aliquot
1401 2350 1487 2381 dett.
1510 2360 1545 2380 u.
1567 2350 1606 2381 P.

125 2403 200 2435 122.
346 2405 383 2436 14
402 2409 486 2436 ante
504 2417 641 2438 suorum
661 2407 744 2439 add.
767 2408 912 2438 omnium
931 2417 951 2438 α
967 2408 997 2446 b,
1018 2410 1158 2447 repente
1180 2404 1325 2435 omnium
1346 2403 1444 2441 cde,
1467 2406 1607 2442 repente

120 2454 163 2484 A.
352 2465 413 2496 per
431 2456 530 2487 fidem
551 2458 697 2498 inposita
719 2457 911 2497 Gruterus,
934 2468 991 2499 per
1008 2456 1107 2488 fidem
1127 2455 1364 2496 interpositam
1383 2453 1413 2484 B
1430 2453 1457 2484 C
1476 2456 1513 2484 et
1528 2463 1607 2492 sup.

122 2515 216 2537 nors.
238 2507 451 2548 A,·p01·fidia
472 2508 676 2550 interposita
697 2510 818 2541 bede.
843 2511 880 2541 I'.
907 2510 980 2543 123.
1167 2507 1207 2538 15
1226 2510 1424 2547 paterentur
1443 2503 1608 2546 impunita

123 2558 154 2589 B
167 2558 297 2597 CDA‚·
318 2559 427 2591 inulta
447 2565 647 2601 paterentur
667 2562 684 2591 b
697 2572 714 2591 e
732 2565 766 2592 et
784 2563 926 2592 z‘nzlerso
939 2560 1061 2592 ordine
1074 2570 1095 2590 η
1107 2558 1277 2600 (inpunita
1289 2556 1347 2594 B).
1495 2555 1532 2587 16
1546 2556 1607 2586 hoc

124 2611 153 2643 B
173 2611 326 2651 ‘eeterl',
349 2622 416 2643 om.
439 2613 500 2644 de.
640 2614 678 2646 17
699 2613 817 2656 atque]
838 2618 873 2645 et
892 2614 922 2644 I).
1065 2611 1268 2651 insequutur
1285 2608 1326 2640 B.
1474 2608 1513 2639 18
1529 2618 1609 2638 con—

122 2662 232 2702 iungit
250 2662 279 2692 B
299 2662 405 2702 ‘alic'’,
428 2662 537 2703 iungit
556 2664 573 2694 b
587 2663 677 2695 cde.
840 2664 879 2695 19
898 2662 1028 2703 magnis
1048 2661 1179 2692 uiribus
1198 2660 1343 2691 medium
1365 2657 1475 2689 femur
1492 2657 1610 2689 traicit

122 2712 285 2745 Voluseni
303 2714 333 2746 B
351 2717 402 2754 el,
425 2717 489 2755 qui
514 2725 532 2746 a
550 2719 634 2746 ante
651 2715 782 2755 magnis
807 2715 892 2746 add.
907 2739 917 2753 ,
941 2715 968 2746 C
981 2714 1012 2745 D
1027 2713 1139 2754 b(l12‘c
1162 2711 1308 2743 medium
1328 2710 1414 2751 om.)
1432 2720 1449 2740 e
1467 2713 1518 2750 ct,
1547 2711 1611 2751 qui

125 2765 256 2796 ibidem
275 2775 313 2796 ac
328 2767 446 2806 ponit,
466 2766 519 2804 A,·
539 2766 683 2797 medinm
704 2765 814 2797 femur
832 2766 906 2796 eius
926 2764 1056 2803 magnis
1076 2763 1206 2795 uiribus
1227 2760 1474 2794 traiciteAnd.
1491 2761 1606 2793 Ooeon.

266 2817 308 2851 20
327 2818 504 2849 uolnerata
525 2821 562 2848 et
576 2820 702 2849 slatim
721 2818 946 2849 uoluerantur
963 2816 1007 2848 A.
1146 2815 1323 2847 conuersis
1342 2813 1436 2855 equis
1456 2813 1485 2845 B
1504 2816 1540 2844 ec
1555 2822 1609 2844 re-

126 2868 240 2910 lsquz·‚-
261 2868 419 2900 conuersi
438 2868 534 2911 equis
555 2868 584 2907 b,
607 2871 764 2900 conuersi
784 2878 801 2899 c
820 2868 912 2900 And.
936 2866 1049 2899 Ooeon.
1190 2866 1228 2899 21
1253 2865 1433 2907 conplures
1452 2863 1493 2895 B.

1648 904 1688 937 10

1647 1240 1687 1273 15

1643 1577 1686 1609 20
