1835 3240
117 146 201 189 382
642 145 717 188 DE
749 144 937 188 BELLO
970 142 1222 186 GALLICO

146 259 173 300 2
193 259 344 312 legatos
367 257 558 299 delectum
582 258 725 300 habere
746 259 939 307 institnit3
965 257 1080 297 simul
1101 257 1148 298 ab
1163 256 1275 300 Gneo
1296 257 1484 313 Pompeio
1507 273 1673 313 procon-

195 327 281 368 sule
302 327 424 381 petit,
463 327 644 379 quoniam
667 327 751 379 ipse
774 327 820 365 ad
843 325 978 365 urbem
1004 339 1089 365 cum
1112 325 1274 379 imperio
1295 327 1533 381 reipublicae
1556 341 1675 368 causa

194 401 435 444 remaneret,
461 408 556 446 quos
579 408 628 433 ex
652 390 853 446 Cisalpina
877 391 1007 433 Gallia
1029 393 1200 432 consulis
1227 402 1474 435 sacramento
1496 396 1675 450 rogauis-

147 462 172 503 3
195 470 271 514 set,
296 463 343 502 ad
365 463 474 515 signa
488 461 703 500 conuenire
726 467 765 500 ct
786 461 832 500 ad
856 474 898 500 se
921 460 1115 514 proficisci
1138 460 1305 508 iuberet,
1331 463 1460 516 magni
1482 463 1676 503 interesse

195 531 311 571 etiam
334 531 373 569 in
395 529 586 580 reliquum
611 534 761 581 tempus
784 529 830 568 ad
854 528 1075 581 opinionem
1099 526 1254 568 Galliae
1276 528 1521 569 existumans
1546 538 1673 571 tantas
1706 538 1723 569 5

194 598 321 639 uideri
342 595 481 636 Italiae
505 596 712 636 facultates
729 627 739 645 ,
774 603 840 646 ut,
875 596 907 636 si
941 596 1032 649 quid
1055 603 1161 636 esset
1182 596 1220 636 in
1244 595 1345 636 bello
1368 596 1589 637 detrimenti
1613 612 1678 638 ac-

196 672 365 719 ceptum,
391 677 470 702 non
493 664 606 703 modo
627 664 664 703 id
687 664 797 704 breui
822 670 994 717 tempore
1015 664 1217 713 resarciri,
1243 664 1310 703 sed
1334 664 1451 703 etiam
1465 664 1676 705 maioribus

149 732 175 773 4
197 731 330 786 augeri
353 731 475 784 copiis
497 737 644 784 posset.
698 730 813 783 Quod
846 746 932 771 cum
954 730 1163 785 Pompeius
1196 738 1235 771 et
1262 731 1503 785 reipublicae
1525 739 1564 772 et
1584 733 1678 772 anii-

197 800 314 840 citiae
336 798 563 848 tribuisset,
602 799 788 839 celeriter
819 800 1000 839 confecto
1033 814 1102 853 per
1133 813 1226 839 suos
1259 799 1411 839 delectu
1442 799 1565 840 tribus
1589 806 1679 840 ante

197 874 379 908 exactam
403 865 567 906 hiemem
590 872 629 906 et
651 867 873 907 constitutis
909 874 945 906 et
968 867 1143 907 adductis
1167 867 1386 920 legionibus
1410 867 1681 921 duplicatoque
1716 874 1753 907 10

198 948 334 975 earum
356 934 575 974 cohortium
597 948 775 984 numero,
802 949 897 987 quas
920 949 1006 975 cum
1030 933 1080 987 Q
1106 935 1265 975 Titurio
1288 935 1491 985 amiserat,
1517 941 1556 975 et
1577 935 1680 975 cele-

196 1003 316 1043 ritate
339 1008 378 1043 et
399 1002 520 1056 copiis
544 1002 698 1052 docuit,
734 1003 824 1055 quid
854 1003 985 1057 populi
1005 1002 1177 1043 Romani
1207 1002 1410 1056 disciplina
1440 1009 1556 1056 atque
1587 1015 1680 1055 opes

197 1076 375 1125 possent.

150 1139 177 1183 2
310 1136 525 1178 Interfecto
547 1134 840 1187 Indutiomaro,
875 1144 918 1177 ut
940 1137 1168 1187 docuimus,
1202 1137 1251 1177 ad
1283 1138 1367 1178 eius
1398 1136 1635 1191 propinquos
1659 1150 1681 1176 a

197 1205 386 1247 Treueris
408 1205 611 1258 imperium
637 1206 825 1245 defertur.
874 1204 932 1245 Illi
957 1205 1139 1245 finitimos
1163 1204 1384 1245 Germanos
1407 1204 1621 1244 sollicitare
1645 1210 1684 1244 et
1718 1211 1754 1243 15

150 1273 177 1315 2
199 1273 401 1328 pecuniam
424 1272 600 1325 polliceri
624 1286 699 1312 non
723 1272 929 1312 desistunt.
965 1271 1065 1312 Cum
1088 1273 1134 1312 ab
1157 1273 1348 1325 proximis
1371 1273 1582 1324 impetrare
1605 1285 1683 1310 non

200 1347 377 1394 possent,
401 1340 609 1379 ulteriores
634 1347 838 1393 temptant.
890 1338 1070 1379 quentis
1102 1340 1301 1379 nonnullis
1334 1338 1557 1379 ciuitatibus
1579 1338 1682 1378 iure-

199 1408 366 1448 iurando
388 1407 493 1447 inter
514 1421 555 1447 se
578 1408 812 1447 confirmant
834 1407 1111 1460 obsidibusque
1134 1408 1179 1447 de
1201 1407 1366 1461 pecunia
1388 1414 1554 1447 caueut:
1586 1405 1681 1447 Am-

153 1474 178 1516 3
200 1475 388 1529 biorigem
413 1474 485 1514 sibi
508 1475 697 1515 societate
719 1482 758 1516 et
780 1475 939 1516 foedere
962 1476 1192 1528 adiungunt.
1233 1473 1385 1527 Quibus
1407 1475 1524 1515 rebus
1547 1476 1682 1528 cogni-

145 1579 149 1582 .
203 1543 251 1584 tis
274 1541 443 1592 Caesar,
470 1557 556 1582 cum
580 1544 748 1597 undique
770 1543 911 1583 bellum
934 1544 1064 1597 parari
1086 1543 1265 1593 uideret,
1290 1541 1480 1593 Neruios,
1505 1541 1683 1583 Aduatu-
1713 1549 1755 1581 20

201 1626 268 1652 cos
290 1625 335 1651 ac
356 1609 564 1664 Menapios
587 1611 782 1651 adiunctis
805 1609 1063 1652 Cisrhenanis
1086 1611 1263 1651 omuibus
1286 1609 1497 1651 Germanis
1531 1624 1620 1650 esse
1641 1609 1681 1649 in

201 1679 336 1729 armis,
366 1677 548 1720 Senones
571 1680 616 1718 ad
639 1679 872 1733 imperatum
896 1694 973 1719 non
998 1680 1133 1719 uenire
1159 1686 1198 1718 et
1219 1693 1304 1718 cum
1329 1676 1572 1718 Carnutibus
1595 1678 1682 1717 fini-

199 1747 396 1800 tumisque
419 1746 642 1786 ciuitatibus
666 1747 832 1787 consilia
854 1746 1144 1787 communicare
1159 1778 1169 1794 ,
1205 1761 1226 1786 a
1246 1746 1436 1786 Treueris
1459 1745 1680 1786 Germanos

201 1814 351 1855 crebris
375 1814 637 1867 legationibus
660 1814 892 1864 sollicitari,
928 1820 1120 1854 maturius
1143 1814 1214 1854 sibi
1238 1816 1283 1854 (le
1305 1814 1406 1854 bello
1430 1814 1680 1867 cogitandum

154 1882 181 1927 3
205 1883 368 1936 putauit.
414 1880 553 1934 Itaque
576 1882 745 1921 nondum
769 1883 894 1922 hieme
918 1884 1098 1922 confecta
1122 1882 1312 1936 proximis
1336 1889 1519 1934 quattuor
1537 1880 1683 1921 coactis

151 1950 179 1991 2
201 1950 422 2003 legionibus
446 1949 491 1989 (le
515 1950 769 2002 inprouisoin
792 1949 1140 1990 finesNeruiorum
1155 1950 1356 1989 contendit
1378 1957 1431 1999 et,
1457 1949 1681 2003 priusquam

199 2018 255 2058 illi
278 2024 346 2058 aut
368 2016 582 2057 conuenire
605 2024 673 2057 aut
695 2018 902 2070 profugere
925 2025 1111 2071 possent,
1137 2032 1278 2071 magno
1300 2018 1455 2071 pecoris
1478 2024 1592 2069 atque
1616 2015 1682 2056 ho-

198 2086 346 2125 minum
370 2100 532 2126 numero
566 2092 679 2139 capto
702 2094 817 2138 atque
840 2099 886 2126 ea
909 2086 1052 2139 praeda
1073 2086 1260 2126 militibus
1284 2098 1474 2125 concessa
1496 2083 1681 2124 uastatis-

153 2153 177 2193 3
203 2168 274 2207 que
296 2153 403 2208 agris
426 2154 466 2193 iu
489 2154 727 2194 deditionem
750 2153 888 2194 uenire
911 2160 1025 2206 atque
1048 2153 1203 2194 obsides
1226 2153 1299 2194 sibi
1323 2153 1418 2194 dare
1440 2151 1583 2208 coegit.
1620 2150 1680 2191 Eo

1713 1887 1732 1918 ιθ

1738 1888 1756 1919 Ut

344 2324 359 2356 1
382 2325 543 2357 dilectum
563 2325 594 2357 A
606 2324 753 2366 (mel),
776 2324 923 2356 delatum
942 2335 977 2356 α.
1117 2325 1158 2356 ab
1178 2335 1284 2366 negeo
1297 2324 1338 2365 Β,
1359 2324 1400 2355 ab
1421 2323 1482 2355 Cn.
1502 2333 1537 2354 u.

199 2373 220 2406 3
241 2381 431 2407 remaneret
449 2376 508 2417 (B)
529 2378 625 2407 ‘mss.
649 2375 713 2416 15³3
734 2376 933 2407 remanebat
952 2376 969 2407 b
982 2375 1055 2416 de,
1075 2376 1233 2407 manebat
1251 2386 1279 2406 c.
1480 2373 1568 2416 quod
1587 2382 1626 2404 ex
1647 2373 1678 2404 b.

344 2426 504 2457 consules
524 2427 553 2457 b.
696 2431 853 2466 rogasset
871 2427 902 2457 h.
1045 2426 1062 2457 5
1081 2426 1293 2458 existumans
1310 2424 1394 2456 AB.
1535 2423 1553 2455 7
1570 2433 1683 2455 resar-

195 2477 261 2508 ciri
279 2476 309 2508 B
327 2479 363 2507 et
379 2477 523 2517 reliqui,
545 2476 666 2508 sarciri
685 2487 702 2507 e
723 2476 837 2508 Oxou.
1011 2476 1032 2508 8
1049 2477 1167 2516 angeri
1185 2477 1215 2508 B
1235 2473 1428 2517 ‘ple7·z'que',
1450 2474 1614 2514 adaugeri
1634 2475 1652 2505 b
1665 2484 1682 2505 c

198 2527 266 2559 de.
407 2527 425 2558 9
445 2527 573 2558 dilectu
590 2526 793 2568 111(B)CD.
936 2527 976 2560 10
995 2527 1170 2569 duplicato
1189 2537 1304 2558 earum
1324 2527 1354 2557 b.
1509 2527 1546 2559 11
1569 2537 1682 2558 nume-

199 2589 274 2611 rum
295 2578 322 2610 C
338 2581 372 2609 et
389 2582 472 2609 ante
491 2589 585 2610 corr.
605 2579 647 2610 B.
843 2579 884 2610 14
903 2577 1133 2610 Indutiomaro
1153 2578 1226 2619 (B),
1248 2577 1482 2609 induciomaro
1501 2589 1537 2611 u.

203 2631 243 2663 15
264 2629 427 2661 Treueris
446 2630 488 2660 B.
629 2628 821 2670 imperium]
841 2639 978 2669 regnum
998 2638 1044 2659 m.
1060 2638 1117 2669 pr.
1141 2629 1172 2659 b.
1326 2629 1365 2660 18
1384 2629 1629 2672 obsidibusque
1649 2634 1683 2660 et

201 2682 242 2712 de
264 2681 295 2712 b.
439 2680 478 2712 19
498 2680 707 2719 coniungunt
727 2681 757 2710 b.
898 2679 941 2709 20
961 2678 1096 2709 uiderat
1114 2679 1164 2718 A,
1187 2679 1367 2710 uideretur
1387 2678 1427 2710 C.
1576 2681 1678 2712 Atua-

200 2736 299 2763 tucos
315 2730 358 2762 B.
521 2730 562 2764 21
584 2739 622 2759 ac
642 2729 671 2759 B
689 2731 725 2759 et
740 2728 895 2770 reliqui,
916 2738 985 2759 om.
1007 2729 1092 2760 bce.
1114 2729 1155 2760 P.
1177 2729 1231 2761 69.
1418 2729 1618 2762 Cisrcnanis
1637 2730 1678 2761 B.

344 2782 388 2817 22
406 2780 638 2822 finitumisque
658 2780 690 2811 A
704 2779 786 2810 BD.
928 2779 971 2813 23
990 2779 1031 2811 ab
1052 2778 1206 2812 Treuiris
1227 2780 1244 2811 b
1257 2805 1266 2819 ,
1288 2781 1330 2812 ad
1349 2780 1511 2813 Treuiros
1529 2782 1562 2813 ,ΔΙ
1579 2781 1681 2823 (Tre—

203 2833 296 2865 ueris
314 2832 373 2874 B).
512 2831 554 2867 25
574 2835 734 2873 quattuor
752 2830 800 2870 B,
824 2840 892 2862 non
912 2833 1069 2871 quatuor.
1210 2830 1252 2865 26
1273 2831 1444 2874 inprouiso
1462 2831 1504 2863 B.
