1835 3240
733 199 837 206 ——--
897 174 952 214 (34

185 291 286 340 sint,
321 288 477 330 dubium
510 302 587 328 non
619 295 702 337 θεῖς
735 287 891 327 sanauit
922 293 1051 325 antem
1081 286 1223 326 dudum
1246 285 1385 327 Morus
1407 290 1461 328 ita
1483 288 1659 330 scriben-

185 358 273 398 dum
297 371 387 398 esse
408 356 610 397 iudicans:
648 361 797 406 ‘neque
829 353 956 392 nostri
987 353 1166 406 longius,
1201 367 1313 406 quam
1342 370 1453 408 quem
1476 358 1523 397 ad
1545 357 1660 397 finem

184 432 364 479 porrecta
386 425 468 463 loca
492 430 625 476 aperta
649 420 911 475 pertinebant,
937 420 1122 460 cedentes
1144 420 1297 474 insequi
1313 424 1528 465 auderent’.
1560 424 1661 465 Nul-

184 493 261 533 lum
285 492 386 532 enim
411 492 542 530 uitium
578 489 824 542 peruagatius
854 494 915 527 est
937 501 1048 539 quam
1072 489 1286 541 particulae
1309 492 1552 543 copulatiuae
1575 506 1662 546 per-

184 574 301 600 uerse
323 574 344 598 a
366 558 537 598 librariis
560 556 750 596 adiectae.
795 553 863 594 Sic
886 555 971 594 hor.
998 569 1137 594 comm.
1166 554 1218 604 V,
1246 555 1311 605 18,
1337 556 1361 596 3
1382 557 1423 597 in
1444 556 1572 612 Bong.
1599 573 1658 612 pr.

184 626 300 668 Leid.
326 641 385 680 pr.
412 623 518 664 Scal.
545 622 674 662 Haun.
701 636 759 675 pr.
786 621 929 675 legitur
962 622 1071 676 ‘ripa
1093 630 1221 663 autem
1245 633 1328 663 erat
1350 625 1476 665 acutis
1499 627 1660 665 sudibus

184 694 445 749 praefixisque
468 690 641 736 munita',
669 697 707 730 et
727 690 767 729 in
789 690 922 729 codice
944 690 1155 744 archetypo
1178 691 1250 730 fuit
1274 690 1349 731 VII
1366 721 1376 741 ,
1400 690 1469 739 62,
1504 691 1531 732 8
1569 699 1579 716 ‘
1594 706 1662 732 no-

184 770 356 803 strorum
369 759 532 798 militum
550 756 852 810 uictorumque',
876 754 991 806 VIII,
1015 756 1086 807 27,
1110 759 1136 798 2
1159 763 1214 798 ‘et
1225 757 1445 800 Romanum
1469 767 1507 800 et
1529 767 1663 800 exter-

182 843 273 870 num
295 828 490 868 sustinere
512 824 692 874 hostem',
717 824 976 877 similiterque
999 825 1124 865 eiusd.
1150 826 1216 865 lib.
1245 824 1322 873 10,
1354 827 1382 866 2
1416 834 1425 852 ⁶
1441 834 1508 867 aut
1529 834 1666 867 nostra

182 896 330 938 auxilia
351 900 419 935 aut
440 890 643 932 Gallorum
668 890 1072 944 Germanorumque'.
1126 891 1259 933 Verba
1281 901 1410 934 autem
1448 899 1585 947 ‘quem
1617 895 1664 935 ad

182 965 295 1005 finem
320 959 512 1015 porrecta'
536 958 811 1012 coniungenda
832 966 921 999 sunt
943 973 1029 999 cum
1051 960 1173 1000 uerbo
1199 961 1489 1014 ‘pertinebant',
1519 969 1558 1001 et
1578 962 1665 1002 loca

181 1038 318 1086 aperta
339 1030 384 1070 ad
416 1029 583 1081 aliquem
614 1027 729 1066 finem
762 1034 947 1079 porrecta
969 1027 1167 1080 pertinere
1190 1028 1324 1068 eodem
1347 1029 1460 1068 modo
1483 1030 1667 1069 dicuntur

181 1106 298 1151 atque
320 1097 434 1151 paulo
457 1102 542 1149 post
565 1095 622 1148 (ξ.
638 1093 682 1145 7)
708 1093 859 1133 ‘hostes
883 1093 921 1133 in
944 1094 1056 1135 siluis
1078 1095 1197 1135 abditi
1219 1095 1373 1136 latere'.
1411 1093 1476 1136 Cf.
1503 1096 1541 1135 b.
1562 1095 1664 1136 Gall.

182 1164 283 1215 VII,
322 1162 398 1213 59,
432 1163 456 1204 ἴ)
490 1162 691 1216 ‘legiones
721 1176 742 1201 a
767 1161 961 1215 praesidio
984 1169 1100 1215 atque
1120 1163 1406 1217 impedimentis
1428 1163 1665 1204 interclusas

181 1233 392 1273 maximum
417 1231 561 1271 flumen
585 1229 833 1279 distinebat',
857 1229 895 1268 b.
922 1229 999 1269 cin.
1024 1228 1059 1280 I,
1084 1229 1164 1278 65,
1197 1229 1219 1269 1
1253 1234 1367 1283 ‘quos
1390 1230 1454 1270 ubi
1476 1231 1665 1272 Afranius

181 1300 314 1355 procul
336 1300 442 1339 uisos
465 1313 551 1338 cum
572 1296 733 1339 Petreio
756 1296 993 1350 conspexiff,
1018 1296 1087 1347 82,
1112 1297 1138 1336 4
1163 1297 1268 1337 ‘binc
1289 1298 1382 1338 duas
1405 1306 1537 1351 partes
1561 1299 1665 1338 acies

182 1368 425 1421 occupabant
456 1367 552 1406 duae
569 1396 578 1413 ,
614 1364 733 1405 tertia
766 1365 934 1404 uacabat
964 1366 1011 1405 ad
1035 1364 1236 1404 incursum
1259 1372 1376 1417 atque
1397 1366 1580 1418 impetum
1602 1378 1667 1404 re-

179 1435 303 1485 licta'3
339 1432 425 1475 Cio.
451 1448 520 1488 pro
542 1432 646 1473 Rab.
670 1433 780 1486 perd.
815 1446 884 1472 reo
906 1432 949 1482 7,
972 1431 1025 1472 21
1062 1437 1217 1471 ‘utrum
1247 1432 1437 1472 inclusum
1462 1439 1577 1484 atque
1599 1431 1667 1471 ab·

183 1504 301 1544 ditum
324 1503 450 1543 latere
471 1501 512 1541 in
533 1499 718 1547 occulto'‚
753 1500 799 1540 de
821 1514 932 1553 prou.
959 1514 1069 1540 cons.
1095 1499 1146 1548 4,
1179 1497 1206 1538 6
1240 1504 1350 1539 ‘cum
1372 1498 1665 1540 Mithridaticos

179 1572 347 1625 impetus
380 1576 578 1622 totumque
609 1566 780 1607 Pontum
811 1573 1003 1607 armatum
1040 1566 1263 1607 ceruicibus
1293 1567 1551 1607 interclusum
1583 1566 1664 1606 suis

180 1635 454 1679 sustinerent'.

294 1702 344 1745 C.
369 1703 448 1754 24,
481 1701 509 1742 4
530 1709 620 1743 ante
640 1701 783 1742 Aldum
805 1702 862 1742 sic
885 1702 1095 1742 edebatur:
1144 1699 1320 1754 ‘Quibus
1343 1702 1522 1742 omnibus
1545 1701 1664 1742 rebus

181 1772 347 1828 permoti
370 1771 520 1824 equites
543 1769 740 1818 Treueri,
775 1783 940 1822 quorum
961 1769 1065 1809 inter
1087 1767 1223 1809 Gallos
1256 1771 1412 1810 uirtutis
1443 1770 1573 1823 opinio
1605 1775 1665 1809 est

180 1839 390 1895 singularis
405 1869 416 1887 ,
451 1838 514 1890 qui
546 1837 684 1877 auxilii
708 1851 829 1877 causa
850 1837 897 1877 ab
921 1836 1080 1876 ciuitate
1102 1837 1149 1876 ad
1174 1834 1389 1878 Caesarem
1412 1837 1521 1877 missi
1545 1850 1664 1877 uene-

179 1915 284 1958 rant,
311 1922 396 1948 cum
418 1905 668 1946 multitudine
690 1904 859 1945 hostium
882 1911 1012 1944 castra
1033 1911 1170 1944 nostra
1191 1905 1404 1958 compleri,
1430 1913 1586 1946 nostras
1608 1905 1664 1945 le-

180 1977 317 2030 giones
340 1974 462 2028 premi
485 1987 530 2014 ac
553 1987 677 2027 paene
699 1973 988 2012 circumuentas
1012 1971 1152 2021 teneri,
1178 1973 1353 2019 calones,
1378 1973 1551 2027 equites,
1579 1973 1666 2012 fun-

181 2044 351 2092 ditores,
384 2040 576 2081 Numidas
600 2041 778 2081 diuersos
808 2039 1093 2092 dissipatosque
1124 2040 1165 2079 in
1197 2053 1332 2079 omnes
1364 2046 1496 2092 partes
1528 2040 1664 2093 sugere

180 2111 387 2158 uidissent,
414 2108 630 2162 desperatis
652 2107 799 2147 nostris
821 2106 939 2146 rebus
963 2106 1114 2145 domum
1140 2106 1440 2147 contenderunt'
1465 2113 1558 2146 cett.
1592 2105 1664 2146 Al—

182 2179 251 2219 dus
277 2176 501 2225 ‘nostras',
537 2175 638 2228 quod
660 2181 752 2214 ante
787 2173 1009 2227 ‘legiones'
1042 2174 1202 2227 legitur,
1238 2173 1369 2213 omisit
1396 2180 1554 2213 secutus
1577 2173 1663 2213 sine

182 2245 295 2286 dubio
319 2244 492 2285 codicem
513 2242 771 2295 interpolatae
794 2240 986 2289 familiae,
1023 2255 1109 2280 eum
1142 2255 1267 2293 neque
1298 2241 1339 2280 in
1360 2239 1493 2280 Haun.
1529 2254 1587 2294 pr.
1624 2247 1664 2280 et

182 2313 303 2355 Vind.
329 2325 387 2366 pr.
421 2323 466 2350 ea
488 2322 569 2349 uox
598 2316 725 2357 extet,
750 2321 875 2361 neque
897 2322 949 2348 ex
970 2308 1131 2361 reliquis
1154 2309 1327 2349 eiusdem
1350 2308 1519 2348 familiae
1541 2320 1663 2347 anno-

181 2388 301 2421 tetur.
346 2376 482 2419 Secuti
505 2383 595 2416 sunt
617 2376 774 2428 reliqui.
818 2374 1016 2416 Videbant
1038 2375 1138 2415 enim
1162 2390 1241 2415 non
1262 2375 1464 2415 Romanas
1485 2375 1662 2427 legiones

183 2446 353 2488 discerni
374 2445 421 2485 ab
444 2444 530 2484 aliis
552 2443 795 2497 legionibus,
827 2443 873 2483 de
896 2442 1034 2497 quibus
1058 2456 1105 2482 ne
1129 2444 1295 2496 cogitari
1317 2442 1471 2495 quidem
1492 2447 1661 2494 poterat,

182 2515 252 2556 sed
266 2514 443 2566 legiones
465 2526 488 2552 a
510 2510 726 2557 calonibus,
752 2510 944 2563 equitibus
966 2510 1205 2564 reliquisque
1228 2510 1364 2563 copiis.
1396 2506 1662 2548 Schneiderus

183 2596 278 2623 uero
303 2589 312 2605 ‘
329 2587 485 2621 nostras
506 2577 704 2632 legiones'
732 2577 906 2617 restituit
926 2584 1041 2629 atque
1063 2577 1115 2616 ita
1139 2577 1340 2630 aptissime
1362 2575 1573 2628 significari
1595 2588 1664 2628 pu-

184 2649 282 2692 tauit
299 2648 501 2689 Treueros
518 2646 789 2687 Romanorum
811 2644 1054 2697 potissimum
1076 2658 1157 2693 res,
1183 2644 1248 2697 qui
1269 2644 1385 2696 longe
1408 2642 1482 2682 alia
1506 2643 1665 2682 fortuna

183 2718 240 2758 uti
262 2721 544 2763 consuessent,
569 2714 665 2754 adeo
688 2712 852 2752 afflictas
876 2711 1037 2751 miratos
1064 2724 1166 2750 esse.
1230 2708 1309 2750 Sed
1331 2724 1377 2750 ea
1399 2710 1595 2751 sententia
1616 2709 1663 2748 ab

185 2787 259 2826 hoc
280 2786 366 2825 loco
388 2783 558 2823 maxime
580 2781 709 2821 aliena
731 2786 804 2820 est.
855 2778 895 2819 N
900 2793 998 2832 eque
1020 2779 1123 2818 enim
1144 2778 1232 2818 ideo
1256 2778 1456 2831 fugiebant
1476 2776 1662 2826 Treueri,

186 2853 286 2906 quod
306 2852 350 2903 ii,
375 2850 438 2905 qui
460 2849 748 2904 affligebantur,
772 2846 943 2889 Romani
961 2853 1088 2896 erant,
1114 2846 1224 2899 quasi
1242 2845 1462 2887 remansuri
1479 2846 1661 2892 fuissent,
