1835 3240
90 162 172 208 446
614 161 689 204 DE
721 160 910 204 BELLo
944 136 1195 205 GALLlco

121 281 148 321 2
169 279 278 329 loco,
303 284 346 317 ut
368 277 444 318 nisi
467 276 670 317 obsidione
693 275 912 330 expugnari
935 290 1013 316 non
1035 289 1153 332 posse
1173 277 1401 328 uideretur,
1437 278 1548 319 cuius
1571 278 1650 318 col-

121 346 146 387 3
169 347 216 386 lis
238 346 390 386 radices
425 346 499 385 duo
531 345 680 385 duabus
711 358 764 384 ex
794 344 969 398 partibus
1002 343 1161 384 flumina
1191 346 1439 387 subluebant.
1482 346 1590 386 Ante
1612 346 1649 387 id

168 415 348 469 oppidum
382 414 568 467 planicies
602 412 762 452 circiter
791 412 895 452 milia
917 426 1099 466 passuum
1122 413 1196 452 tria
1219 414 1258 453 in
1281 414 1560 468 longitudinem
1584 428 1650 468 pa-

119 483 145 523 4
169 483 298 523 tebat:
324 482 485 535 reliquis
509 495 561 520 ex
583 480 762 519 omnibus
785 480 960 533 partibus
983 481 1102 521 colles
1125 481 1310 521 mediocri
1332 482 1539 522 interiecto
1562 495 1651 537 spa-

120 551 144 593 5
167 552 221 591 tio
244 551 328 605 pari
360 549 574 589 altitudinis
607 549 764 603 fastigio
797 549 977 602 oppidum
1000 549 1224 603 cingebant.
1272 546 1352 588 Sub
1374 563 1510 599 muro,
1550 563 1647 604 quae

166 634 255 674 pars
279 618 389 659 collis
412 617 459 657 ad
482 617 672 658 orientem
695 617 819 656 solem
843 617 1068 670 spectabat,
1111 617 1211 656 hunc
1242 630 1394 657 omnem
1427 617 1552 657 locum
1586 632 1651 658 co-

168 688 255 742 piae
279 685 481 726 Gallorum
505 686 802 739 compleuerant
824 686 1045 738 fossamque
1069 692 1108 725 et
1129 685 1341 725 maceriam
1364 698 1438 724 sex
1459 684 1498 724 in
1521 684 1651 725 altitu-

118 754 144 795 6
167 756 292 795 dinem
317 754 454 807 pedum
478 754 788 806 praeduxerant.
844 752 940 793 Eius
973 753 1228 802 munitionis,
1263 766 1360 805 quae
1391 752 1437 792 ab
1459 750 1652 792 Romanis

120 823 144 863 7
166 821 468 870 instituebatur,
501 821 687 861 circuitus
710 829 757 861 XI
780 821 885 861 milia
909 835 1091 875 passuum
1117 820 1287 860 tenebat.
1349 817 1492 860 Castra
1515 833 1654 873 oppor-

167 890 271 930 tunis
294 889 390 929 locis
414 896 529 928 erant
550 890 676 942 posita
698 889 827 942 ibique
851 889 1012 929 castella
1035 889 1174 942 uiginti
1199 888 1273 929 tria
1297 889 1425 937 facta3
1452 888 1592 940 quibus
1614 888 1653 928 in

168 957 342 998 castellis
367 957 537 997 interdiu
558 958 752 997 stationes
776 957 1045 1011 ponebantur,
1081 971 1130 997 ne
1161 970 1236 1010 qua
1259 955 1389 996 subito
1412 956 1564 1009 eruptio
1587 956 1665 996 fie-'

164 1033 248 1067 ret:
283 1027 380 1066 haec
402 1026 536 1065 eadem
562 1032 680 1065 noctu
703 1025 1000 1065 excubitoribus
1023 1039 1068 1066 ac
1090 1025 1212 1065 firmis
1234 1023 1441 1078 praesidiis
1466 1023 1653 1064 teneban-

90 1095 149 1139 '70
167 1101 244 1134 tur.
277 1091 409 1147 Opere
433 1093 615 1134 instituto
639 1095 679 1133 fit
701 1100 885 1146 equestre
907 1093 1097 1147 proelium
1120 1093 1159 1133 in
1182 1106 1226 1132 ea
1249 1091 1431 1146 planicie,
1457 1105 1570 1144 quam
1592 1091 1653 1131 in-

165 1161 389 1203 termissam
422 1162 587 1201 collibus
619 1161 693 1201 tria
726 1162 827 1201 milia
860 1175 1043 1215 passuum
1066 1162 1105 1200 in
1129 1161 1410 1213 longitudinem
1434 1166 1567 1213 patere
1589 1172 1654 1199 su-

119 1231 147 1272 2
168 1245 236 1285 pra
259 1230 630 1270 demonstrauimus.
687 1227 848 1269 Summa
873 1229 907 1268 ui
931 1229 979 1269 ab
1001 1229 1179 1281 utrisque
1202 1227 1467 1268 contenditur.
1522 1224 1654 1265 Labo-

165 1298 346 1338 rantibus
379 1298 527 1337 nostris
550 1295 702 1337 Cacsar
725 1295 948 1337 Germanos
980 1296 1189 1337 summittit
1221 1296 1476 1350 legionesque
1499 1307 1567 1347 pro
1591 1308 1655 1334 ea-

165 1366 260 1406 stris
283 1366 512 1414 constituit,
548 1379 595 1405 ne
628 1379 703 1418 qua
735 1365 866 1405 subito
899 1364 1071 1418 inruptio
1104 1364 1150 1404 ab
1181 1363 1348 1404 hostium
1374 1363 1547 1416 peditatu
1570 1363 1651 1402 fiat.

119 1433 143 1474 3
166 1433 372 1474 Praesidio
395 1433 591 1487 legionum
605 1434 735 1473 addito
752 1433 899 1473 nostris
913 1433 1067 1472 animus
1089 1439 1278 1486 augetur:
1305 1432 1439 1471 hostes
1461 1430 1501 1470 in
1524 1431 1655 1485 fugam

167 1502 335 1543 coniecti
367 1515 409 1542 se
440 1502 512 1555 ipsi
545 1502 792 1543 multitudine
826 1501 1030 1555 inpediunt
1058 1508 1176 1554 atque
1205 1499 1501 1553 angustioribus
1529 1498 1654 1552 portis

119 1570 145 1610 4
168 1569 316 1610 relictis
339 1577 643 1610 coaceruantur.
704 1568 891 1610 Germani
924 1570 1056 1610 acrius
1087 1583 1211 1622 usque
1242 1569 1290 1608 ad
1323 1567 1562 1607 munitiones
1594 1579 1656 1606 se—

119 1638 144 1679 5
167 1644 324 1678 cuntur.
365 1637 432 1678 Fit
453 1652 595 1692 magna
618 1639 784 1679 caedes:
812 1638 987 1678 nonnulli
1010 1638 1159 1677 relictis
1183 1635 1291 1689 equis
1315 1637 1460 1676 fossam
1485 1634 1654 1675 transire

167 1714 206 1747 et
236 1706 444 1746 maceriam
480 1707 761 1747 transcendere
793 1713 1002 1746 conantur.
1066 1704 1230 1745 Paulum
1271 1703 1449 1758 legiones
1483 1699 1651 1752 Caesar,

119 1774 145 1815 6
167 1789 263 1828 quas
286 1789 356 1828 pro
379 1775 483 1815 uallo
506 1775 780 1824 constituerat,
807 1775 1032 1827 promoueri
1054 1774 1176 1814 iubet.
1220 1771 1315 1813 Non
1338 1772 1482 1819 minus,
1509 1770 1572 1824 qui
1594 1771 1655 1810 in-

165 1851 226 1882 tra
249 1842 485 1882 munitiones
509 1849 646 1891 erant,
682 1842 963 1897 perturbantur
985 1841 1114 1882 Galli:
1150 1841 1278 1881 ueniri
1313 1840 1359 1879 ad
1382 1853 1424 1879 se
1448 1837 1654 1878 confestim

312 1947 325 1978 1
349 1957 412 1977 non
433 1956 531 1987 posse
552 1947 581 1977 B
600 1951 633 1978 ct
651 1947 796 1988 reliqui,
819 1957 916 1988 posse
936 1956 1000 1977 non
1023 1946 1039 1977 b
1053 1945 1085 1977 d.
1244 1944 1265 1977 2
1285 1943 1349 1974 duo
1368 1953 1437 1974 om.
1457 1952 1524 1973 sce.
1545 1952 1591 1973 m.
1614 1941 1652 1973 C.

311 1998 342 2028 id
363 2007 431 2029 om.
453 2008 481 2028 e.
647 1998 665 2029 3
685 1998 851 2040 planicies
870 1999 910 2038 B,
933 2008 1002 2029 non
1022 1997 1195 2040 planities.
1367 1994 1461 2026 milia
1480 2003 1600 2036 passus
1621 1995 1650 2034 b,

168 2048 213 2080 ιῖι.
233 2048 262 2091 f).
284 2059 330 2080 m.
347 2059 406 2090 pr.
426 2049 467 2081 B.
611 2061 647 2081 ιιι
667 2050 738 2092 (Β).
884 2052 900 2083 5
920 2050 1078 2092 cingebat
1096 2060 1125 2080 e.
1274 2058 1436 2090 muroque
1455 2057 1534 2090 pars
1556 2048 1651 2079 ‘mss.

166 2101 342 2143 plerz'qzte'
362 2104 399 2131 et
412 2111 480 2132 sec.
504 2111 550 2133 m.
570 2102 611 2133 B.
755 2103 772 2135 6
793 2103 899 2135 solem
919 2113 987 2134 om.
1009 2103 1026 2133 b
1040 2102 1105 2133 de.
1258 2101 1322 2131 huc
1340 2101 1386 2132 D.
1543 2100 1563 2132 8
1583 2110 1655 2143 per-

170 2153 340 2183 duxerant
357 2152 401 2192 D,
423 2153 655 2194 produxerant
674 2153 691 2184 b
706 2164 735 2185 e.
924 2155 942 2186 9
962 2164 996 2185 xi
1015 2152 1108 2184 milia
1125 2152 1169 2191 D,
1190 2162 1225 2183 xr
1242 2153 1494 2192 suprascripta
1512 2161 1542 2182 m
1562 2151 1612 2189 B,·
1631 2160 1654 2181 x

168 2214 211 2234 m.
235 2204 292 2243 be,
314 2214 332 2234 x
351 2203 426 2234 mil'
446 2214 484 2243 ε,-
504 2214 537 2235 Χι
557 2205 684 2236 milium
704 2215 739 2235 v.
910 2204 948 2236 10
968 2215 1053 2236 xxm
1072 2203 1144 2244 (B).
1309 2202 1428 2244 quibus
1448 2202 1480 2233 in
1499 2201 1655 2232 castellis

167 2255 229 2297 (B)
245 2266 266 2287 u
285 2259 322 2287 et
336 2257 387 2287 sie
407 2257 415 2272 ‘
428 2256 485 2287 nel
501 2257 532 2287 in
553 2257 675 2298 quibus
694 2257 848 2288 castellis
874 2255 1037 2298 reliquff,
1060 2255 1093 2287 in
1113 2254 1234 2297 quibus
1254 2255 1421 2295 (omis-ris
1439 2252 1616 2294 castellis)
1637 2253 1654 2284 b

169 2307 233 2339 de.
376 2308 411 2340 11
436 2308 649 2349 ponebantur
665 2309 695 2340 B
717 2307 892 2350 ‘7·el1'q11i’,
915 2307 1184 2350 disponebantur
1203 2306 1220 2337 b
1233 2305 1322 2337 cde.
1466 2305 1507 2337 12
1525 2304 1655 2346 praesi-

170 2359 236 2390 diis
256 2359 502 2390 detinebautur
522 2359 539 2390 b
553 2369 581 2390 e.
726 2359 765 2391 13
786 2359 926 2401 planitie
945 2358 1016 2400 (B).
1185 2356 1320 2389 141ni1'
1338 2367 1366 2397 e,
1389 2356 1487 2387 ‘mill.
1508 2366 1600 2386 unus
1619 2358 1654 2387 et

169 2410 287 2441 alter'.
430 2411 460 2440 in
480 2410 725 2450 longitudinem
746 2420 814 2441 om.
834 2420 854 2441 α
871 2411 888 2441 b
902 2420 931 2441 c.
1088 2408 1127 2440 15
1149 2408 1203 2439 aia
1222 2407 1262 2438 ab
1281 2407 1435 2448 utrisque
1454 2410 1539 2437 ante
1558 2416 1651 2438 corr.

168 2464 209 2503 B,
232 2463 265 2493 ui
284 2462 453 2503 utrimque
473 2462 519 2493 Ι).
681 2462 718 2493 16
739 2462 920 2493 summittit
938 2461 978 2501 B,
1000 2471 1067 2492 non
1088 2460 1270 2492 submittit.
1429 2458 1467 2491 17
1488 2458 1653 2501 (inruptio

168 2516 212 2557 B)
231 2515 363 2557 eruptio
385 2515 414 2545 b.
589 2514 629 2545 18
649 2513 762 2545 addito
783 2519 817 2544 et
836 2512 960 2544 nostris
982 2513 1039 2543 be.
1224 2510 1345 2542 animis
1369 2510 1397 2542 C
1415 2513 1450 2541 et
1467 2520 1513 2541 m.
1530 2519 1588 2551 pr.
1608 2510 1653 2542 B.

311 2571 457 2607 augetur
475 2570 508 2597 et
525 2566 639 2597 hostes
660 2566 789 2597 suntin
811 2566 868 2605 be,
890 2564 953 2596 sed
968 2574 985 2595 e
1003 2567 1083 2595 sunt
1095 2566 1180 2605 post
1199 2562 1346 2594 coniecti
1366 2562 1538 2593 collocare
1556 2561 1655 2593 uide-

170 2622 244 2650 tur.
414 2618 450 2649 19
470 2617 649 2658 inpediunt
666 2617 709 2648 B.
873 2617 915 2650 20
934 2615 1128 2647 eoaceruati
1149 2619 1219 2646 tum
1238 2613 1398 2646 Germani
1417 2614 1448 2645 B
1466 2617 1503 2645 et
1516 2615 1566 2645 sie
1585 2613 1657 2645 ‘uel

170 2679 243 2701 eum
257 2668 385 2701 Germ.'
404 2669 437 2700 A
451 2668 530 2708 ΟΠ,
553 2673 754 2700 coartantur
766 2668 926 2700 Germani
946 2669 963 2699 b
976 2678 993 2699 e
1005 2667 1064 2699 de.
1086 2667 1124 2699 P.
1148 2667 1223 2699 103.
1365 2667 1546 2708 acriusque
1564 2665 1650 2708 (om.
1663 2666 1670 2670 “

168 2723 224 2764 us)
244 2723 286 2755 B.
428 2721 470 2753 ad
488 2731 602 2753 muros
620 2725 871 2763 persequuntur
889 2721 906 2752 b
919 2720 942 2752 d
959 2720 1136 2762 (secuntur
1152 2718 1215 2757 B).
1354 2720 1398 2753 22
1416 2718 1593 2750 materiam
1610 2718 1651 2750 B.

261 2772 474 2805 conabantur
487 2772 518 2803 b.
646 2771 819 2814 paululum
835 2771 851 2802 b
863 2781 891 2802 c.
1017 2771 1060 2804 23
1070 2770 1125 2812 qui
1138 2780 1205 2801 om.
1219 2770 1251 2801 b.
1376 2769 1420 2803 24
1430 2774 1606 2801 erantom.
1619 2769 1650 2800 b.

259 2824 505 2866 perturbantur
524 2821 613 2854 Galli
632 2823 662 2854 B
677 2822 744 2855 CD
759 2822 869 2863 (apud
882 2821 1014 2854 Whitt.
1036 2831 1156 2853 errore
1174 2820 1462 2864 perturbabantur
1478 2822 1654 2863 scriptum

169 2879 235 2917 est)
256 2876 452 2919 ‘plerz'qtte',
475 2874 564 2908 Galli
579 2875 825 2917 perturbantur
840 2873 890 2916 (e)
901 2884 934 2905 τι.
1032 2873 1144 2905 ueniri
1163 2872 1253 2913 cde,
1275 2872 1435 2904 uenireB
1455 2870 1650 2915 ‘plerique'-

1689 894 1728 927 10

1687 1233 1727 1265 15

1686 1572 1729 1605 20
