1835 3240
691 167 1085 208 —10—-..

143 283 287 337 liquis,
323 296 485 336 quorum
514 282 707 322 inc-ertum
739 287 936 320 auctorem
967 292 1056 318 esse
1086 277 1294 317 retulerat.
1357 276 1626 322 Coniunctiuo

145 352 241 392 nihil
262 351 364 391 aliud
387 351 582 390 indicatur
604 350 676 389 nisi
700 363 744 389 ea
768 348 887 387 uerba
909 346 956 385 ab
979 346 1028 385 iis
1051 345 1202 385 adiecta
1227 358 1316 385 esse
1333 376 1343 395 ,
1369 347 1433 399 qui
1455 348 1627 401 reliquo-

145 433 230 459 rum
253 432 405 471 quoque
429 419 614 458 librorum
634 416 803 455 Hirtium
823 421 1020 454 auctorem
1040 426 1129 452 esse
1152 413 1457 454 contendebant.
1492 413 1626 466 Quare

145 494 325 526 octauum
348 486 488 526 librum
523 486 568 524 de
592 484 628 523 b.
657 482 760 523 Gall.
796 482 842 521 ab
875 480 1054 520 omnibus
1076 479 1209 519 Hirtio
1232 480 1414 521 tributum
1437 496 1524 524 esse
1546 491 1628 524 sta-

144 555 328 594 tuendum
352 561 435 602 est,
470 560 507 592 et
535 551 633 603 quod
666 564 777 589 nemo
801 549 915 588 aliter
935 547 1110 587 sensisse
1134 548 1328 598 traditur,
1365 556 1404 589 et
1424 551 1524 602 quod
1547 552 1628 605 epi-

145 623 246 662 stola
268 622 303 661 ei
327 621 424 661 libro
449 619 658 672 praemissa
684 616 816 656 Hirtio
845 616 931 655 sine
964 614 1205 655 dubitatione
1227 630 1249 656 a
1271 613 1468 674 Suetonio·
1486 618 1628 658 tribui-

147 696 225 729 tur.
289 690 420 741 Atque
443 687 520 726 illis
536 717 546 735 ,
572 685 710 738 quibus
734 684 903 723 omnium
927 683 1288 735 supplementorum
1311 683 1466 724 Hirtius
1488 692 1628 726 auctor

144 757 253 796 uisus
282 763 364 805 est,
400 761 670 807 praeterquam
702 751 802 804 quod
825 751 995 804 scriptor
1017 750 1131 803 epist.
1156 751 1203 790 ad
1225 749 1339 791 Balb.
1365 765 1408 792 se
1431 766 1628 793 commen-

145 824 268 864 tarios
292 821 476 863 Caesaris
508 834 629 872 usque
661 820 706 858 ad
740 819 888 858 exitum
919 818 1003 857 eius
1034 818 1140 858 uitae
1171 819 1410 872 perduxisse
1437 820 1625 871 affirmat,

146 891 262 931 etiam
285 891 357 930 hoc
379 889 641 940 suffragatur,
677 887 777 939 quod
807 900 904 940 quae
933 887 1033 926 idem
1057 886 1093 939 ἓ.
1126 886 1152 926 8
1174 886 1220 926 de
1252 901 1294 927 se
1316 888 1462 937 refert,
1498 888 1629 928 omnia

145 958 288 1010 optime
311 956 551 997 conueniunt
569 954 716 1003 Hirtio,
742 952 908 1008 Oppium
926 968 1021 994 uero
1045 955 1231 1007 quaedam
1254 955 1369 1009 plane
1392 955 1624 995 excludunt.

145 1023 337 1076 Queritur
360 1025 461 1065 enim
486 1023 549 1062 ille
572 1022 644 1062 sibi
667 1036 744 1061 non
767 1022 999 1075 contigisse,
1023 1029 1064 1062 ut
1087 1021 1365 1063 Alexandrino
1388 1022 1628 1075 atqueAl'ri-

145 1107 243 1132 cano
265 1093 366 1132 bello
388 1093 614 1132 interesset.
676 1090 801 1130 Affuit
822 1091 943 1144 igitur
962 1090 1002 1129 in
1025 1088 1151 1129 Gallia
1173 1090 1323 1130 duobus
1347 1091 1535 1131 extremis
1558 1105 1628 1131 an—

146 1160 232 1209 nis,
267 1174 429 1212 quorum
462 1173 523 1198 res
556 1166 697 1198 octauo
721 1158 1002 1198 commentario
1026 1158 1071 1198 de
1094 1159 1131 1197 b.
1159 1156 1264 1198 Gall.
1291 1159 1627 1211 comprehendun-

145 1235 231 1277 tur,
264 1228 435 1280 itemque
469 1227 505 1266 in
530 1226 734 1280 Hispania,
761 1241 848 1266 cum
871 1232 1010 1266 contra
1030 1224 1207 1280 Pompeii
1228 1225 1374 1266 liberos
1396 1226 1536 1266 bellum
1559 1240 1626 1279 ge-

144 1302 318 1335 reretur.
371 1293 453 1334 Iam
487 1309 589 1334 anno
621 1294 670 1334 51
703 1300 742 1334 et
773 1292 827 1334 50
858 1293 921 1333 ubi
955 1291 1104 1347 Oppius
1137 1302 1177 1334 et
1204 1293 1360 1334 Hirtius
1393 1295 1626 1334 commorati

143 1364 236 1412 sint,
262 1370 445 1402 accurate
468 1364 627 1403 delinire
651 1362 879 1415 nequimuS,
905 1362 978 1401 uisi
1003 1363 1100 1415 quod
1124 1375 1227 1401 anno
1250 1361 1302 1401 51
1318 1393 1328 1411 ,
1353 1375 1427 1413 quo
1452 1369 1626 1415 tempore

144 1428 286 1470 Cicero
309 1431 347 1469 in
371 1428 549 1470 Ciliciam
573 1430 907 1484 proficiscebatur,
932 1429 1037 1469 illum
1061 1428 1213 1468 Romae
1236 1428 1356 1468 fuisse
1380 1443 1430 1468 ex
1449 1426 1536 1468 Cic.
1562 1442 1624 1482 ep.

143 1498 189 1537 ad
211 1497 297 1536 Au.
323 1497 374 1546 V,
402 1498 446 1548 l,
481 1498 507 1538 2
530 1506 568 1538 et
588 1498 636 1547 4,
663 1496 686 1537 3
703 1529 712 1547 ,
740 1499 841 1538 hunc
864 1511 960 1538 uero
982 1497 1053 1537 sub
1076 1497 1191 1536 finem
1215 1496 1305 1536 anni
1329 1494 1383 1536 50
1404 1510 1425 1536 a
1449 1495 1627 1537 Caesare

141 1564 308 1605 Romam
332 1580 417 1605 cum
443 1566 635 1606 mandatis
658 1567 705 1605 ad
727 1564 891 1604 Balbum
915 1564 1074 1603 missum
1098 1564 1229 1604 statim
1252 1565 1299 1604 ad
1323 1562 1539 1605 Caesarem
1562 1578 1626 1605 re-

142 1633 312 1673 uertisse
336 1647 388 1672 ex
410 1634 535 1673 eiusd.
561 1648 621 1687 ep.
647 1634 695 1673 ad
718 1633 832 1673 eund.
858 1630 964 1681 VII,
999 1630 1048 1681 4,
1073 1631 1100 1673 2
1122 1640 1290 1673 constat.
1352 1633 1625 1673 Alexandriae

141 1714 236 1740 sane
259 1714 308 1740 ne
331 1699 478 1754 Oppius
509 1702 661 1754 quidem
693 1701 766 1741 fuit
787 1715 873 1740 eum
897 1697 1090 1749 Caesare,
1116 1701 1184 1740 sed
1208 1715 1253 1741 eo
1277 1708 1451 1754 tempore
1472 1700 1624 1741 Romae

141 1768 288 1811 siuejn
308 1767 422 1808 Italia
448 1769 762 1809 commorabatur
783 1766 890 1818 (Cic.
917 1782 977 1821 (Ἴ).
1004 1767 1049 1808 ad
1072 1767 1159 1808 Att.
1183 1765 1261 1818 XI,
1286 1768 1327 1819 7,
1352 1768 1392 1809 5.
1418 1768 1459 1818 8,
1485 1768 1524 1808 1.
1554 1768 1620 1819 14,

140 1836 182 1877 2.
218 1835 285 1885 17,
310 1836 351 1875 2.
387 1836 477 1888 18),
503 1851 625 1889 neque
648 1837 687 1877 in
710 1836 885 1875 Africam
909 1833 1124 1876 Caesarem
1147 1837 1355 1876 comitatus
1379 1844 1440 1877 est
1461 1837 1619 1889 (eiusd.

142 1919 202 1959 ep.
238 1906 285 1945 ad
317 1904 428 1946 Fam.
463 1903 550 1955 lx,
584 1904 634 1954 6,
675 1904 731 1956 1).
794 1902 929 1957 Itaque
960 1902 1108 1957 Oppius
1139 1905 1316 1959 legatus,
1361 1905 1426 1959 qui
1455 1905 1494 1944 b.
1528 1904 1618 1944 Afr.

140 1972 196 2013 68
218 1980 561 2022 commemoratur,
599 1987 675 2011 non
700 1972 770 2011 fuit
792 1972 853 2011 hic
877 1970 999 2012 Gaius
1023 1970 1190 2026 Oppius,
1215 1979 1330 2012 notus
1354 1970 1544 2013 Caesaris
1567 1974 1624 2012 fa-

141 2042 318 2082 miliaris.
383 2039 462 2081 Sed
493 2054 541 2080 ne
573 2041 612 2080 in
647 2039 874 2093 Hispaniam
916 2039 1068 2092 quidem
1100 2047 1238 2080 contra
1268 2039 1445 2093 Pompeii
1476 2040 1623 2080 liberos

142 2108 292 2165 Oppius
317 2124 402 2150 cum
427 2106 600 2149 Caesare
622 2109 819 2161 profectus
849 2115 934 2147 est:
969 2122 1057 2148 nam
1079 2107 1231 2148 Romae
1263 2121 1352 2148 eum
1381 2106 1623 2147 remansisse

141 2176 228 2219 Cic.
256 2193 340 2232 epp.
366 2178 413 2218 ad
434 2176 522 2216 Att.
546 2174 654 2223 XII,
678 2174 754 2224 29,
779 2175 819 2216 2.
852 2175 933 2226 44,
956 2175 998 2215 4.
1041 2174 1170 2225 XIII,
1197 2174 1274 2226 19,
1311 2175 1353 2216 2.
1388 2174 1442 2214 50
1463 2175 1622 2214 demon-

140 2253 304 2287 stratur.
367 2244 520 2284 Hirtius
551 2258 673 2293 uero,
709 2244 796 2283 dum
821 2241 973 2284 Caesar
994 2243 1265 2284 Alexandriae
1296 2242 1548 2291 morabatur,
1581 2242 1622 2282 in

139 2313 291 2354 Achaia
322 2321 422 2354 erat.
469 2310 613 2352 Cicero
646 2312 748 2352 enim
770 2312 817 2351 ad
838 2311 925 2351 Att.
949 2309 1035 2361 XI,
1074 2310 1150 2361 14,
1185 2310 1210 2350 3
1243 2311 1430 2363 quaedam
1459 2324 1546 2350 eum
1576 2311 1623 2350 de

141 2379 293 2433 Quinto
318 2382 441 2422 fratre
463 2379 537 2419 sibi
561 2380 764 2419 nuntiasse
787 2379 950 2429 scribit,
986 2380 1048 2432 qui
1069 2377 1203 2418 Patris
1236 2385 1320 2418 erat
1349 2381 1439 2431 (ep.
1466 2377 1544 2427 10,
1580 2377 1618 2417 l.

142 2447 210 2498 ll,
233 2447 295 2500 2).
338 2446 434 2489 Inde
457 2448 670 2501 profectus,
695 2461 780 2486 cum
804 2443 957 2487 Caesar
977 2446 1224 2486 Alexandria
1246 2446 1496 2486 discessisset
1523 2452 1563 2485 et
1582 2444 1623 2485 in

141 2514 301 2571 Syriam
325 2517 517 2565 uenisset,
542 2514 780 2554 Antiochiae
801 2514 900 2567 apud
923 2527 1009 2553 eum
1032 2514 1104 2553 fuit
1126 2511 1232 2563 (Cic.
1259 2514 1305 2553 ad
1326 2513 1411 2554 Att.
1438 2511 1525 2564 XI,
1550 2512 1620 2563 20,

142 2583 212 2638 1).
275 2583 413 2638 Itaque
435 2582 647 2624 Caesarem
681 2582 819 2621 deinde
859 2587 997 2621 contra
1026 2579 1263 2622 Pharnacen
1305 2581 1621 2635 proficiscentem

140 2652 349 2693 comitatus
372 2666 460 2693 esse
483 2659 523 2692 et
546 2665 622 2692 una
644 2649 810 2689 Romam
832 2649 981 2689 redisse
1005 2649 1125 2689 uideri
1148 2649 1277 2689 debet.
1311 2647 1507 2699 Eundem,
1535 2663 1620 2689 cum

141 2717 293 2761 Caesar
312 2721 352 2760 in
366 2720 503 2760 Africa
524 2720 667 2760 bellum
689 2724 862 2771 gereret,
886 2717 926 2756 in
948 2716 1062 2757 Italia
1084 2717 1325 2758 remansisse
1348 2715 1435 2758 Cic.
1462 2731 1548 2771 epp.
1573 2718 1621 2757 ad

139 2787 227 2828 Att.
251 2786 360 2839 XII,
383 2788 434 2838 2,
459 2787 485 2827 2
507 2795 548 2828 et
566 2787 614 2827 ad
634 2785 747 2827 Fam.
771 2783 858 2836 IX,
881 2783 933 2835 6,
962 2784 982 2824 1
1016 2785 1244 2825 ostendunt.
1287 2784 1344 2824 At
1364 2785 1404 2825 in
1427 2784 1620 2839 Hispania

141 2870 228 2897 cum
249 2854 427 2898 Caesare
458 2856 542 2897 fuit.
594 2853 808 2897 Suetonius
841 2853 944 2894 enim
965 2852 1070 2907 Aug.
1096 2851 1152 2894 68
1173 2851 1225 2893 L.
1250 2854 1466 2894 Antonium
1498 2850 1619 2894 Octa-
