1835 3240
88 890 128 923 10

594 159 776 203 COMM.
802 159 840 203 V
863 157 986 202 CAP.
1010 158 1211 201 28—31.
1635 162 1717 205 365

161 275 340 318 militaris
364 275 555 315 extincta.
598 273 804 316 Postremo
826 274 911 328 quis
934 273 1006 313 hoc
1027 272 1102 313 sibi
1124 270 1402 326 persuaderet,
1427 273 1513 314 sine
1536 283 1643 317 certa
1665 275 1689 316 5

160 359 203 385 re
225 343 495 397 Ambiorigem
518 343 564 383 ad
587 343 776 383 eiusmodi
800 341 1005 382 consilium
1029 339 1309 381 descendisse?
1344 337 1461 379 Suam
1485 349 1642 382 senten·
1663 343 1691 384 6

160 411 251 451 tiam
274 411 314 450 in
336 419 540 467 utramque
563 417 711 465 partem
736 423 823 450 esse
846 416 968 448 tutam
987 425 996 448 z
1032 409 1065 448 si
1097 407 1193 447 nihil
1214 414 1322 448 esset
1343 407 1478 447 durius
1495 438 1504 454 ,
1538 409 1643 449 nullo

160 493 246 518 cum
269 478 445 532 periculo
468 480 515 519 ad
537 479 754 532 proximam
779 477 972 529 legionem
996 482 1280 529 peruenturos3
1309 474 1342 514 si
1366 473 1497 515 Gallia
1519 477 1645 516 omnis

164 560 249 586 cum
274 544 484 587 Germanis
508 546 775 594 consentiret,
814 558 931 584 unam
955 557 1043 583 esse
1065 544 1105 582 in
1128 543 1332 583 celeritate
1353 542 1518 597 positam
1542 544 1646 583 salu-

161 621 255 654 tem.
282 612 424 655 Cottae
442 615 592 667 quidem
611 620 726 666 atque
740 626 891 658 eorum,
917 611 980 663 qui
1003 610 1277 660 dissentirent,
1304 610 1508 651 consilium
1532 625 1646 664 quem
1667 611 1693 652 7

160 681 305 722 habere
328 683 507 722 exitum?
538 682 578 721 in
611 695 686 734 quo
710 680 740 719 si
764 694 840 719 non
865 692 1053 732 praesens
1077 678 1317 731 periculum,
1353 685 1392 718 at
1427 685 1532 718 certe
1564 679 1646 719 lon-

161 750 306 804 ginqua
328 749 530 789 obsidione
552 750 674 788 fames
698 754 804 788 esset
826 747 1013 786 timenda.
1068 744 1155 785 Hac
1191 745 1230 784 in
1259 753 1463 800 utramque
1495 754 1643 800 partem
1665 746 1723 791 30

161 817 421 872 disputatione
444 817 600 866 habita,
626 830 709 855 cum
734 829 755 855 a
779 812 897 854 Cotta
921 813 1133 867 primisque
1157 813 1359 853 ordinibus
1383 814 1528 854 acriter
1548 814 1648 855 resi-

159 891 351 935 steretur,
379 884 570 934 ‘uincite“,
606 883 755 936 inquit,
783 882 831 922 ‘si
854 882 909 922 ita
933 882 1092 931 uultis',
1121 880 1294 921 Sabinus
1310 913 1320 931 ,
1361 888 1400 921 et
1420 882 1456 922 id
1480 882 1648 923 clariore

160 966 282 1003 uoce,
308 961 349 993 ut
370 966 511 1006 magna
533 966 621 1006 pars
645 951 811 991 militum
835 950 1069 999 exaudiret,
1108 953 1260 1002 ‘neque
1283 950 1316 989 is
1340 952 1461 999 snm',
1495 951 1643 1003 inquit,
1668 952 1696 992 2

164 1021 243 1072 ‘qui
267 1021 500 1075 grauissime
533 1034 582 1060 ex
617 1019 727 1059 uobis
751 1018 888 1058 mortis
912 1017 1088 1071 periculo
1115 1024 1292 1057 terrear:
1335 1018 1370 1056 hi
1401 1019 1579 1071 sapient3
1614 1020 1649 1060 si

161 1089 320 1140 grauius
344 1089 434 1142 quid
457 1087 669 1137 acciderit,
705 1087 773 1127 abs
796 1093 833 1126 te
855 1086 1046 1126 rationem
1070 1092 1306 1138 reposcent3
1341 1086 1401 1138 qui
1419 1117 1428 1135 ,
1464 1086 1495 1125 si
1520 1101 1589 1140 per
1613 1094 1649 1127 te
1670 1085 1695 1125 3

160 1154 302 1206 liceat,
338 1156 552 1210 perendino
575 1155 636 1195 die
659 1169 744 1195 cum
768 1155 960 1208 proximis
984 1153 1157 1194 hibernis
1181 1153 1380 1193 coniuncti
1404 1168 1649 1193 communem

161 1237 246 1262 cum
268 1223 430 1277 reliquis
453 1224 542 1264 belli
566 1237 698 1263 casum
722 1224 971 1272 sustineant,
1009 1236 1086 1261 non
1117 1221 1253 1261 reiecti
1287 1228 1323 1261 et
1347 1222 1510 1275 relegati
1535 1222 1652 1276 longe

164 1290 210 1330 ab
234 1292 376 1332 ceteris
399 1299 465 1332 aut
487 1293 592 1332 ferro
615 1298 681 1331 aut
704 1293 803 1331 same
826 1290 1052 1330 intereant'.
1091 1287 1358 1343 Consurgitur
1380 1303 1430 1330 ex
1454 1290 1645 1341 consilio,
1671 1289 1725 1334 31

163 1359 485 1412 conprehendunt
508 1367 712 1412 utrumque
736 1367 775 1399 et
797 1366 935 1408 orant,
972 1372 1021 1398 ne
1051 1372 1122 1398 sua
1146 1358 1394 1398 dissensione
1417 1365 1456 1397 et
1473 1358 1651 1411 pertina-

164 1426 223 1465 cia
246 1440 327 1466 rem
350 1427 389 1467 in
411 1442 602 1467 summum
635 1427 848 1481 periculum
882 1427 1098 1466 deducant:
1134 1426 1286 1466 facilem
1320 1439 1406 1465 esse
1438 1440 1546 1475 rem,
1581 1439 1652 1466 seu
1672 1424 1700 1466 2

163 1502 365 1544 maneant,
391 1509 461 1535 seu
484 1495 799 1549 proficiscantur,
825 1495 857 1535 si
881 1495 994 1534 modo
1008 1508 1123 1534 unum
1142 1507 1277 1533 omnes
1301 1493 1475 1533 sentiant
1496 1507 1541 1533 ac
1562 1507 1652 1546 pro-

162 1561 278 1613 bent,
316 1571 454 1603 contra
486 1563 524 1603 in
561 1563 809 1603 dissensione
846 1563 990 1602 nullam
1015 1575 1055 1601 se
1078 1562 1242 1601 salutem
1266 1562 1504 1615 perspicere.
1568 1560 1651 1602 Res
1673 1559 1698 1600 3

164 1630 428 1683 disputatione
462 1631 508 1671 ad
542 1631 707 1670 mediam
741 1637 894 1670 noctem
927 1630 1167 1683 perducitur.
1231 1628 1408 1669 Tandem
1442 1630 1508 1669 dat
1530 1626 1650 1669 Cotta

163 1705 364 1750 permotus
387 1713 553 1738 manus:
588 1705 751 1751 superat
773 1698 972 1737 sententia
999 1696 1150 1737 Sabini.
1215 1695 1499 1736 Pronuntiatur
1529 1698 1653 1751 prima
1674 1696 1701 1737 4

162 1765 249 1805 luce
283 1765 421 1806 ituros.
487 1765 746 1807 Consumitur
786 1765 931 1820 uigiliis
972 1765 1123 1818 reliqua
1155 1778 1245 1819 pars
1279 1764 1430 1813 noctis,
1465 1779 1548 1804 cum
1582 1778 1653 1805 sua

164 1833 326 1886 quisque
350 1834 460 1874 miles
484 1835 819 1888 circumspiceret,
846 1833 932 1886 quid
958 1847 1090 1874 secum
1113 1840 1270 1886 portare
1293 1839 1451 1886 posset,
1488 1834 1577 1886 quid
1601 1848 1653 1874 ex

86 1907 128 1941 25
160 1901 422 1942 instrumento
447 1902 697 1943 hibernorum
720 1902 945 1955 relinquere
969 1908 1194 1954 cogeretur.
1251 1899 1396 1941 Omnia
1418 1902 1652 1956 excogitan-
1675 1900 1700 1942 5

167 1975 243 2018 tur,
269 1983 389 2022 quare
414 1984 484 2010 nec
506 1970 592 2010 sine
615 1969 791 2023 periculo
815 1976 1041 2019 maneatur,
1076 1976 1112 2009 et
1135 1969 1325 2024 languore
1349 1969 1511 2009 militum
1536 1976 1575 2009 et
1595 1970 1654 2009 ui—

162 2036 265 2089 giliis
289 2038 504 2090 periculum
528 2045 734 2092 augeatur.
768 2036 900 2078 Prima
916 2039 1002 2078 luce
1024 2037 1080 2077 sic
1100 2052 1151 2078 ex
1169 2036 1311 2078 eastris
1334 2037 1649 2092 proficiscuntur,
1675 2036 1702 2077 (i

166 2110 206 2143 ut
228 2104 365 2158 quibus
389 2113 496 2145 esset
517 2120 743 2160 persuasum
763 2121 842 2146 non
856 2106 902 2145 ab
917 2106 1047 2156 hoste,
1072 2106 1138 2146 sed
1162 2107 1208 2146 ab
1233 2105 1389 2146 homine
1411 2104 1652 2145 amicissimo

309 2244 323 2275 1
345 2244 549 2276 exstinctam
570 2245 617 2276 dc
636 2245 804 2287 (extincta
818 2246 875 2285 B).
987 2247 1006 2279 2
1025 2244 1077 2287 re]
1098 2255 1156 2287 spe
1176 2244 1238 2276 de.
1352 2244 1551 2277 descedisse
1571 2246 1655 2275 ante

166 2303 256 2325 corr.
278 2295 322 2325 Β.
449 2296 467 2328 3
487 2297 519 2327 in
538 2301 716 2339 utramque
736 2302 866 2340 partem
887 2298 905 2329 b
919 2297 1019 2338 cde,
1042 2298 1074 2329 in
1094 2302 1237 2339 utraque
1256 2302 1352 2339 parte
1372 2297 1402 2328 B
1423 2295 1578 2328 ‘eetm-i'.

166 2346 194 2376 si
213 2346 297 2377 nihil
316 2352 409 2378 esset
427 2347 456 2378 B
478 2348 630 2389 ‘ceteri‘,
654 2349 682 2380 si
702 2350 748 2380 nil
767 2349 813 2380 sit
833 2349 922 2380 bed.
1124 2349 1144 2379 4
1164 2359 1237 2380 cum
1258 2359 1326 2380 om.
1351 2348 1526 2380 Graevius
1544 2359 1579 2380 v.

168 2398 186 2428 5
204 2398 415 2430 consentiret
432 2399 462 2430 B
482 2399 637 2440 ‘ceterz''‚
659 2400 856 2432 consentiat
876 2400 893 2430 b
908 2399 972 2431 ccl.
1084 2398 1102 2431 7
1121 2399 1247 2431 habere
1267 2400 1490 2441 Stephanus,
1513 2399 1656 2431 haberet

170 2448 269 2480 codd.
381 2461 443 2481 non
459 2454 545 2492 post
563 2452 750 2494 periculum
767 2455 910 2493 ponunt
924 2452 955 2482 B
975 2452 1069 2483 ‘mss¹
1090 2452 1231 2483 mulli'.
1337 2452 1435 2492 longa
1450 2463 1480 2484 e.
1576 2453 1596 2484 8
1614 2451 1656 2483 ti-

168 2499 288 2530 menda
306 2500 336 2531 B
357 2501 508 2540 ‘ceterc'’,
531 2503 804 2545 pertimescenda
825 2503 841 2533 b
855 2502 918 2533 cle.
1022 2501 1098 2543 hae]
1120 2512 1157 2533 ac
1176 2502 1218 2533 B.
1330 2503 1361 2534 in
1383 2508 1560 2544 utramque
1581 2511 1656 2544 par-

172 2553 235 2579 tem
256 2560 289 2589 c,
311 2551 344 2581 in
363 2556 508 2594 utraque
528 2558 625 2595 parte
645 2554 675 2585 B
696 2554 790 2584 ‘mssn
811 2553 946 2584 multi'.
1070 2553 1109 2584 10
1129 2553 1245 2594 inquid
1262 2554 1305 2585 B.
1427 2553 1466 2585 12
1485 2553 1603 2584 mortis
1622 2552 1654 2583 in

171 2599 320 2640 periculo
336 2602 352 2632 b
365 2613 393 2633 c.
489 2605 622 2646 sapient
636 2617 643 2645 ς
665 2605 691 2635 si
704 2604 777 2636 AB
789 2604 858 2635 CI)
872 2614 888 2634 e
901 2615 911 2634 :
931 2603 1065 2645 sapient
1078 2608 1122 2643 et,
1145 2603 1171 2634 si
1187 2614 1218 2634 ιι.
1321 2604 1359 2636 14
1376 2614 1484 2645 snper
1501 2604 1658 2646 perendi-

171 2660 211 2680 no
226 2654 336 2691 ponz‘t
351 2652 416 2685 adfi
435 2655 489 2687 bifi
511 2656 670 2698 temporis
690 2656 773 2697 (sie)
792 2656 834 2687 B.
1025 2655 1063 2687 15
1085 2666 1149 2686 non
1168 2656 1285 2687 reiecti
1305 2657 1362 2686 Be
1383 2657 1478 2687 ‘'ilss.
1499 2658 1571 2687 mei
1592 2654 1653 2690 13¹,

172 2713 233 2734 nec
253 2704 373 2736 reiecti
396 2707 458 2738 bd.
580 2709 620 2741 16
638 2708 860 2749 consurgitur
878 2706 1025 2749 ex]cu1n
1047 2717 1083 2739 se
1105 2707 1135 2738 b.
1259 2707 1295 2739 17
1316 2707 1596 2749 conprehendunt
1614 2707 1656 2737 B.

316 2754 358 2786 18
375 2766 534 2790 summam
553 2770 600 2790 m.
618 2771 676 2801 pr.
698 2761 741 2792 A.
884 2759 926 2792 20
944 2759 976 2790 in
997 2759 1207 2790 discessione
1229 2760 1260 2791 b.
1401 2761 1443 2793 22
1462 2768 1593 2790 manum
1612 2758 1655 2788 A.

314 2807 356 2839 23
376 2811 619 2842 consuininitur
636 2812 678 2843 B.
834 2810 967 2852 reliqua
985 2821 1053 2842 om.
1078 2812 1108 2842 lt.
1267 2811 1311 2843 24
1329 2810 1454 2842 milites
1473 2820 1519 2841 ¹111.
1534 2819 1595 2850 pr.
1619 2809 1655 2841 C.

316 2860 443 2901 portari
463 2860 567 2901 possit
588 2862 615 2892 b.
757 2861 800 2895 2ss
821 2871 860 2893 ne
880 2861 953 2892 sine
975 2861 1005 2892 b.
1150 2860 1290 2901 langore
1311 2861 1342 2892 b.
