1835 3240
642 185 829 229 CAPVT
855 186 905 228 16
917 211 968 217 —-
984 185 1049 227 18.
1625 186 1708 229 727

153 310 211 345 tot
229 303 395 356 impetus
417 306 708 351 sustentantes,
744 300 947 342 nocturnis
970 299 1196 353 diurnisque
1225 299 1464 353 temporibus
1485 301 1635 355 gladio-

152 384 236 411 rum
258 369 359 409 ictus
384 368 625 422 telorumque
647 369 789 409 missus
811 375 1089 422 expectantes,
1112 366 1243 408 relicti
1265 373 1305 407 et
1318 367 1467 408 deserti
1483 367 1634 410 aPom·

151 437 252 492 peio‚
279 443 346 477 tua
370 436 515 477 uirtute
537 436 712 490 superati
733 436 900 476 salutem
922 450 942 476 a
966 444 1032 476 tua
1055 435 1264 476 clementia
1285 434 1546 488 deposcimus,
1570 449 1636 489 pe·
1657 437 1682 476 4

150 506 267 546 timus
281 536 291 555 ,
317 512 360 544 ut
381 504 533 558 qualem
559 533 712 544 ......
737 503 919 557 gentibus
941 518 1003 544 me
1025 503 1217 557 praestiti,
1242 503 1409 544 similem
1430 501 1471 542 in
1493 503 1636 543 ciuium

105 584 123 615 5
155 573 350 614 deditione
382 571 605 626 praestabo.
666 570 862 612 Remissis
895 571 1035 625 legatis
1063 586 1149 611 cum
1180 571 1227 612 ad
1259 577 1409 626 portam
1434 569 1637 610 uenissent
1654 571 1710 615 18

149 643 178 695 †
193 640 261 681 Ti.
275 639 429 680 Tullius
453 647 492 680 et
513 653 599 679 cum
620 640 889 680 introeuntem
902 636 952 679 C.
967 639 1167 679 Antonius
1187 639 1391 679 insecutus
1413 652 1492 678 non
1512 645 1634 688 esset,

150 708 317 749 reuertit
348 708 396 747 ad
415 709 573 762 {portam
607 713 646 747 et
668 708 863 748 hominem
886 707 1156 760 adprehendit.
1201 705 1317 759 Quod
1337 704 1524 747 Tiberius
1546 720 1634 746 cum
1655 705 1680 746 2

152 777 235 817 fieri
257 775 549 825 animaduertit,
574 775 691 815 simul
712 775 922 829 pugionem
945 774 1081 815 eduxit
1111 781 1150 814 et
1180 789 1337 815 manum
1369 774 1454 815 eius
1484 773 1636 814 incidit.

150 843 210 885 Ita
231 845 465 898 refugerunt
493 843 541 883 ad
562 840 794 884 Caesarem.
838 841 1069 896 Eodemque
1103 849 1278 896 tempore
1310 842 1476 897 signifer
1505 841 1552 882 de
1583 841 1638 882 le·
1661 841 1686 882 3

82 922 118 954 10
150 913 266 968 gione
298 911 427 965 prima
458 912 672 965 transfugit
705 918 746 951 et
776 911 997 961 nuntiauit,
1030 924 1106 963 quo
1140 910 1203 951 die
1233 917 1417 963 equestre
1448 908 1639 963 proelium

152 982 295 1021 factum
318 987 440 1030 esset,
465 993 537 1020 suo
555 980 668 1033 signo
686 979 837 1033 perisse
853 978 1031 1018 homines
1044 983 1192 1028 XXXV,
1217 990 1346 1030 neque
1363 977 1483 1018 licere
1495 977 1639 1017 castris

153 1045 230 1089 Cn.
255 1046 421 1100 Pompei
453 1047 639 1087 nuntiare
669 1060 799 1100 neque
831 1046 963 1086 dicere
994 1046 1144 1099 perisse
1177 1059 1421 1098 quemquam.
1467 1042 1635 1093 Seruos,
1660 1044 1685 1083 4

151 1116 263 1156 cuius
286 1115 467 1155 dominus
489 1114 529 1154 in
552 1111 740 1155 Caesaris
762 1114 905 1154 castris
927 1114 1070 1154 fuisset
1100 1114 1288 1165 (uxorem
1318 1120 1359 1153 et
1379 1112 1480 1153 filios
1510 1113 1549 1152 in
1572 1127 1640 1167 op-

153 1183 241 1237 pido
262 1182 522 1236 reliquerat),
559 1182 758 1223 dominum
787 1181 980 1235 iugulauit
1010 1188 1050 1222 et
1077 1181 1131 1221 ita
1153 1182 1252 1221 clam
1274 1195 1297 1221 a
1319 1178 1506 1221 Caesaris
1529 1194 1642 1234 prae-

84 1260 122 1292 15
154 1251 265 1291 sidiis
286 1251 327 1290 in
347 1248 527 1304 Pompeii
549 1257 681 1290 castra
701 1250 886 1291 discessit
906 1256 945 1290 et
958 1249 1144 1290 indicium
1158 1248 1299 1304 glande
1314 1248 1501 1302 scriptum
1517 1247 1640 1298 misit,

152 1333 220 1373 per
252 1318 352 1372 quod
383 1318 532 1359 certior
560 1319 673 1359 fieret
695 1317 871 1369 Caesar,
906 1332 1005 1371 quae
1034 1317 1076 1358 in
1106 1317 1246 1371 oppido
1277 1317 1327 1357 ad
1358 1315 1642 1356 defendendum

153 1393 489 1440 compararentur.
534 1385 595 1427 Ita
616 1387 761 1427 litteris
783 1386 955 1440 acceptis
969 1417 980 1436 ‚
1015 1400 1103 1427 cum
1123 1386 1164 1425 in
1187 1384 1366 1439 oppidum
1388 1383 1640 1434 reuertisset,
1665 1382 1690 1424 5

153 1454 220 1508 qui
242 1454 399 1495 mittere
420 1455 600 1508 glandem
623 1455 851 1508 inscriptam
874 1455 1027 1496 solebat
1051 1483 1249 1494 ......
1292 1449 1523 1505 Insequenti
1545 1457 1643 1492 tem-

154 1536 249 1576 pore
272 1523 346 1563 duo
368 1520 553 1563 Lusitani
576 1524 721 1563 fratres
745 1524 975 1578 transfugae
1007 1521 1263 1571 nuntiarunt,
1298 1533 1412 1574 quam
1432 1517 1644 1573 Pompeius

82 1598 125 1631 720
157 1591 380 1631 contionem
403 1590 627 1632 habuisset:
663 1591 846 1644 quoniam
868 1590 1009 1646 oppido
1031 1589 1205 1631 subsidio
1228 1602 1306 1628 non
1329 1594 1464 1642 posset
1485 1587 1641 1637 uenire,

154 1666 272 1700 noctu
294 1673 347 1700 ex
368 1660 685 1700 aduersariorum
707 1667 923 1714 conspectu
944 1673 987 1700 se
1009 1659 1251 1700 deducerent
1271 1655 1319 1696 ad
1333 1669 1441 1696 mare
1457 1668 1643 1706 uersum,

157 1741 276 1767 unum
299 1728 578 1781 respondisse,
614 1735 657 1767 ut
679 1728 807 1782 potius
830 1728 878 1768 ad
900 1727 1162 1768 dimicandum
1184 1723 1493 1773 descenderent,
1528 1736 1646 1776 quam

153 1794 309 1848 signum
332 1796 447 1850 fugae
469 1796 750 1845 ostenderent3
785 1810 890 1846 eum,
914 1795 979 1849 qui
1010 1795 1063 1835 ita
1086 1795 1243 1834 locutus
1266 1797 1386 1840 esset,
1410 1791 1644 1844 iugulatum.

154 1861 305 1903 Eodem
327 1870 503 1918 tempore
525 1863 720 1904 tabellarii
742 1864 827 1904 eius
850 1862 1108 1918 deprehensi,
1143 1860 1209 1914 qui
1237 1859 1284 1900 ad
1307 1858 1486 1913 oppidum
1509 1858 1646 1899 uenie-
1666 1856 1694 1898 6

80 1938 122 1970 ‘25
153 1929 272 1980 bant,
306 1945 471 1984 quorum
493 1931 647 1972 litteras
669 1930 819 1972 Caesar
850 1931 1053 1986 oppidanis
1084 1929 1225 1971 abiecit
1257 1934 1298 1968 et
1327 1926 1392 1980 qui
1422 1925 1542 1966 uitam
1574 1925 1648 1966 sibi

156 2005 308 2053 peteret
320 1999 435 2040 iussit
451 2006 599 2040 turrem
616 1999 785 2053 ligneam
801 1999 1085 2054 oppidanorum
1105 1995 1340 2045 incendere3
1364 1994 1403 2034 id
1421 1994 1455 2034 si
1469 1993 1645 2045 fecisset,
1667 1993 1692 2034 7

158 2066 193 2107 ei
215 2067 395 2120 promisit
416 2067 548 2108 omnia
569 2081 868 2108 concessurum.
914 2064 1029 2119 Quod
1051 2065 1204 2106 difficile
1226 2070 1312 2104 erat
1333 2063 1440 2102 factu
1454 2091 1465 2111 ,
1496 2068 1541 2101 ut
1561 2075 1648 2102 eam

158 2141 308 2176 turrem
339 2135 426 2176 sine
448 2135 624 2190 periculo
656 2135 742 2190 quis
772 2135 1019 2176 incenderet.
1061 2132 1121 2174 Ita
1141 2134 1170 2186 †
1191 2133 1282 2172 fune
1316 2144 1433 2171 crure
1465 2129 1511 2170 de
1540 2129 1648 2184 ligno
1668 2127 1695 2170 8

301 2228 315 2260 1
333 2227 541 2269 temporibus
560 2237 636 2270 ego,
659 2228 819 2270 operibus
840 2227 941 2259 codd.
1083 2226 1338 2267 ‘zexpectantes
1356 2233 1390 2254 a.
1532 2220 1649 2252 relicti

156 2289 233 2320 ego,
255 2279 339 2311 uicti
357 2279 458 2312 codd.
600 2280 777 2323 3petimus
794 2290 815 2312 a
834 2281 863 2320 b,
879 2280 1094 2322 petimusque
1112 2288 1149 2309 u.
1290 2275 1488 2308 4ἰαοιι7ια1η
1507 2283 1570 2315 ego
1588 2283 1649 2305 no-

157 2332 250 2361 taut.
402 2330 539 2373 prestiti
557 2340 592 2361 α.
742 2332 760 2362 5
780 2330 959 2362 uenissent
975 2339 997 2361 a
1016 2330 1034 2361 4
1053 2328 1157 2368 dett„
1179 2328 1333 2358 uenisset
1351 2335 1386 2356 u.
1529 2323 1548 2356 6
1569 2323 1647 2356 Tib.

159 2381 256 2421 (a)u.
271 2383 311 2415 P.
324 2382 404 2415 238.
546 2387 580 2414 et
598 2391 671 2414 cum
691 2392 712 2414 α
733 2383 764 2423 b,
779 2387 904 2414 etcum
925 2391 1000 2413 eum
1019 2391 1054 2412 v.
1195 2377 1452 2420 7adprehendit
1468 2387 1502 2408 α.

158 2432 178 2462 8
191 2433 336 2464 semela
357 2433 388 2464 b.
529 2438 562 2465 et
580 2443 650 2465 om.
670 2443 705 2464 a.
847 2434 866 2466 9
879 2433 997 2465 eodem
1017 2433 1049 2464 b.
1194 2428 1420 2463 10uuntiauit
1435 2428 1562 2469 Aldus,
1585 2440 1649 2461 non

160 2484 271 2516 timuit
288 2496 309 2517 α
327 2486 358 2518 b.
500 2487 541 2519 1⁶2
553 2485 692 2528 Pompei
710 2497 744 2517 α.
887 2485 1047 2517 nuntiare
1067 2493 1177 2525 neque
1196 2481 1312 2513 dicere
1330 2490 1351 2512 a
1368 2481 1398 2521 b,
1420 2481 1571 2512 nuntiari
1591 2491 1649 2513 ne-

162 2545 225 2576 que
245 2536 311 2567 dici
329 2546 366 2568 u.
523 2547 644 2569 seruos
664 2548 685 2569 a
706 2537 738 2569 b.
888 2536 928 2569 13
947 2534 1092 2567 dominis
1111 2544 1145 2565 α.
1291 2542 1431 2564 uxorem
1451 2535 1548 2563 ‘mss.
1569 2532 1599 2564 4'
1618 2536 1652 2564 et

163 2586 410 2629 Schneider-us,
431 2599 638 2631 uxoremque
657 2588 707 2629 (a)
726 2599 761 2620 u.
911 2588 1001 2620 filios
1022 2598 1042 2619 a
1063 2587 1081 2618 b
1100 2597 1128 2626 c,
1150 2585 1255 2616 filium
1275 2594 1309 2615 u.
1452 2585 1610 2627 oppiduin
1629 2596 1650 2616 a

164 2637 195 2668 b.
361 2639 403 2671 14
420 2640 628 2672 domicilium
650 2640 680 2672 b.
843 2638 883 2672 17
901 2639 1108 2671 reuertisset
1124 2647 1145 2668 a
1164 2636 1183 2669 3
1202 2635 1314 2675 dett.,·
1334 2635 1562 2667 reuertissent
1578 2646 1596 2665 c
1613 2646 1647 2675 υ,

163 2689 296 2720 reuersi
315 2694 431 2722 essent
448 2690 528 2732 (b)?
696 2691 736 2723 18
755 2690 890 2722 solebat
908 2700 985 2732 ego,
1007 2689 1165 2721 solebant
1181 2686 1284 2719 codd.
1303 2686 1488 2718 Lacunam
1507 2695 1571 2725 ego
1591 2696 1650 2718 no-

164 2742 254 2772 taui.
275 2741 314 2772 P.
329 2740 408 2773 238.
550 2742 591 2774 19
604 2742 806 2774 nuntiarunt
824 2752 910 2784 quae
922 2741 1102 2783 Pompeius
1120 2750 1154 2780 α,
1177 2738 1444 2779 nuntiaruntque
1458 2735 1651 2778 Pompeium

166 2792 196 2823 b.
338 2792 381 2824 20
393 2791 590 2824 concionem
608 2795 670 2834 (a).
812 2793 973 2825 habuisse
991 2803 1012 2825 a
1025 2793 1056 2825 b.
1198 2790 1241 2824 25
1252 2788 1379 2820 abiecit
1396 2798 1414 2819 α
1430 2787 1461 2827 b,
1478 2787 1602 2819 obiecit
1613 2799 1647 2820 u.

307 2842 348 2875 26
367 2847 526 2886 peterent
544 2843 574 2874 b.
717 2844 886 2877 fecissent
904 2844 954 2876 eis
976 2844 1006 2876 b.
1146 2842 1187 2876 27
1209 2839 1364 2884 promisit
1381 2849 1403 2870 α
1421 2838 1452 2879 b,
1473 2848 1509 2870 se
1527 2839 1651 2880 promi-

167 2895 210 2926 sit
230 2905 263 2926 ιι.
402 2894 447 2929 28
467 2894 545 2928 fune
564 2905 662 2929 crure
680 2907 702 2928 a
721 2897 739 2929 b
758 2908 787 2938 e,
809 2896 963 2930 facturus
981 2907 1016 2929 u.
