1835 3240
108 177 190 221 590
673 180 747 223 DE
779 180 970 224 BELLO
1002 180 1178 225 CIVILI

182 298 270 343 rat,
294 299 412 346 atque
433 299 474 333 ut
495 301 609 334 erant
629 295 715 334 loca
736 302 945 336 montuosa
966 302 1005 336 et
1026 296 1072 336 ad
1094 310 1233 350 specus
1255 299 1461 353 angustiae
1483 298 1659 349 uallium,

183 361 253 401 has
275 361 438 402 sublicis
472 362 512 401 in
535 368 678 401 terram
701 361 882 402 demissis
905 373 1181 417 praesepserat
1201 372 1424 419 terramque
1446 368 1660 416 adiecerat,

136 426 161 468 5
183 436 226 468 ut
247 442 385 482 aquam
409 427 645 468 contineret.
698 427 836 482 Itaque
857 429 914 470 illi
936 432 1166 472 necessario
1186 433 1272 472 loca
1294 434 1406 486 sequi
1429 435 1597 475 demissa
1619 448 1664 474 ac

182 497 369 551 palustria
395 503 434 535 et
455 502 592 548 puteos
615 496 750 537 fodere
773 498 1016 552 cogebantur
1036 506 1152 552 atque
1174 500 1277 540 hunc
1304 500 1475 541 laborem
1498 503 1545 541 ad
1568 502 1665 542 coti-

182 563 297 604 diana
320 577 438 617 opera
461 563 679 614 addebant3
719 565 783 617 qui
814 572 945 606 tamen
977 567 1107 607 fontes
1139 580 1161 606 a
1193 567 1422 620 quibusdam
1454 570 1660 622 praesidiis

133 630 161 673 6
182 633 346 672 aberant
376 630 531 684 longius
562 638 602 671 et
632 632 818 672 celeriter
845 634 1019 674 aestibus
1053 634 1355 675 exarescebant.
1398 635 1457 675 At
1478 634 1665 678 Caesaris

181 700 384 740 exercitus
407 698 552 752 optima
572 699 796 740 ualetudine
819 715 1048 755 summaque
1070 716 1195 755 aquae
1218 702 1328 756 copia
1351 703 1561 753 utebatur,
1586 711 1666 744 tum

182 773 422 809 commeatus
445 767 551 806 omni
573 781 719 821 genere
740 776 898 822 praeter
919 770 1158 810 frumentum
1180 770 1426 820 abundabat3
1452 771 1590 824 quibus
1602 785 1667 812 co—

181 835 276 874 tidie
298 833 437 874 melius
458 835 487 887 †
508 834 713 876 subterere
737 843 887 890 tempus
910 837 1175 890 maioremque
1198 851 1304 891 spem
1336 839 1564 880 maturitate
1585 841 1667 880 fru-

105 902 164 946 50
185 909 406 942 mentorum
430 902 594 956 proponi
616 903 815 944 uidebant.
858 903 905 944 In
928 919 1031 945 nouo
1053 918 1199 958 genere
1221 906 1312 946 belli
1335 921 1463 947 nouae
1484 907 1531 946 ab
1550 908 1667 947 utris-

179 984 251 1023 que
274 969 442 1010 bellandi
464 971 640 1011 rationes
662 971 974 1025 reperiebantur.
1007 970 1084 1022 Illi,
1111 988 1197 1013 cum
1220 974 1591 1015 animaduertissent
1614 988 1667 1014 ex

177 1038 335 1091 ignibus
367 1045 484 1078 nocte
515 1038 698 1078 cohortes
731 1047 888 1081 nostras
919 1041 966 1081 ad
990 1041 1225 1081 munitiones
1248 1042 1473 1092 excubare,
1506 1042 1663 1082 silentio

178 1106 358 1159 adgressi
380 1106 554 1146 uniuersi
577 1108 682 1146 intra
697 1108 981 1148 multitudinem
995 1109 1162 1162 sagittas
1173 1109 1424 1150 coniciebant
1446 1117 1484 1150 et
1505 1124 1549 1150 se
1572 1124 1665 1149 con-

128 1173 155 1215 2
177 1174 304 1213 festim
328 1174 374 1214 ad
398 1187 490 1213 suos
520 1174 776 1227 recipiebant.
841 1174 994 1227 Quibus
1026 1176 1141 1216 rebus
1172 1178 1298 1217 nostri
1330 1191 1402 1217 usu
1433 1177 1537 1218 docti
1569 1177 1663 1217 haec

178 1241 432 1295 reperiebant
451 1242 639 1291 remedia,
665 1249 708 1282 ut
729 1243 805 1282 alio
827 1242 914 1283 loco
936 1243 1048 1298 ignes
1072 1245 1250 1284 facerent

100 1511 154 1556 51
176 1509 342 1552 Interim
365 1511 514 1552 certior
534 1513 660 1553 factus
682 1511 728 1553 Ρ.
754 1512 866 1555 Sulla
883 1545 893 1564 ‚
933 1528 1046 1569 quem
1070 1515 1274 1556 discedens
1298 1515 1439 1556 castris
1463 1516 1664 1570 praefece-

175 1587 240 1621 rat
261 1577 440 1630 Caesar,
477 1581 627 1621 auxilio
659 1580 811 1622 cohorti
845 1583 956 1624 uenit
987 1598 1072 1624 cum
1095 1583 1317 1637 legionibus
1340 1583 1520 1636 duabus3
1554 1583 1664 1624 cuius

125 1646 154 1690 2
175 1649 346 1689 aduentu
379 1650 492 1689 facile
523 1657 615 1689 sunt
643 1651 789 1704 repulsi
810 1648 1053 1705 Pompeiani.
1116 1650 1261 1705 Neque
1291 1666 1385 1692 uero
1408 1658 1663 1706 conspectum

176 1724 243 1756 aut
263 1717 449 1770 impetum
472 1723 697 1757 nostrorum
722 1718 911 1768 tulerunt,
937 1720 1148 1773 primisque
1171 1720 1333 1760 deiectis
1355 1720 1496 1773 reliqui
1518 1733 1561 1760 se
1574 1732 1663 1759 uer-

175 1791 309 1824 terunt
330 1792 369 1825 et
390 1785 476 1825 loco
499 1793 718 1826 cesserunt.
743 1783 822 1826 Sed
845 1787 1098 1840 insequentes
1122 1795 1296 1838 nostros,
1322 1801 1371 1828 ne
1392 1787 1549 1840 longius
1573 1801 1662 1842 pro-

126 1850 152 1891 3
175 1859 461 1905 sequerentur,
497 1850 608 1894 Sulla
638 1855 858 1895 reuocauit.
902 1854 959 1895 At
989 1855 1163 1909 plerique
1194 1856 1449 1905 existimant,
1475 1855 1509 1894 si
1531 1854 1661 1894 acrius

125 1920 153 1959 4
176 1919 329 1973 insequi
353 1920 568 1971 uoluisset,
600 1921 744 1961 bellum
775 1936 822 1962 eo
856 1922 917 1963 die
939 1922 1114 1976 potuisse
1137 1923 1265 1963 finire.
1311 1921 1435 1964 Cuius
1459 1922 1663 1963 consilium

170 1988 536 2041 reprehendendum
559 2003 636 2028 non
660 1989 834 2030 uidetur.
871 1990 989 2031 Aliae
1011 1990 1113 2030 enim
1138 1999 1229 2031 sunt
1250 1991 1370 2044 legati
1392 1998 1524 2045 partes
1545 1997 1661 2043 atque

173 2055 446 2109 imperatoris:
482 2057 584 2097 alter
612 2057 743 2097 omnia
774 2071 893 2111 agere
915 2059 962 2098 ad
985 2059 1292 2112 praescriptum,
1327 2059 1428 2100 alter
1455 2058 1579 2098 libere
1612 2058 1661 2097 ad

127 2121 152 2163 5
175 2136 361 2163 summam
385 2138 517 2165 rerum
540 2125 749 2166 consulere
771 2125 901 2166 debet.
953 2124 1066 2167 Sulla
1088 2140 1110 2167 a
1133 2125 1311 2168 Caesare
1334 2127 1475 2168 castris
1496 2126 1660 2167 relictus

320 2297 330 2329 1
355 2297 396 2328 ad
416 2296 550 2339 specus]
568 2298 609 2330 P.
632 2298 695 2332 172
715 2303 813 2331 eoetr.
969 2301 991 2335 2
1010 2299 1158 2332 dimissis
1178 2300 1280 2332 codd.
1297 2303 1443 2342 praeter
1461 2308 1567 2330 unum
1585 2296 1657 2329 det.

318 2350 495 2382 adiecerat
511 2361 532 2382 α
546 2352 575 2391 b,
597 2358 798 2393 aggesserat
815 2363 850 2385 u.
1052 2354 1071 2386 3
1092 2354 1288 2386 contineret
1304 2364 1324 2385 a
1336 2354 1366 2394 b,
1388 2352 1605 2385 continerent
1623 2360 1657 2381 u.

317 2402 363 2432 ita
374 2413 394 2433 a
407 2403 502 2434 ‘'tiss.
518 2401 562 2443 2',
584 2408 685 2445 atque
699 2405 731 2436 b.
873 2404 1013 2437 dimissa
1026 2415 1046 2436 a
1059 2405 1357 2448 ‘mss.pler2'que'.
1484 2404 1503 2436 6
1514 2406 1612 2435 erant
1625 2403 1656 2434 b.

316 2453 334 2483 9
355 2453 534 2485 subterere
551 2464 571 2484 α
586 2454 621 2494 d,
641 2455 839 2487 subterrere
861 2456 901 2495 b‚·
924 2457 1112 2488 succedere
1131 2467 1166 2488 u.
1187 2457 1227 2488 P.
1251 2456 1326 2489 173.
1482 2454 1519 2487 11
1541 2463 1659 2496 reppe-

174 2502 351 2533 riebantur
369 2514 403 2535 α.
545 2506 692 2537 animum
712 2507 946 2538 aduertissent
965 2517 1043 2539 eum
1063 2518 1131 2539 mm
1150 2507 1219 2539 (let.
1241 2517 1276 2538 u.
1420 2506 1460 2537 13
1473 2505 1625 2546 aggressi
1639 2505 1657 2536 5

173 2553 274 2594 dett„
297 2554 436 2586 aduersi
455 2555 601 2597 reliqui.
826 2556 979 2588 uniuersi
998 2567 1073 2598 ego,
1095 2557 1276 2588 uniuersas
1296 2556 1395 2588 codd.
1414 2557 1453 2588 P.
1478 2557 1542 2589 173
1560 2559 1656 2588 eaetr.

316 2606 406 2638 inter
424 2607 458 2638 d.
600 2608 796 2639 coiciebant
813 2619 846 2639 α.
989 2609 1031 2641 14
1049 2609 1239 2640 rciciebant
1257 2619 1290 2640 a.
1435 2610 1473 2641 15
1487 2609 1660 2651 repperie-

172 2657 297 2689 bantur
314 2667 347 2690 a.
488 2657 671 2690 Lacunam
687 2663 773 2700 post
785 2658 1065 2691 facerentAldus
1080 2662 1233 2691 notauit.
1248 2660 1290 2691 P.
1306 2660 1381 2692 101.
1525 2660 1565 2692 19
1583 2659 1659 2703 Syl-

172 2709 205 2739 la
226 2708 276 2748 (a)
295 2711 331 2739 et
347 2707 526 2750 deinceps,
688 2709 731 2740 20
750 2709 893 2740 cohortu
910 2712 993 2740 aute
1011 2719 1105 2741 corr.
1125 2720 1160 2742 a.
1300 2711 1344 2745 22
1363 2710 1505 2752 reliquis
1524 2716 1659 2742 euerte-

173 2764 251 2790 runt
270 2769 303 2791 α.
490 2759 532 2791 23
552 2760 777 2802 insequentis,
799 2760 946 2802 ‘atsere
963 2759 1124 2803 semper‘,
1148 2763 1179 2794 b.
1358 2768 1606 2806 prosequentur
1623 2773 1657 2795 α.

316 2811 358 2844 25
379 2810 477 2852 sequi
494 2810 687 2841 uoluissent
707 2811 738 2842 b.
903 2810 1001 2844 finire
1020 2822 1040 2843 α
1053 2812 1082 2853 b,
1105 2812 1194 2844 finiri
1215 2824 1250 2844 u.
1413 2814 1456 2848 26
1475 2814 1657 2856 repreben-

173 2861 249 2892 dum
269 2871 301 2891 a.
445 2861 487 2894 28
506 2860 635 2892 relictis
654 2864 737 2892 ante
755 2871 848 2893 corr.
869 2872 901 2892 α.

1700 914 1740 947 10

1635 1251 1739 1285 ,15

1693 1589 1738 1624 20

1693 1928 1736 1963 25
