1835 3240
74 909 114 942 10

78 1250 117 1283 15

79 1931 120 1963 25

557 175 739 219 COMM.
763 175 802 218 ΙΙ
824 174 948 218 CAP.
974 173 1175 217 15-17,
1622 180 1703 222 545

147 293 256 334 miles
279 292 419 332 dextra
442 304 486 330 ac
508 291 669 331 sinistra
692 306 804 331 muro
827 298 975 341 tectus,
1002 290 1193 331 aduersus
1216 288 1334 342 plutei
1351 289 1502 332 obiectu
1517 295 1624 347 operi

146 372 412 414 quaecumque
434 365 525 398 sunt
546 359 632 399 usui
655 360 740 399 sine
763 359 936 413 periculo
957 359 1175 413 subportat.
1202 353 1401 397 Celeriter
1420 372 1484 398 res
1506 362 1625 400 admi-
1648 362 1674 402 4

145 427 359 467 nistratur:
386 427 559 466 diuturni
582 427 728 467 laboris
752 427 1025 467 detrimentum
1050 426 1211 466 solertia
1233 431 1272 465 et
1294 425 1439 465 uirtute
1462 427 1625 467 militum

144 495 256 535 breui
279 495 571 535 reconciliatur.
617 494 762 534 Portae
792 494 930 547 quibus
962 494 1059 534 locis
1091 494 1248 533 uidetur
1270 492 1486 546 eruptionis
1510 508 1629 534 causa

148 562 188 602 in
210 577 321 603 muro
336 563 623 616 relinquuntur.
650 560 763 614 Quod
786 562 849 601 ubi
873 561 1006 601 hostes
1031 561 1228 608 uiderunt,
1253 574 1314 610 ea,
1340 575 1439 613 quae
1462 562 1525 601 diu
1548 562 1631 602 lon·
1657 563 1706 607 16

144 645 271 684 goque
294 632 418 684 spatio
441 631 547 671 refici
570 644 645 670 non
670 643 786 683 posse
808 636 1062 682 sperassent,
1096 642 1306 681 paucorum
1339 629 1487 668 dierum
1511 642 1632 683 opera

145 705 184 738 et
205 698 338 739 labore
360 699 415 739 ita
435 700 600 747 refecta,
624 704 667 737 ut
688 697 817 737 nullus
842 697 1025 750 perfidiae
1048 709 1172 748 neque
1186 696 1380 749 eruptioni
1403 697 1511 737 locus
1526 705 1632 738 esset

147 779 220 806 nec
244 766 446 820 quicquam
470 767 627 807 omnino
649 765 966 817 relinqueretur,
1000 778 1075 819 qua
1104 770 1170 804 aut
1194 764 1232 803 ui
1255 763 1438 805 militibus
1460 772 1529 805 aut
1549 765 1633 820 igni

147 834 331 888 operibus
355 835 486 875 noceri
510 840 668 888 posset7
693 833 906 885 eodemque
927 831 1111 885 exemplo
1134 832 1311 871 sentiunt
1333 839 1453 872 totam
1477 833 1628 884 urbem,
1653 833 1679 873 2

148 916 223 956 qua
244 903 296 942 sit
317 903 445 943 aditus
468 902 514 942 ab
539 909 661 948 terra,
685 914 797 940 muro
819 899 1068 952 turribusque
1091 899 1383 940 circummuniri
1408 914 1522 954 posse
1538 931 1548 950 ‚
1575 901 1633 941 sic

147 978 191 1010 ut
212 971 307 1024 ipsis
321 967 1004 1011 consistendiinsuismunitionibus
1026 967 1135 1007 locus
1151 981 1228 1008 nou
1251 976 1372 1018 esset,
1399 983 1484 1008 cum
1509 982 1634 1022 paene

147 1039 395 1078 inaedificata
425 1038 465 1077 in
496 1037 618 1077 muris
647 1036 694 1077 ab
717 1036 896 1076 exercitu
921 1042 1059 1076 nostro
1081 1035 1235 1076 moenia
1259 1035 1491 1075 uiderentur
1512 1050 1557 1076 ac
1580 1043 1636 1076 te-

147 1107 226 1147 lum
249 1120 366 1146 manu
389 1105 650 1154 coniceretur,
677 1118 914 1156 suorumque
937 1111 1223 1143 tormentorum
1245 1118 1375 1152 usum,
1401 1103 1539 1157 quibus
1562 1103 1634 1157 ipsi
1657 1103 1681 1143 3

148 1188 291 1228 magna
313 1174 608 1228 sperauissent‚
644 1173 770 1225 spatio
801 1171 1102 1226 propinquitatis
1134 1171 1300 1212 interire
1322 1174 1481 1225 parique
1504 1172 1637 1211 condi-

150 1242 260 1282 cione
284 1255 336 1282 ex
358 1257 468 1283 muro
500 1256 546 1282 ac
579 1241 749 1281 turribus
780 1240 949 1280 bellandi
984 1240 1074 1280 data
1104 1253 1149 1280 se
1182 1240 1328 1280 uirtute
1350 1239 1497 1279 nostris
1520 1240 1636 1279 adae-

151 1324 272 1363 quare
294 1325 371 1350 non
394 1324 510 1364 posse
531 1309 790 1362 intellegunt,
816 1308 862 1348 ad
885 1309 1043 1349 easdem
1067 1308 1276 1348 deditionis
1300 1308 1550 1349 condiciones
1573 1322 1637 1348 re-

149 1386 328 1419 currunt.

265 1445 324 1486 M.
342 1445 474 1487 Varro
496 1446 535 1486 in
560 1445 749 1486 ulteriore
772 1444 963 1499 Hispania
985 1445 1098 1485 initio
1122 1444 1289 1498 cognitis
1312 1444 1358 1484 iis
1382 1443 1512 1493 rebus,
1539 1458 1638 1497 quae
1660 1443 1714 1488 17

153 1522 245 1555 sunt
276 1515 316 1555 in
345 1514 459 1555 ltalia
493 1521 655 1568 gestae,
691 1514 865 1554 diffidens
895 1512 1145 1567 Pompeianis
1176 1513 1293 1553 rebus
1324 1511 1559 1552 amicissime
1594 1512 1639 1551 de

152 1581 326 1624 Caesare
349 1583 605 1635 loquebatur:
641 1589 965 1635 praeoccupatum
998 1594 1087 1621 sese
1119 1580 1316 1635 legatione
1347 1580 1393 1619 ab
1419 1578 1495 1620 Cn.
1521 1578 1638 1619 Pom·
1659 1579 1687 1619 2

152 1651 255 1705 peio‚
281 1651 407 1690 teneri
430 1651 661 1690 obstrictum
686 1650 781 1699 lideg
808 1650 1138 1690 necessitudinem
1164 1649 1317 1701 quidem
1340 1648 1411 1688 sibi
1434 1648 1555 1688 nihilo
1568 1649 1641 1688 mi-

151 1733 288 1759 norem
312 1733 397 1759 cum
422 1716 599 1758 Caesare
622 1718 894 1768 intercedere,
929 1731 1055 1771 neque
1086 1731 1129 1757 se
1150 1717 1362 1771 ignorare,
1398 1716 1498 1769 quod
1531 1723 1642 1755 esset

154 1788 320 1828 officium
344 1787 478 1840 legati,
505 1786 567 1840 qui
591 1786 829 1827 fiduciariam
855 1800 1011 1840 operam
1036 1785 1250 1834 obtineret,
1276 1797 1374 1837 quae
1398 1784 1503 1824 uires
1526 1797 1638 1833 suae,

155 1869 253 1909 quae
282 1856 467 1895 uoluntas
500 1869 593 1908 erga
616 1851 830 1895 Caesarem
864 1854 983 1894 totius
1013 1853 1254 1907 prouinciae.
1319 1851 1428 1892 Haec
1461 1851 1641 1892 omnibus

154 1923 307 1964 ferebat
339 1923 585 1962 sermonibus
616 1937 744 1976 neque
775 1937 818 1963 se
851 1923 889 1962 in
924 1923 1039 1962 ullam
1064 1928 1212 1975 partem
1237 1920 1434 1960 mouebat.
1495 1918 1643 1960 Postea
1664 1918 1688 1959 3

155 2005 268 2041 uero,
294 2005 379 2031 cum
404 1989 618 2032 Caesarem
650 1992 696 2031 ad
720 1990 941 2031 Massiliam
973 1989 1141 2030 detineri
1165 1990 1375 2043 cognouit,
1411 1988 1545 2042 copias
1566 1985 1642 2027 Pe-

155 2059 245 2099 treii
269 2073 356 2099 cum
380 2059 561 2099 exercitu
582 2058 738 2099 Afranii
761 2072 851 2099 esse
873 2059 1130 2108 coniunctas⁷
1164 2072 1306 2111 magna
1329 2056 1477 2097 auxilia
1498 2069 1645 2095 conue-

156 2127 287 2177 nisse,
313 2141 454 2182 magna
477 2141 565 2167 esse
587 2127 624 2166 in
649 2141 716 2181 spe
737 2134 853 2180 atque
876 2127 1079 2180 expectari
1103 2133 1142 2166 et
1164 2126 1390 2166 consentire
1414 2137 1568 2164 omnem
1590 2123 1644 2162 ci-

157 2195 344 2235 teriorem
377 2196 617 2249 prouinciam
641 2209 816 2248 quaeque
840 2202 974 2249 postca
998 2195 1251 2244 acciderant,
1292 2194 1338 2233 de
1369 2192 1564 2246 angustiis
1596 2192 1644 2232 ad

83 2270 124 2303 30
155 2262 320 2304 Ilerdam
344 2264 404 2304 rei
426 2263 726 2313 frumentariae,
752 2263 918 2317 accepit,
944 2270 1062 2316 atque
1085 2263 1180 2303 haec
1203 2263 1249 2302 ad
1273 2276 1359 2302 eum
1388 2261 1506 2301 latius
1529 2267 1644 2313 atque

304 2368 317 2399 1
341 2368 483 2399 dextera
503 2367 554 2408 (a)
569 2378 611 2399 u:
632 2371 673 2399 alt
690 2367 810 2399 dextra
830 2368 886 2398 lzaffe
905 2378 1042 2409 quoque
1062 2366 1162 2398 codd.
1184 2367 1280 2398 tueri
1296 2364 1534 2397 Schneiderus
1545 2375 1584 2407 p.
1603 2363 1644 2396 43

161 2420 329 2459 affirmat.
496 2420 632 2451 obiectu
651 2420 773 2459 Aldus,
796 2420 930 2451 obiecto
951 2430 971 2451 a
992 2421 1077 2451 ‘mei
1095 2419 1138 2451 5³.
1318 2420 1338 2450 2
1356 2427 1589 2460 quaecumque
1608 2428 1643 2458 a,

160 2481 228 2501 mm
247 2489 287 2493 —
307 2481 452 2513 cunque.
588 2477 669 2503 sunt
686 2472 761 2503 usui
781 2482 813 2511 α,
836 2472 912 2503 usui
933 2477 1013 2504 sunt
1031 2472 1110 2504 edd.
1267 2471 1449 2513 subportat
1466 2481 1500 2502 a.

163 2520 181 2551 3
202 2520 358 2552 sollertia
375 2532 409 2553 α.
608 2524 628 2555 4
647 2523 892 2554 reconciliatur
910 2523 1025 2563 codd„
1048 2522 1316 2555 reconcinnatur
1333 2522 1446 2554 Aldus
1464 2532 1499 2553 v.

163 2572 180 2603 7
201 2572 248 2602 ita
266 2582 334 2603 om.
356 2573 386 2604 b.
529 2574 643 2606 nullus
664 2574 875 2615 Stephanus,
898 2574 1024 2605 nullius
1044 2575 1108 2605 ab.
1264 2574 1284 2606 8
1302 2584 1361 2605 nec
1380 2584 1414 2614 a,
1437 2584 1546 2616 neque
1566 2574 1644 2605 edd.

307 2623 484 2665 quicquam
499 2635 532 2665 α,
554 2636 623 2657 non
643 2625 837 2667 quidquam.
976 2635 1041 2666 qua
1059 2635 1080 2657 a
1100 2625 1198 2656 (ηις-ς,
1221 2624 1263 2662 7’,
1285 2635 1349 2666 quo
1370 2635 1406 2656 u.
1525 2624 1572 2666 ui]
1593 2625 1643 2655 eis

164 2684 184 2703 a
197 2674 226 2714 b,
248 2674 288 2705 ab
302 2675 351 2705 eis
370 2684 400 2705 c.
511 2676 551 2708 10
567 2677 821 2708 circummunit-i
836 2675 1025 2717 sltem-(lus,
1047 2676 1221 2708 circumiri
1235 2676 1335 2708 codd.
1457 2675 1491 2707 11
1510 2685 1594 2716 pene
1608 2685 1643 2706 α.

310 2725 352 2758 12
370 2726 479 2757 media
497 2736 533 2758 a.
659 2729 762 2760 telum
784 2746 823 2750 —
843 2729 1064 2761 coniceretur
1080 2739 1101 2760 a
1117 2729 1173 2769 bc,
1194 2729 1266 2760 tela
1284 2747 1328 2753 —
1347 2728 1589 2759 conicerentur
1605 2738 1641 2759 η.

311 2776 350 2807 13
370 2786 504 2807 suorum
524 2780 656 2810 omissa
674 2778 803 2820 copula
824 2779 854 2810 b.
1024 2781 1062 2812 14
1082 2780 1277 2811 conditione
1297 2779 1364 2820 (a).
1551 2778 1591 2810 15
1610 2788 1646 2809 se

166 2827 293 2858 uirtute
312 2836 344 2865 α,
366 2826 495 2858 uirtute
513 2838 548 2859 se
567 2829 645 2861 edd.
826 2829 864 2862 16
884 2832 1099 2863 conditiones
1119 2831 1184 2871 (a).
1376 2830 1414 2861 18
1434 2829 1590 2860 ulteriori
1611 2831 1641 2862 b.

309 2877 481 2920 llyspania
500 2889 534 2909 a.
675 2880 740 2912 hiis
759 2891 792 2911 α.
933 2883 971 2916 21
996 2883 1106 2914 minus
1128 2882 1158 2913 Ι).
1298 2881 1342 2915 28
1362 2881 1538 2922 expectari
1558 2891 1591 2912 α.

213 2940 332 2977 Cacsar,
348 2942 392 2969 ed.
416 2941 556 2979 Nipperd.
1395 2936 1447 2976 35
