1835 3240
93 184 178 228 666
683 182 854 225 BELLl
885 180 1134 224 AFRICAE

168 297 376 339 mandatis
396 296 479 351 ipse
501 310 639 337 nauem
663 297 895 337 conscendit
915 312 952 337 a.
978 297 1015 336 d.
1039 302 1084 336 VI
1106 294 1197 336 Iial.
1220 294 1306 336 Ian.
1331 303 1370 337 et
1390 297 1560 350 reliquas
1583 310 1652 337 na-

121 364 146 407 5
167 380 238 407 ues
270 365 401 406 statim
433 372 492 406 est
524 371 776 405 consecutus.
818 363 879 405 Ita
909 370 1029 405 uento
1053 371 1162 404 certo
1185 364 1381 417 celerique
1402 365 1560 418 nauigio
1581 379 1651 405 ue-

168 441 254 475 ctus
287 440 375 488 post
406 433 505 473 diem
529 439 708 484 quartum
731 446 817 472 cum
839 432 966 485 longis
989 432 1124 485 paucis
1147 431 1313 471 nauibus
1335 431 1374 470 in
1396 440 1647 486 conspectum

166 501 331 542 Africae
352 500 461 541 uenit
478 516 486 539 ε
504 513 670 552 namque
694 499 902 540 onerariae
922 499 1176 554 reliquaeque
1197 505 1355 552 praeter
1370 512 1512 552 paucas
1530 507 1648 539 uento

119 568 146 610 6
167 570 366 624 dispersae
388 575 502 620 atque
525 566 770 607 errabundae
793 568 946 608 diuersa
966 568 1052 607 loca
1073 567 1284 621 petierunt.
1316 563 1503 619 Clupeam
1520 568 1645 608 classe

165 636 498 692 praeteruehitur,
524 634 613 674 dein
632 633 865 689 Neapolim3
891 635 1088 688 complura
1112 642 1318 688 praeterea
1340 634 1501 674 castella
1523 641 1562 674 et
1583 649 1649 688 op-

116 703 144 749 3
164 705 250 759 pida
280 717 357 744 non
388 703 505 755 longe
535 716 558 742 a
587 702 687 742 mari
717 703 888 756 reliquit.
931 701 1144 756 Postquam
1176 701 1434 741 Adrumetum
1464 701 1646 751 accessit,

164 772 227 812 ubi
249 770 483 825 praesidium
507 776 592 810 erat
612 770 946 821 aduersariorum,
971 771 1034 812 cui
1057 776 1240 824 praeerat
1253 766 1298 809 C.
1313 768 1543 819 Considius,
1567 775 1650 808 eta

166 835 325 892 Clupeis
347 838 559 878 secundum
583 851 691 878 oram
713 838 961 879 maritumam
984 853 1071 879 cum
1094 838 1269 891 equitatu
1289 836 1548 877 Adrumetum
1571 834 1648 876 Cn.

114 906 142 948 2
162 905 272 954 Piso,
297 920 384 946 cum
400 904 633 947 Maurorum
655 906 812 946 circiter
833 906 958 947 tribus
980 906 1150 956 milibus,
1169 905 1362 960 apparuit,
1378 904 1430 944 ibi
1452 904 1650 959 paulisper

164 971 316 1015 Caesar
337 981 428 1014 ante
450 981 604 1030 portum
627 982 907 1026 commoratus,
924 975 1010 1015 dum
1033 974 1208 1027 reliquae
1230 987 1352 1013 naues
1370 972 1646 1022 conuenirent,

161 1043 327 1096 exponit
357 1042 577 1083 exercitum
595 1074 606 1094 ,
639 1043 748 1083 cuius
780 1056 966 1084 numerus
997 1043 1038 1082 in
1068 1041 1293 1096 praesentia
1315 1041 1387 1081 fuit
1407 1040 1580 1095 peditum
1603 1045 1649 1079 111

161 1111 292 1161 milia,
329 1110 479 1163 equites
502 1118 580 1161 CL,
613 1111 831 1164 castrisque
871 1118 962 1151 ante
1002 1111 1182 1164 oppidum
1222 1109 1360 1163 positis
1390 1108 1476 1148 sine
1506 1107 1650 1147 iniuria

114 1175 139 1218 3
163 1179 393 1232 cuiusquam
414 1179 596 1219 consedit
616 1178 847 1232 cohibetque
870 1191 1006 1218 omnes
1028 1192 1050 1217 a
1073 1178 1232 1231 praeda.
1272 1174 1469 1231 Oppidani
1491 1175 1648 1215 interim

161 1260 294 1286 muros
325 1247 487 1286 armatis
518 1247 738 1299 complent,
773 1252 865 1285 ante
887 1252 1039 1298 portam
1063 1246 1286 1297 frequentes
1310 1243 1519 1283 considunt
1539 1242 1587 1281 ad
1608 1255 1652 1282 se

161 1313 475 1364 defendendum3
518 1327 682 1366 quorum
721 1326 906 1353 numerus
948 1313 1110 1353 duarum
1149 1312 1346 1365 legionum
1387 1310 1516 1351 instar
1546 1315 1648 1349 erat.

111 1381 138 1422 4
161 1377 314 1421 Caesar
331 1380 477 1421 circum
495 1381 672 1435 oppidum
689 1388 827 1422 uectus
843 1387 984 1421 natura
999 1381 1074 1421 loci
1093 1388 1297 1434 perspecta
1312 1379 1429 1420 rediit
1444 1379 1485 1419 in
1502 1384 1648 1418 castra.

157 1446 372 1488 Nonnemo
395 1449 532 1503 culpae
553 1449 638 1490 eius
660 1449 1012 1503 inprudentiaeque
1033 1447 1282 1502 adsignabat,
1299 1447 1400 1501 quod
1422 1459 1549 1499 neque
1564 1458 1651 1486 cer-

159 1522 239 1556 tum
268 1517 397 1557 locum
419 1517 750 1570 gubernatoribus
773 1517 1059 1572 praefectisque
1074 1548 1084 1567 ,
1118 1530 1230 1570 quem
1253 1522 1458 1570 peterent,
1489 1526 1650 1567 praece-

157 1590 295 1637 perat,
328 1599 454 1638 neque
471 1615 481 1633 ‚
514 1592 556 1625 ut
577 1599 686 1626 more
707 1586 829 1639 ipsius
852 1584 1096 1626 consuetudo
1118 1583 1387 1638 superioribus
1411 1580 1650 1636 temporibus

158 1652 302 1703 fuerat,
327 1651 492 1694 tabellas
514 1654 689 1709 signatas
712 1654 887 1704 dederat,
908 1660 951 1693 ut
971 1652 1011 1693 in
1034 1660 1210 1706 tempore
1230 1652 1291 1692 his
1312 1650 1497 1706 perlectis
1519 1650 1649 1690 locum

112 1718 136 1760 5
160 1726 310 1760 certum
351 1728 534 1774 peterent
572 1722 765 1763 uniuersi.
830 1720 945 1774 Quod
987 1721 1146 1761 minime
1178 1717 1393 1760 Caesarem
1435 1717 1645 1758 fefellerat.

155 1785 342 1841 Namque
373 1788 520 1829 nullum
547 1797 701 1843 portum
723 1797 855 1829 terrae
877 1788 1041 1829 Africae
1058 1820 1068 1839 ,
1103 1803 1179 1842 quo
1201 1789 1350 1828 classes
1373 1785 1645 1835 decurrerent,

156 1869 226 1909 pro
259 1863 366 1896 certo
399 1863 525 1897 tutum
557 1857 604 1897 ab
626 1857 797 1897 hostium
819 1857 1015 1911 praesidio
1039 1857 1123 1896 fore
1145 1854 1442 1909 suspicabatur,
1476 1853 1545 1893 sed
1567 1853 1647 1892 for-

109 1922 138 1967 4
159 1923 256 1964 tuito
278 1923 446 1964 oblatam
469 1925 715 1965 occasionem
739 1938 926 1980 egressus
949 1924 1228 1978 aucupabatur.
1278 1921 1329 1962 L.
1354 1920 1525 1962 Plancus
1547 1919 1648 1960 inte-

154 1991 228 2032 rim
249 1991 402 2046 legatus
423 1993 521 2047 petit
542 2006 564 2033 a
579 1991 770 2042 Caesare,
796 1993 852 2034 uti
874 1993 947 2033 sibi
970 1993 1081 2034 daret
1101 1996 1334 2047 potestatem
1355 2004 1441 2030 cum
1455 1987 1646 2030 Considio

300 2113 315 2146 1
337 2113 509 2147 mandatis
528 2123 597 2147 om.
618 2124 639 2145 α
660 2114 677 2145 b
697 2124 714 2144 c
731 2113 766 2146 d.
909 2113 980 2155 ipse
1000 2122 1103 2144 naues
1125 2112 1154 2143 b.
1297 2121 1328 2142 a.
1351 2110 1382 2142 d.
1404 2109 1583 2150 Scaliger,
1603 2107 1646 2139 ad

155 2175 176 2197 a
195 2163 271 2196 edd.
289 2167 444 2206 priores.
593 2164 646 2197 lxt
664 2163 736 2196 Ian.
753 2174 787 2196 α.
933 2164 1104 2198 2secutus
1125 2163 1156 2194 b.
1298 2163 1316 2194 3
1330 2166 1485 2204 quartum
1504 2171 1525 2192 α
1546 2160 1643 2191 (πτεε.

153 2215 199 2258 2',
220 2222 374 2259 quartam
393 2228 429 2250 u.
574 2218 595 2250 4
614 2217 836 2259 reliquaeque
854 2226 932 2258 ego,
953 2216 1106 2258 reliquae
1125 2214 1226 2247 codd.
1242 2214 1282 2246 P.
1303 2214 1382 2247 202.
1523 2212 1541 2244 5
1560 2211 1647 2254 peti-

153 2273 280 2301 uerunt
299 2269 329 2300 b.
494 2269 513 2302 6
533 2269 609 2301 dein
629 2280 649 2301 a
670 2270 700 2310 b,
723 2269 846 2301 deiude
866 2270 1012 2310 reliqui.
1170 2267 1189 2300 7
1208 2267 1350 2309 reliquit
1368 2277 1388 2298 α
1411 2266 1506 2297 ‘'mss.
1527 2264 1571 2305 4',
1593 2275 1647 2296 re-

153 2321 279 2364 linquit
295 2331 332 2353 u.
520 2332 684 2364 posquam
701 2331 734 2353 α.
922 2321 1168 2353 Adrumentum
1190 2320 1286 2352 ‘mss.
1303 2319 1466 2361 plerique
1482 2315 1643 2358 semper'.

299 2373 318 2405 9
338 2373 552 2405 maritumam
570 2384 603 2406 α.
815 2373 1039 2405 Adrumetum
1059 2383 1078 2404 a
1098 2375 1132 2404 ec
1149 2374 1202 2404 sic
1221 2372 1294 2403 ‘scu
1311 2370 1567 2403 Adrumentuin'
1589 2369 1607 2400 b
1626 2370 1646 2402 4

155 2425 460 2466 dett.‚·Adx·umeti
479 2436 513 2457 u.
534 2426 573 2458 P.
593 2426 671 2460 202.
849 2426 888 2457 10
908 2424 1105 2457 Maurorum
1123 2423 1296 2465 Scaliger,
1314 2420 1433 2454 Mauro
1452 2431 1496 2459 α,-
1516 2418 1645 2452 Mauris

157 2477 254 2508 ‘mss.
276 2476 421 2508 omnes'.
579 2477 618 2509 13
638 2475 772 2519 equites
791 2486 813 2508 α
832 2476 850 2508 3
869 2476 974 2516 dett„
995 2475 1145 2517 equitum
1164 2484 1200 2505 u.
1356 2472 1396 2504 15
1415 2475 1546 2513 portam
1565 2471 1641 2503 cod.

159 2527 355 2567 ciacconii,
376 2532 508 2569 portum
527 2528 674 2568 reliqui.
828 2527 1009 2559 consident
1026 2536 1046 2557 α
1067 2536 1095 2556 c.
1255 2523 1294 2555 16
1313 2523 1424 2555 instar
1442 2522 1644 2564 ll‘aleluus,

156 2579 248 2611 intus
268 2579 369 2611 codd.
513 2580 553 2612 17
573 2580 677 2611 rediit
694 2590 715 2611 α
735 2579 830 2611 (11133.
852 2578 897 2620 2’,
918 2579 1010 2611 redit
1028 2589 1063 2609 u,
1207 2576 1565 2618 18inprudentiaeque
1585 2576 1644 2607 ad-

157 2629 317 2671 signabat
333 2639 366 2661 α.
547 2636 678 2662 certum
696 2630 805 2661 locuni
825 2629 954 2670 Aldus,
975 2629 1101 2660 circum
1121 2627 1195 2658 loca
1213 2626 1314 2658 codd.
1489 2626 1528 2659 19
1548 2636 1645 2668 quem

157 2680 369 2723 Stephanus,
389 2682 469 2724 quid
488 2681 589 2714 codd.
809 2682 852 2714 20
870 2690 961 2712 more
980 2680 1087 2722 ipsius
1107 2679 1316 2710 consuetudo
1335 2689 1355 2710 a
1376 2690 1392 2710 c
1411 2679 1429 2711 6
1449 2678 1551 2718 dett„
1572 2688 1644 2710 mos

157 2732 264 2774 ipsius
283 2733 495 2765 consuetudo
517 2733 558 2772 ὓς
577 2742 648 2763 mos
667 2732 774 2774 ipsius
795 2731 1072 2772 consuetudoque
1092 2729 1320 2762 l'ascosanus
1339 2740 1373 2761 u.
1524 2730 1563 2763 21
1586 2730 1644 2761 de-

158 2783 292 2815 diderat
309 2794 344 2816 α.
500 2783 552 2815 his
570 2793 591 2815 a
609 2782 687 2814 edd.
703 2784 858 2824 priores,
879 2782 921 2813 iis
938 2782 979 2813 P.
999 2781 1187 2814 Manutius
1206 2790 1240 2811 η.
1399 2780 1444 2815 24
1464 2780 1604 2812 fortuito
1623 2789 1643 2811 α

159 2845 188 2877 c,
202 2834 344 2868 fortuito
364 2846 446 2868 casu
465 2834 664 2876 b5fortuitu
683 2834 777 2867 ‘mss.
795 2833 979 2877 pleriquc'.
1123 2834 1165 2868 20
1180 2833 1230 2866 uti
1247 2832 1298 2876 (a)
1314 2833 1427 2874 b,710n
1447 2838 1496 2866 ut.

161 2892 366 2932 potestatem
385 2900 405 2921 α
424 2889 454 2930 b,
478 2888 679 2922 facultatem
699 2897 732 2920 u.

1682 910 1723 943 10

1684 1247 1724 1280 15

1681 1586 1724 1622 20

1678 1926 1720 1961 25
