1835 3240
74 188 159 232 602
638 190 712 232 DE
744 188 933 231 BELLO
967 188 1141 233 CIVILI

150 315 224 342 nae
246 302 429 356 gratiam,
445 303 545 356 quod
560 302 711 344 Italiam
735 304 819 343 sine
841 303 971 356 aliquo
993 305 1158 345 uulnere
1181 306 1393 359 cepissent,
1409 307 1507 359 quod
1531 307 1628 346 duas

153 369 366 424 Hispanias
393 371 781 411 bellicosissimorum
806 371 1003 410 hominum
1026 372 1274 424 peritissimis
1297 381 1413 427 atque
1436 375 1633 415 exercita·

151 438 314 478 tissimis
346 439 506 478 ducibus
535 438 809 491 pacauissent‚
843 439 942 491 quod
966 439 1149 479 finitimas
1173 441 1522 494 frumentariasque
1545 456 1632 495 pro-

156 506 305 546 uincias
327 506 366 545 in
389 512 620 558 potestatem
642 507 915 559 redegissent,
954 506 1118 559 deniqne
1139 507 1341 547 recordari
1364 508 1506 549 debere
1521 540 1531 558 ,
1557 523 1631 562 qua

153 573 340 613 felicitate
363 573 466 612 inter
487 572 635 613 medias
659 574 826 613 hostium
847 574 993 614 classes
1011 574 1176 628 oppletis
1195 589 1271 614 non
1291 575 1415 615 solum
1435 577 1628 629 portibus,
1662 584 1680 615 5

107 641 133 682 4
155 642 223 681 sed
256 641 370 681 etiam
404 640 582 680 litoribus
615 654 750 681 omnes
773 641 990 682 incolumes
1014 649 1148 682 essent
1169 643 1443 696 transportati.
1491 641 1535 683 Si
1557 657 1636 683 non

154 709 283 748 omnia
316 707 503 747 caderent
533 709 730 758 secunda,
766 710 960 749 fortunam
993 724 1080 750 esse
1110 710 1304 750 industria
1337 710 1632 750 subleuandam.

156 773 271 827 Quod
294 781 399 815 esset
420 783 621 828 acceptum
644 776 883 827 detrimenti,
908 777 1083 817 cuiusuis
1106 778 1234 830 potius
1258 792 1370 830 quam
1390 791 1486 818 suae
1504 778 1640 832 culpae

107 842 133 884 5
155 843 297 883 debere
330 843 461 883 tribui.
502 841 654 883 Locum
690 858 732 885 se
755 858 888 884 aecum
911 845 957 885 ad
982 845 1243 884 dimicandum
1267 845 1446 895 dedisse,
1472 846 1635 899 potitum

153 925 241 952 esse
264 911 432 951 hostium
456 912 598 951 castris
614 942 624 961 ,
659 913 859 966 expulisse
881 926 926 952 ac
948 925 1156 966 superasse
1179 921 1414 966 pugnantes.
1451 911 1530 953 Sed
1552 913 1636 954 siue

155 979 327 1032 ipsorum
358 979 602 1032 perturbatio
634 981 720 1020 siue
752 994 866 1021 error
898 981 1039 1033 aliquis
1062 981 1146 1020 siue
1169 980 1283 1021 etiam
1307 982 1462 1021 fortuna
1486 988 1636 1034 partam

152 1046 228 1086 iam
262 1054 588 1101 praesentemque
621 1048 825 1088 uictoriam
856 1048 1215 1101 interpellauisset,
1258 1048 1421 1087 dandam
1455 1048 1636 1088 omnibus

104 1113 132 1154 6
153 1129 340 1168 operam,
376 1122 419 1155 ut
449 1122 650 1169 acceptum
682 1116 969 1156 incommodum
1000 1116 1147 1156 uirtute
1178 1116 1410 1156 sarciretur.
1457 1113 1571 1167 Quod
1603 1116 1636 1155 si

153 1190 260 1224 esset
284 1184 424 1223 factum
442 1215 451 1231 ‚
487 1184 761 1224 detrimentum
784 1185 824 1223 in
848 1184 988 1223 bonum
1012 1190 1211 1232 uerteret,
1248 1184 1301 1222 uti
1326 1183 1373 1222 ad
1396 1182 1634 1236 Gergouiam

155 1251 379 1299 accidisset,
405 1258 522 1304 atque
545 1252 596 1300 ei,
627 1252 691 1304 qui
714 1259 804 1291 ante
826 1251 1009 1290 dimicare
1033 1251 1273 1299 timuissent,
1298 1250 1400 1290 ultro
1424 1264 1467 1290 se
1489 1251 1636 1304 proelio

76 1318 134 1362 '74
155 1319 356 1358 offerrent.
403 1318 486 1358 Hac
510 1318 638 1358 habita
660 1319 845 1359 contione
867 1318 1073 1358 nonnullos
1097 1318 1308 1371 signiferos
1330 1318 1543 1372 ignominia
1566 1333 1638 1359 no-

103 1386 131 1426 2
154 1386 252 1426 tauit
284 1400 328 1425 ac
351 1385 438 1425 loco
460 1387 599 1426 mouit.
644 1386 838 1427 Exercitu
861 1387 1014 1440 quidem
1039 1386 1140 1425 omni
1164 1393 1297 1426 tantus
1320 1386 1481 1426 incessit
1505 1400 1556 1426 ex
1577 1387 1637 1426 in-

151 1454 355 1494 commodo
378 1454 489 1495 dolor
511 1461 736 1508 tantumque
759 1455 928 1495 studium
951 1454 1135 1494 infamiae
1158 1454 1389 1494 sarciendae
1409 1485 1419 1503 ,
1454 1461 1497 1494 ut
1519 1468 1632 1494 nemo

151 1528 220 1561 aut
250 1521 396 1562 tribuni
428 1531 495 1563 aut
517 1523 758 1563 centurionis
781 1523 986 1577 imperium
1010 1522 1280 1572 desideraret,
1315 1529 1354 1562 et
1376 1522 1449 1561 sibi
1474 1522 1636 1575 quisque

152 1590 270 1630 etiam
301 1604 450 1644 poenae
482 1591 568 1631 loco
600 1591 806 1645 grauiores
838 1591 1046 1644 inponeret
1066 1590 1248 1639 labores,
1286 1590 1478 1643 simulque
1501 1603 1636 1630 omnes

153 1658 341 1698 arderent
369 1659 581 1713 cupiditate
613 1660 835 1713 pugnandi,
870 1673 955 1699 cum
988 1658 1202 1711 superioris
1227 1658 1343 1697 etiam
1367 1657 1516 1697 ordinis
1540 1672 1636 1697 non-

155 1727 250 1766 nulli
272 1727 426 1767 ratione
450 1728 613 1781 permoti
637 1727 873 1767 manendum
898 1740 943 1766 eo
966 1727 1051 1766 loco
1070 1733 1108 1766 et
1125 1740 1204 1766 rem
1224 1725 1372 1779 proelio
1391 1726 1636 1765 committen-

104 1792 130 1833 3
154 1794 240 1834 dam
265 1795 557 1835 existimarent.
592 1793 742 1836 Contra
765 1809 810 1835 ea
834 1792 986 1834 Caesar
1008 1807 1134 1847 neque
1157 1794 1253 1833 satis
1276 1793 1462 1833 militibus
1486 1800 1636 1846 perter-

150 1861 239 1902 ritis
273 1862 492 1903 confidebat
522 1863 764 1917 spatiumque
797 1861 1124 1915 interponendum
1146 1862 1193 1902 ad
1216 1861 1455 1902 recreandos
1478 1861 1629 1901 animos

150 1929 326 1982 putabat,
352 1937 395 1970 et
413 1931 561 1971 relictis
584 1930 864 1971 munitionibus
887 1943 1124 1983 magnopere
1145 1930 1203 1970 rei
1225 1929 1503 1969 frumentariae
1526 1928 1637 1969 time-

76 1996 134 2041 75
154 1997 235 2037 bat.
279 1995 417 2051 Itaque
449 1999 556 2039 nulla
586 1999 820 2053 interposita
852 2011 962 2038 mora
983 1997 1208 2038 sauciorum
1230 1998 1343 2037 modo
1367 2004 1406 2037 et
1426 2009 1635 2050 aegrorum

152 2064 284 2105 habita
318 2066 472 2107 ratione
503 2067 781 2121 impedimenta
803 2066 932 2106 omnia
955 2066 1113 2106 silentio
1136 2066 1257 2120 prima
1283 2072 1397 2106 nocte
1419 2078 1471 2104 ex
1494 2064 1636 2104 castris

157 2131 402 2187 Apolloniam
425 2135 645 2190 praemisit.
679 2135 790 2176 Haeo
812 2134 1092 2189 conquiescere
1114 2141 1204 2174 ante
1226 2134 1302 2174 iter
1324 2133 1542 2173 confectum
1567 2145 1634 2172 ue-

296 2306 309 2338 1
332 2306 529 2349 coepissent
547 2318 581 2339 a.
722 2308 743 2339 2
762 2307 954 2350 Hyspanias
973 2316 1007 2338 a.
1149 2305 1168 2337 ὓ
1187 2304 1305 2345 etiam]
1327 2309 1384 2336 ant
1405 2305 1437 2335 b.
1581 2303 1636 2334 lit-

151 2358 282 2390 toribus
300 2369 334 2390 α.
493 2364 612 2391 essent
629 2369 698 2391 om.
721 2360 753 2390 b.
912 2357 1158 2400 transportatis
1178 2357 1209 2388 isi
1230 2357 1340 2388 omnia
1360 2365 1393 2396 a,
1414 2354 1636 2396 transportati

152 2411 203 2442 sin
224 2412 336 2443 omnia
356 2411 387 2443 b.
527 2412 546 2444 7
561 2411 700 2443 fortuna
719 2430 763 2434 —
780 2411 994 2442 subleuanda
1011 2420 1031 2440 a
1044 2410 1073 2440 b.
1217 2409 1236 2441 8
1249 2408 1400 2439 cuiusuis
1413 2406 1515 2439 codd.
1533 2415 1636 2448 prae-

152 2465 207 2493 ter
221 2473 353 2504 pancos
373 2463 476 2504 dett„
497 2463 571 2495 eius
591 2464 656 2495 iuri
677 2474 712 2494 ιι.
923 2464 941 2495 9
961 2472 997 2493 se
1017 2471 1135 2493 aecum
1154 2461 1351 2500 Victorius,
1373 2469 1487 2491 secum
1506 2470 1526 2490 a
1540 2459 1557 2490 b
1572 2469 1589 2489 c
1602 2457 1635 2490 (l.

295 2513 450 2555 potitum]
470 2525 505 2545 se
525 2514 608 2546 add.
630 2525 650 2546 α
664 2515 694 2546 b.
867 2513 905 2545 11
928 2512 1033 2555 aliqui
1054 2522 1083 2542 c.
1247 2510 1362 2552 etiam]
1384 2515 1444 2542 aut
1463 2511 1493 2541 b.

152 2570 284 2608 partem
303 2575 337 2597 a.
483 2567 522 2598 14
543 2565 683 2607 factum]
704 2570 742 2597 ut
759 2565 841 2597 add.
863 2564 926 2596 ab.
946 2564 987 2594 Ρ.
1011 2563 1087 2596 181.
1244 2567 1442 2593 uerteretur
1463 2562 1494 2592 b.

154 2617 195 2650 15
213 2617 242 2648 ei
263 2627 283 2648 a
303 2621 338 2648 et
354 2620 406 2648 sic
423 2621 489 2649 ant
507 2618 585 2658 ίεἰς,
605 2618 648 2656 is,
669 2618 702 2649 hi
722 2628 804 2649 nas-s,
825 2615 996 2658 quz'dam’,
1018 2615 1041 2646 ii
1060 2625 1096 2646 u.
1333 2615 1369 2646 16
1391 2615 1554 2646 concione
1572 2613 1636 2654 (a).

298 2669 337 2700 17
358 2669 488 2700 monuit
505 2678 524 2700 α
540 2669 571 2700 b.
735 2667 903 2700 exercitui
923 2666 1023 2697 codd.
1044 2669 1078 2697 et
1095 2665 1173 2697 edd.
1194 2665 1233 2698 P.
1258 2665 1333 2698 150.
1501 2664 1540 2696 ‘19
1560 2674 1639 2695 cen-

153 2721 306 2752 turiones
325 2730 359 2751 a.
501 2720 544 2754 20
564 2729 648 2762 pene
665 2730 699 2751 α.
855 2718 1037 2760 inponeret
1053 2727 1088 2748 α.
1240 2718 1280 2752 21
1304 2717 1480 2759 arderent]
1500 2717 1533 2748 in
1552 2715 1636 2748 add.

153 2772 215 2802 ab.
359 2770 476 2813 etiam]
497 2776 609 2803 autem
631 2772 662 2802 b.
826 2771 870 2804 22
887 2770 1021 2801 ratione
1040 2780 1061 2800 α
1082 2769 1176 2801 ‘mss
1199 2769 1242 2811 5³,
1264 2770 1419 2801 oratione
1440 2780 1475 2801 η.
1498 2770 1535 2801 Ρ.
1559 2769 1634 2802 182.

296 2824 338 2856 25
365 2828 399 2854 et
424 2823 555 2855 relictis
579 2823 760 2863 Iurim'as,
792 2822 923 2854 relictis
951 2822 1024 2861 ab‚·
1055 2822 1255 2865 relictisque
1283 2833 1316 2854 u.
1344 2823 1384 2854 P.
1416 2823 1492 2855 183.

153 2875 195 2907 26
215 2874 421 2908 Graecorum
441 2887 471 2908 c.
610 2876 652 2908 27
673 2874 913 2917 impedimenta
933 2884 1001 2905 om.
1023 2883 1043 2904 a
1058 2874 1088 2905 b.
1231 2875 1275 2907 28
1294 2876 1376 2907 haec
1396 2885 1416 2906 α
1430 2875 1447 2906 b
1461 2885 1489 2915 c,
1511 2883 1549 2906 ae
1569 2884 1603 2906 u.

1672 920 1710 953 10

1672 1258 1709 1290 15

1666 1597 1710 1631 20

1668 1936 1710 1969 25
