1835 3240
93 152 176 194 416
623 152 697 194 DE
730 152 920 195 BELLO
953 150 1200 195 GALLICO

122 266 150 307 2
171 265 394 319 pabulatum
426 272 614 307 uenturos
647 267 926 307 arbitraretur.
990 263 1145 317 Quibus
1176 266 1294 307 rebus
1326 265 1493 321 cognitis
1523 265 1650 306 media

123 332 148 373 3
171 341 284 374 noete
308 333 464 374 silentio
488 335 684 387 profectus
707 334 755 373 ad
779 334 947 373 hostium
971 341 1100 374 castra
1122 347 1236 374 manc
1258 335 1450 388 peruenit.
1506 333 1565 373 Illi
1588 347 1650 373 ce-

170 401 308 442 leriter
340 415 409 454 per
439 402 712 454 exploratores
748 402 919 441 aduentu
942 398 1130 441 Caesaris
1153 402 1310 454 cognito
1332 415 1466 442 carros
1489 401 1650 455 impedi-

170 476 377 521 mentaque
399 483 469 508 sua
491 469 529 507 in
552 469 718 509 artiores
741 469 861 509 siluas
884 469 1141 518 abdiderunt,
1182 470 1313 522 copias
1345 470 1470 510 omnis
1502 470 1542 510 in
1565 470 1650 509 loeo

121 538 147 578 4
170 538 274 578 edito
297 544 412 589 atque
435 543 569 589 aperto
591 536 883 577 instruxerunt.
919 535 1005 589 Qua
1030 551 1072 578 re
1094 537 1273 577 nuntiata
1295 534 1448 576 Caesar
1469 537 1650 577 celeriter

94 605 148 649 19
170 605 348 646 sarcinas
372 603 567 653 conferri,
593 618 701 644 arma
725 605 902 658 expediri
926 606 1054 645 iussit.
1110 602 1234 645 Collis
1259 611 1343 644 erat
1364 604 1506 644 leniter
1526 604 1572 644 ab
1594 605 1653 644 in-

172 674 259 713 fimo
283 671 457 711 adclinis.
503 670 618 711 Hune
641 686 691 712 ex
715 673 894 713 omnibus
918 675 1001 714 fere
1024 673 1200 727 partibus
1223 673 1332 726 palus
1356 671 1520 712 difficilis
1538 679 1653 725 atque

123 741 150 783 2
170 740 356 794 impedita
388 739 571 793 cingebat
602 754 680 780 non
702 741 820 781 latior
851 742 1011 795 pedibus
1042 741 1338 795 quinquaginta.
1386 740 1469 780 Hoc
1491 753 1534 779 se
1558 740 1654 780 colle

171 807 403 861 interruptis
435 808 615 861 pontibus
648 806 752 848 Galli
786 810 924 850 fiducia
956 810 1031 850 loci
1074 809 1330 850 continebant
1360 807 1656 861 generatimque

172 875 370 916 distributi
400 875 439 914 in
472 875 655 916 ciuitates
692 877 821 917 omnia
844 878 941 918 uada
964 892 1009 918 ac
1030 879 1058 931 -ξ-
1080 879 1202 918 saltus
1226 878 1308 917 eius
1331 875 1483 930 paludis
1506 875 1657 929 optine-

172 943 266 983 bant
286 943 345 983 sie
368 943 497 983 animo
520 944 660 998 parati,
686 952 741 995 ut,
767 946 797 985 si
822 959 906 985 eam
930 946 1107 998 paludem
1121 944 1291 985 Romani
1315 957 1568 998 perrumpere
1592 957 1658 983 co-

127 1011 151 1052 3
174 1018 378 1060 narentur,
405 1011 647 1053 haesitantes
670 1021 895 1067 premerent
918 1028 968 1053 ex
992 1015 1077 1054 loco
1093 1014 1314 1067 superiore,
1340 1020 1395 1062 ut,
1421 1013 1483 1065 qui
1500 1011 1656 1065 propin-

175 1080 363 1133 quitatem
387 1081 460 1120 loci
485 1081 664 1129 uideret,
703 1088 860 1134 paratos
884 1096 1003 1135 prope
1027 1095 1151 1134 aequo
1172 1080 1305 1121 Marte
1328 1082 1375 1121 ad
1398 1080 1657 1120 dimicandum

173 1148 439 1197 existimaret,
465 1149 528 1201 qui
551 1149 796 1201 iniquitatem
821 1150 1062 1190 condicionis
1086 1150 1342 1203 perspiceret,
1368 1150 1474 1189 inani
1498 1148 1657 1188 simula-

124 1216 151 1256 4
174 1216 279 1256 tione
310 1229 398 1256 sese
439 1223 641 1256 ostentare
680 1225 955 1270 cognosceret.
1020 1216 1275 1270 Indignantes
1314 1217 1458 1256 milites
1489 1214 1655 1265 Caesar,

172 1284 273 1337 quod
299 1291 552 1335 conspectum
576 1298 686 1323 suum
711 1285 843 1325 hostes
867 1286 1043 1339 perferre
1066 1292 1249 1339 possent,
1276 1285 1426 1324 tantulo
1451 1284 1576 1338 spatio
1599 1284 1657 1323 in-

174 1351 339 1392 teriecto
363 1358 402 1391 et
423 1352 579 1405 signum
609 1352 746 1405 proelii
778 1361 1042 1406 exposcentes
1066 1354 1228 1403 edocet,
1254 1360 1398 1406 quanto
1421 1352 1657 1393 detrimento

174 1426 213 1460 et
242 1426 336 1472 quot
366 1420 539 1459 uirorum
580 1421 736 1460 fortium
769 1428 895 1461 morte
926 1435 1089 1462 necesse
1120 1422 1171 1462 sit
1201 1429 1385 1461 constare
1424 1420 1657 1471 uictoriam3

126 1488 150 1528 5
173 1501 269 1541 quos
292 1501 376 1526 cum
401 1488 457 1527 sic
481 1488 610 1527 animo
633 1497 789 1542 paratos
813 1490 967 1539 uideat,
1003 1497 1046 1530 ut
1068 1491 1213 1530 nullum
1238 1505 1306 1544 pro
1331 1504 1398 1530 sua
1422 1489 1534 1529 laude
1555 1488 1658 1542 peri-

174 1556 302 1596 culum
326 1563 536 1605 recusent,
572 1571 748 1597 summae
781 1572 823 1598 se
853 1557 1071 1610 iniquitatis
1105 1558 1358 1599 condemnari
1381 1557 1549 1607 debere,
1585 1556 1659 1596 nisi

125 1623 152 1665 6
174 1637 308 1664 eorum
333 1624 451 1664 uitam
476 1639 544 1665 sua
570 1626 696 1666 salute
729 1626 870 1666 habeat
892 1627 1102 1667 cariorem.
1161 1625 1228 1667 Sic
1261 1627 1403 1666 milites
1436 1624 1658 1665 consolatus

175 1692 310 1732 eodem
343 1692 403 1732 die
434 1693 587 1732 reducit
616 1694 655 1733 in
697 1701 829 1734 eastra
861 1694 1114 1747 reliquaque,
1141 1709 1239 1747 quae
1261 1695 1308 1734 ad
1331 1693 1658 1748 oppugnationem

97 1760 155 1804 20
178 1760 429 1814 pertinebant
450 1761 592 1814 oppidi,
619 1762 895 1802 administrare
918 1762 1105 1802 instituit.
1152 1761 1476 1816 Vercingetorix,
1502 1775 1590 1801 eum
1612 1760 1658 1800 ad

174 1842 267 1868 suos
291 1828 474 1878 redisset,
501 1829 734 1882 proditionis
758 1830 1031 1881 insimulatus,
1058 1831 1155 1884 quod
1180 1838 1310 1870 castra
1334 1830 1490 1884 propius
1512 1828 1660 1868 Roma-

173 1910 245 1936 nos
268 1897 475 1945 mouisset,
500 1897 601 1949 quod
625 1912 709 1937 eum
734 1899 837 1938 omni
862 1899 1037 1951 equitatu
1060 1899 1332 1947 discessisset,
1358 1898 1460 1950 quod
1482 1897 1567 1936 sine
1590 1896 1661 1935 im—

174 1964 285 2018 perio
308 1971 438 2005 tantas
462 1965 593 2018 copias
616 1965 865 2018 reliquisset,
900 1968 999 2020 quod
1034 1967 1118 2007 eius
1150 1967 1326 2007 discessu
1349 1964 1518 2005 Romani
1551 1971 1660 2004 tanta

125 2032 153 2073 2
175 2033 464 2086 opportunitate
487 2040 526 2073 et
549 2034 753 2075 eeleritate
776 2035 1005 2075 uenissent:
1038 2049 1116 2075 non
1140 2036 1234 2076 haee
1259 2034 1389 2075 omnia
1413 2034 1572 2074 fortuito
1594 2039 1661 2072 aut

315 2137 334 2168 2
354 2136 425 2168 illic
445 2136 475 2167 B
496 2137 590 2167 ί11133.
613 2137 657 2169 4'.
877 2141 894 2170 4
914 2139 1083 2171 arctiores
1103 2139 1190 2180 (B)?
1210 2140 1348 2170 ‘eontra
1367 2149 1448 2169 mss.
1471 2138 1660 2177 orthogra-

168 2186 316 2229 plzz'am'.
460 2188 567 2219 omnis
587 2189 619 2219 A
635 2188 704 2220 CD
724 2192 758 2220 et
770 2199 829 2230 pr.
852 2200 898 2220 m.
920 2190 957 2221 Β.
1121 2193 1138 2222 5
1158 2195 1275 2232 operto
1294 2190 1338 2221 A.
1496 2188 1513 2219 6
1534 2188 1661 2218 leniter

175 2241 192 2271 b
206 2240 270 2280 de,
291 2239 418 2271 leuiter
435 2240 465 2270 B
484 2240 596 2272 ‘ale’e'⁷.
765 2241 781 2272 7
801 2242 946 2273 adclinis
966 2242 1006 2273 B.
1178 2242 1214 2273 10
1235 2241 1427 2272 distributis
1445 2240 1475 2272 B
1495 2240 1592 2271 (11133.
1613 2239 1656 2271 8'.

315 2289 347 2332 ἢ·
365 2291 474 2322 saltus
494 2291 531 2322 Ρ.
555 2290 609 2322 90.
802 2292 949 2334 paludis]
971 2293 1074 2324 certis
1094 2293 1259 2325 custodiis
1278 2292 1360 2324 add.
1383 2292 1501 2331 bede,
1521 2301 1612 2332 quae
1630 2291 1660 2321 B

173 2346 207 2374 et
228 2342 382 2383 ‘reliqui'
402 2344 587 2374 omittant.
755 2344 953 2385 optinebant
971 2344 1013 2375 B.
1181 2345 1221 2376 12
1240 2349 1456 2386 praemerent
1473 2343 1515 2374 B.

176 2394 215 2426 13
241 2394 373 2425 uideret
392 2411 433 2416 ·—
462 2394 553 2434 (14)
583 2394 798 2426 existimaret
826 2413 870 2417 —
896 2396 1106 2437 perspiceret
1125 2415 1163 2418 —
1185 2395 1276 2436 (15)
1296 2399 1520 2435 cognosceret
1540 2394 1569 2425 A
1589 2394 1660 2433 (B)

178 2446 205 2477 C
218 2446 264 2484 Β,-
285 2445 442 2475 uiderent
461 2463 505 2467 —
524 2445 764 2477 existimarent
784 2465 823 2469 —
843 2447 1055 2489 perspiceret
1075 2466 1113 2469 —
1128 2452 1349 2488 cognosceret
1369 2448 1427 2487 be,
1448 2447 1661 2478 uiderent-

173 2495 413 2528 existimarent
432 2513 475 2520 —-
494 2496 732 2538 perspicerent
749 2515 792 2518 —
811 2503 1063 2537 cognoscerent
1081 2509 1109 2529 c.
1241 2499 1279 2530 14
1299 2498 1510 2529 condicionis
1530 2498 1570 2537 B,
1592 2508 1661 2529 non.

176 2548 395 2581 conditionis.
541 2549 579 2580 15
600 2548 787 2589 indignatis
806 2549 972 2580 militibus
993 2550 1050 2580 bc.
1211 2550 1248 2582 16
1269 2549 1422 2592 perferre
1442 2551 1471 2581 B
1492 2549 1661 2591 ‘7¹el1‘q111'',

179 2600 271 2633 ferre
291 2598 369 2630 bed
381 2608 409 2629 e.
556 2599 595 2630 ts
616 2603 649 2629 et
668 2600 754 2640 quod
774 2599 814 2630 B.
983 2601 1022 2632 19
1043 2600 1161 2632 uideat
1181 2601 1198 2631 b
1214 2611 1241 2640 e,
1264 2601 1394 2632 uideret
1414 2601 1444 2632 B
1463 2604 1498 2631 et
1516 2601 1661 2642 reliqui.

178 2652 218 2684 P.
238 2651 294 2684 85.
451 2648 493 2683 20
514 2654 676 2680 recusent
693 2651 753 2691 (B)
773 2650 840 2681 CD
855 2651 912 2690 be,
933 2656 1132 2683 reeusasent
1150 2653 1194 2684 ,1.
1360 2652 1601 2694 condempnari
1619 2652 1661 2683 B.

322 2700 439 2732 deberi
459 2700 502 2730 A.
644 2700 685 2733 21
707 2700 844 2742 habeat]
865 2701 1026 2732 estiment
1043 2712 1089 2733 m.
1105 2712 1165 2744 pr.
1187 2703 1219 2733 b.
1375 2705 1571 2735 consolatos
1590 2703 1664 2734 AB

184 2753 267 2786 CD.
408 2751 452 2785 22
470 2751 600 2792 reliqua
619 2761 772 2793 quaeque
795 2752 821 2783 B
841 2752 938 2783 ‘mss.
959 2753 1055 2794 qtld)
1209 2755 1250 2788 23
1269 2755 1487 2796 pertinebant
1504 2754 1616 2797 oppidi
1637 2754 1664 2785 B

181 2806 277 2837 ‘mss.
298 2802 407 2845 qdd.’,
429 2802 541 2844 oppidi
560 2802 780 2844 pertinebant
797 2813 833 2834 τι.
973 2804 1016 2838 24
1035 2804 1192 2836 Romanis
1212 2806 1255 2836 D.
1374 2806 1415 2839 25
1435 2806 1524 2838 omni
1543 2816 1610 2838 om.
1629 2805 1660 2836 b.

324 2854 365 2888 27
387 2853 528 2885 fortuito
551 2854 605 2884 l'b
619 2863 664 2884 ee
683 2857 719 2885 et
730 2864 788 2895 pr.
809 2864 855 2886 m.
876 2854 906 2886 B
923 2858 959 2887 et
974 2866 1042 2888 see.
1058 2858 1134 2897 ?A,
1159 2857 1300 2889 fortuitu
1319 2869 1387 2890 see.
1407 2868 1455 2890 m.
1475 2858 1517 2890 B.

1691 881 1730 914 10

1693 1222 1731 1254 15

1691 1902 1710 1936 δέ)

1716 1903 1733 1934 v!
