1835 3240
108 173 192 215 324
630 172 704 214 DE
736 171 926 216 BELLO
958 170 1210 216 GALLlco

181 286 315 342 gentia
337 292 558 326 nostrorum
581 286 677 327 nihil
699 287 758 327 his
780 286 896 326 rebus
918 286 1052 340 profici
1073 300 1189 339 posse
1209 286 1519 338 intellexerunt,
1551 286 1659 341 lega-

182 362 245 395 tos
267 354 312 394 ad
336 351 524 394 Crassum
557 355 715 394 mittunt
743 367 863 406 seque
893 353 933 393 in
965 353 1201 394 deditionem
1223 361 1264 393 ut
1284 356 1472 409 recipiat,
1506 362 1655 409 petunt.

107 422 164 467 22
185 420 272 475 Qua
294 436 337 462 re
359 422 565 476 impetrata
589 435 694 460 arma
721 421 875 460 tradere
896 420 991 461 iussi
1015 421 1176 460 faciunt.
1203 421 1334 474 Atque
1355 422 1393 462 in
1416 436 1462 463 ea
1480 437 1522 463 re
1536 422 1659 462 omni-

180 504 245 531 um
268 497 492 530 nostrorum
515 489 676 528 intentis
700 488 838 528 animis
862 488 937 528 alia
960 503 1012 528 ex
1035 496 1143 542 parte
1165 489 1291 542 oppidi
1306 489 1570 537 Adiatunnus,
1595 490 1660 542 qui

180 571 369 599 summam
392 556 542 609 imperii
565 555 744 603 tenebat,
779 570 865 595 euin
888 564 942 596 DC
966 557 1117 597 deuotis
1134 587 1144 606 ‚
1178 570 1273 610 quos
1296 556 1350 596 illi
1372 557 1567 597 soldurios
1590 571 1655 611 ap-

131 625 159 667 2
180 627 348 680 pellant,
384 637 546 676 quorum
570 624 666 664 haec
689 630 749 663 est
771 624 948 664 condicio
964 656 974 674 ‚
1008 632 1051 664 ut
1081 625 1261 665 omnibus
1283 624 1322 664 in
1347 624 1427 663 uita
1448 625 1660 665 commodis

178 707 257 733 una
279 706 362 732 eum
386 692 433 731 iis
457 692 652 741 fruantur⁷
678 706 842 744 quorum
865 706 907 732 se
930 692 1125 733 amicitiae
1149 692 1393 741 dediderint,
1433 691 1466 731 si
1488 692 1579 747 quid
1599 692 1659 732 his

180 775 252 814 per
272 761 349 800 uim
373 759 549 809 accidat,
584 766 651 799 aut
683 760 847 800 eundem
880 774 1012 800 casum
1044 774 1119 800 una
1154 762 1281 800 ferant
1311 766 1379 799 aut
1400 759 1474 799 sibi
1496 766 1660 799 mortem

134 828 160 869 3
183 829 457 877 consciscant3
483 842 607 880 neque
625 828 750 867 adhuc
765 828 960 868 hominum
976 829 1161 869 memoria
1174 835 1354 882 repertus
1368 827 1657 880 estquisquam,

180 896 245 948 qui
268 910 314 936 eo
336 895 546 936 interfecto
561 927 571 945 ‚
607 896 717 935 cuius
740 910 782 935 se
804 896 1000 936 amicitiae
1024 897 1276 946 deuouisset‚
1310 895 1408 935 mori
1431 901 1659 935 recusaret:

133 962 160 1003 4
182 978 266 1003 eum
282 963 340 1003 his
354 963 604 1003 Adiatunnus
628 964 869 1017 eruptionem
893 966 1024 1004 facere
1042 971 1206 1004 conatus
1221 964 1393 1004 clamore
1415 963 1461 1003 ab
1483 976 1529 1003 ea
1553 969 1662 1016 parte

179 1031 410 1071 munitionis
433 1031 601 1081 sublato,
628 1046 714 1071 cum
737 1031 782 1070 ad
805 1045 912 1071 arma
935 1032 1077 1072 milites
1100 1031 1425 1081 concurrissent,
1451 1031 1662 1071 uehemen-

180 1106 320 1152 terque
342 1099 393 1138 ibi
416 1106 629 1152 pugnatum
653 1107 773 1148 esset,
799 1099 981 1153 repulsus
1004 1100 1042 1139 in
1065 1100 1241 1153 oppidum
1267 1106 1395 1139 tamen
1411 1129 1421 1148 ‚
1447 1098 1502 1138 uti
1525 1097 1661 1137 eadem

104 1166 163 1212 23
187 1166 395 1207 deditionis
419 1167 650 1207 condicione
673 1173 865 1216 uteretur,
900 1167 946 1206 ab
970 1164 1119 1207 Crasso
1140 1167 1379 1220 impetrauit.
1436 1165 1572 1205 Armis
1595 1165 1662 1204 ob-

181 1235 408 1288 sidibusque
431 1235 603 1288 acceptis
628 1232 802 1274 Crassus
826 1235 866 1274 in
892 1236 984 1275 lines
1010 1234 1217 1274 Vocatium
1241 1242 1280 1274 et
1299 1234 1550 1274 Tarusatium
1573 1246 1662 1286 pro-

131 1301 159 1341 2
180 1303 305 1342 fectus
328 1309 403 1342 est.
459 1301 560 1341 Tum
594 1316 690 1342 uero
712 1302 867 1342 barbari
893 1302 1100 1351 commoti,
1136 1303 1235 1354 quod
1258 1302 1436 1355 oppidum
1460 1307 1500 1340 et
1521 1307 1664 1339 natura

179 1370 257 1410 loci
280 1376 319 1409 et
341 1370 658 1409 manumnnitum
672 1370 805 1423 paucis
829 1370 979 1419 diebus,
1005 1370 1142 1422 quibus
1165 1383 1211 1409 eo
1233 1375 1392 1409 uentum
1415 1375 1514 1416 erat,
1540 1381 1663 1421 expu-

181 1444 342 1490 gnatum
365 1444 649 1491 cognouerant‚
674 1438 824 1490 legatos
848 1451 1001 1491 quoque
1025 1451 1184 1477 uersum
1198 1437 1409 1486 dimittere,
1435 1435 1660 1484 coniurare,

133 1504 159 1545 3
181 1505 337 1546 obsides
360 1505 463 1545 inter
484 1519 527 1545 se
550 1506 641 1545 dare
657 1536 667 1555 ‚
699 1505 830 1559 copias
853 1519 992 1559 parare
1016 1512 1246 1559 coeperunt.
1311 1502 1525 1544 Mittuntur
1546 1502 1663 1543 etiam

181 1574 226 1613 ad
250 1587 318 1614 eas
342 1573 524 1614 ciuitates
556 1573 704 1627 legati,
745 1586 844 1626 quae
876 1580 970 1613 sunt
1001 1573 1196 1613 citerioris
1219 1572 1432 1626 Hispaniae
1464 1572 1666 1612 finitumae

132 1641 159 1682 4
180 1641 443 1694 Aquitaniae:
473 1642 563 1681 inde
585 1641 732 1681 auxilia
753 1641 948 1694 ducesque
970 1648 1240 1682 arcessuntur.
1294 1638 1472 1693 Quorum
1495 1639 1666 1679 aduentu

179 1724 323 1764 magna
346 1724 433 1750 cum
455 1710 692 1750 auctoritate
715 1716 754 1749 et
775 1723 916 1763 magna
938 1723 1023 1749 cum
1046 1708 1503 1749 hominummultitudine
1524 1707 1666 1747 bellum

137 1776 160 1817 5
183 1790 324 1830 gerere
346 1784 553 1817 conantur.
616 1775 750 1818 Duces
773 1791 868 1818 uero
890 1776 917 1816 ii
941 1777 1186 1830 deliguntur,
1222 1777 1286 1830 qui
1309 1790 1384 1816 una
1407 1790 1491 1816 cum
1516 1773 1664 1827 Quinto

324 1893 346 1923 4
365 1891 486 1923 intenti
505 1891 607 1923 animi
629 1891 669 1923 C.
833 1891 919 1923 alias
940 1891 970 1922 b.
1131 1890 1348 1923 Adiatunnus
1366 1889 1479 1921 ABD
1492 1889 1541 1929 Ε,
1562 1887 1665 1920 Adia-

182 1949 307 1975 tonnus
329 1944 377 1982 C,-
396 1943 642 1974 Adcatuannus
662 1942 975 1983 esetseezma'mn
994 1942 1148 1983 eaeempl.
1169 1943 1275 1974 Fabr.
1296 1942 1337 1982 cl,
1357 1941 1626 1972 Adcantuannus
1646 1939 1664 1970 b

183 1997 217 2025 et
233 1993 424 2024 secundum
447 1993 534 2025 ond.
556 1993 579 2024 d
595 1993 757 2034 idemque
776 1993 833 2024 nel
848 1993 1073 2024 Adiatumnus
1092 2004 1121 2024 c.
1149 1992 1325 2025 Nicolaus
1342 1992 1585 2023 Damaseenus
1603 2000 1662 2032 ap.

180 2047 313 2078 Athen.
335 2046 402 2086 VJ,
424 2046 489 2078 ‘249
510 2046 527 2076 b
542 2041 759 2086 Ἀδιάτομον
774 2043 837 2077 τὸν
857 2044 928 2077 τῶν
943 2043 1138 2076 Σωτιανῶν
1153 2042 1299 2088 βασιλέα
1317 2044 1486 2085 appellat.

184 2100 202 2130 5
222 2108 296 2130 cum
315 2108 383 2129 sec.
404 2108 450 2129 m.
469 2108 548 2139 sup.
569 2107 662 2128 vers.
682 2097 723 2129 B.
878 2097 1049 2129 sexcentis
1068 2097 1139 2138 (B).
1325 2099 1410 2127 ante
1429 2094 1562 2126 deuotis
1580 2093 1662 2125 aad.

184 2149 363 2181 conductis
381 2149 427 2180 D.
578 2148 748 2180 soldarios
758 2147 805 2190 s:
826 2144 1051 2191 σιλοδούρους
1069 2148 1191 2179 editur
1208 2157 1265 2189 ap.
1285 2147 1509 2179 Athenaeum
1529 2155 1574 2176 ea:
1592 2146 1665 2187 epi-

184 2203 277 2231 tome
295 2202 332 2230 clv
346 2199 539 2231 Eustatlu‘o
552 2224 560 2239 ,
582 2202 646 2240 qui
663 2209 736 2231 eam
755 2201 939 2240 sequitur,-
958 2202 1066 2231 aulea
1085 2201 1164 2230 erat
1181 2193 1416 2231 σιλοὸοὑνους.
1550 2195 1568 2228 6
1588 2206 1666 2226 con-

183 2252 265 2282 ditio
285 2253 357 2292 (B).
498 2256 536 2282 ut
552 2252 685 2291 ABE,
706 2252 755 2283 uti
766 2252 799 2293 s
810 2262 844 2283 ιι.
994 2252 1012 2285 7
1032 2252 1177 2283 cumbis
1197 2251 1298 2283 codd.
1319 2254 1355 2282 et
1373 2249 1451 2282 edd.
1591 2258 1666 2290 per·

185 2304 344 2335 fruantur
364 2304 395 2335 b.
536 2304 615 2346 quid
635 2305 743 2344 hiss5
764 2304 843 2346 quid
863 2304 891 2335 is
910 2304 958 2344 E,
980 2304 1058 2346 quid
1079 2304 1140 2335 dns
1160 2313 1238 2334 cum
1257 2303 1392 2334 dnobus
1407 2302 1553 2344 punctis
1571 2301 1665 2331 subn

186 2355 238 2392 A,
261 2354 338 2396 quid
359 2354 400 2385 iis
421 2354 479 2395 (B)
497 2365 533 2386 u.
674 2356 694 2387 8
712 2364 777 2386 una
797 2365 864 2387 om.
887 2355 918 2386 b.
1070 2355 1089 2387 9
1109 2353 1339 2395 consciscant]
1360 2353 1527 2384 adum-ent
1544 2351 1600 2383 uel
1619 2351 1669 2382 in-

187 2405 300 2437 ferant
315 2415 380 2446 pro
401 2416 478 2437 aar.
501 2406 581 2437 leet.
601 2417 670 2438 sec.
690 2417 736 2438 711.
757 2407 801 2438 A.
1010 2407 1051 2439 10
1070 2411 1211 2438 mortem
1232 2410 1408 2438 recusaret
1427 2406 1444 2437 11
1458 2404 1522 2446 ef.

188 2459 224 2491 11
247 2458 298 2489 his
318 2458 485 2499 ADEs,
507 2459 571 2489 hiis
593 2459 639 2499 F,
662 2459 703 2490 iis
722 2459 779 2499 (B)
794 2469 829 2490 u.
1014 2459 1229 2490 Adiatunnus
1249 2459 1308 2489 lzz'e
1325 2460 1431 2489 ctiam
1454 2458 1504 2497 C,·
1524 2456 1669 2487 Schnei-

186 2509 330 2541 derium·
347 2512 381 2538 et
400 2509 428 2539 [ι’
447 2512 485 2539 nl
503 2519 626 2550 supra.
771 2511 809 2541 12
829 2509 1044 2548 munitionis]
1062 2509 1249 2551 eruptionis
1270 2510 1287 2540 b
1300 2508 1333 2540 (l.
1494 2508 1532 2540 14
1551 2506 1666 2538 condi-

187 2559 278 2591 tione
298 2560 371 2599 (B).
514 2560 554 2591 ab
575 2559 701 2591 Crasso
721 2560 753 2591 A
766 2560 824 2600 (B)
842 2560 911 2592 CD
924 2561 972 2599 Ε,·
992 2570 1011 2591 a
1029 2559 1209 2602 Crassos,
1231 2562 1295 2601 qzle'
1310 2560 1396 2590 haec
1409 2562 1492 2601 post
1509 2559 1668 2601 impetra-

189 2611 239 2642 uit
254 2612 371 2652 ponit.
583 2611 621 2642 15
642 2609 819 2642 Vocatium
839 2610 861 2642 d
879 2614 914 2641 et
929 2611 1069 2652 syllaba
1089 2620 1127 2641 ca
1145 2611 1363 2651 suprasc„s;
1383 2609 1576 2641 vocatu-um
1595 2608 1668 2639 AB

191 2662 280 2700 CI),
302 2660 531 2691 Vocatuarum
551 2661 590 2692 E.
782 2661 821 2692 18
840 2671 972 2703 quoque
990 2661 1148 2693 ABDE
1167 2671 1202 2701 e,
1224 2672 1357 2703 quoquo
1381 2662 1518 2702 C?sct
1533 2669 1599 2690 see.
1619 2669 1666 2690 m.

191 2714 229 2745 B.
252 2713 290 2744 Ρ.
311 2712 365 2745 71.
553 2722 689 2743 uersum
708 2712 740 2744 A
751 2713 781 2743 J}
795 2713 823 2744 C
836 2714 867 2744 Ι)
882 2714 928 2752 Ε,
950 2723 1071 2744 uersus
1090 2714 1151 2754 cf.
1322 2715 1365 2749 20
1384 2713 1489 2753 legati
1506 2721 1666 2753 suprasc.

189 2765 225 2794 2¹11
245 2763 287 2794 Α.
430 2762 603 2794 finitumae
621 2762 707 2793 AB.
847 2762 884 2796 21
909 2762 1148 2794 arcessiuntur
1167 2763 1200 2793 b.
1382 2764 1425 2797 22
1447 2761 1669 2803 auctoritate]

189 2812 389 2844 maturitate
408 2813 454 2844 Ι).
594 2811 637 2847 23
658 2822 739 2844 uero
758 2812 791 2843 111
810 2812 851 2843 B.
991 2813 1180 2854 diliguntur
1197 2823 1244 2844 m.
1257 2823 1316 2855 pr.
1337 2815 1380 2846 Β.
1544 2811 1668 2854 Quinto

193 2864 240 2904 B,
263 2863 358 2905 Qu.

1695 901 1735 934 10

1695 1239 1735 1271 15

1695 1577 1738 1611 20
