1835 3240
524 183 706 227 COMM.
730 183 790 226 ΙΙΙ
812 183 936 225 CAP.
962 182 1104 225 103-
1124 181 1219 224 105.
1638 184 1721 227 619

165 300 278 342 amici
300 299 421 354 regiS,
447 299 510 352 qui
533 306 693 353 propter
713 305 883 339 aetatem
903 298 989 339 eius
1010 298 1052 339 in
1065 296 1271 337 curatione
1284 299 1536 351 erantregni,
1560 300 1645 339 siue

164 370 302 409 timore
325 366 497 417 adducti,
522 374 565 407 ut
586 374 720 420 postea
733 365 1026 421 praedicabant,
1052 365 1263 406 sollicitato
1278 364 1460 404 exercitu
1472 367 1580 419 regio
1594 381 1644 408 ne

164 434 369 488 Pompeius
399 433 685 474 Alexandriam
719 433 1020 488 Aegyptumque
1051 439 1289 487 occuparet,
1334 431 1419 472 siue
1462 432 1645 486 despecta

161 502 243 543 eius
268 503 441 552 fortuna,
466 509 509 542 ut
529 502 756 556 plerumque
777 503 817 541 in
830 502 1051 542 calamitate
1065 516 1117 542 ex
1130 500 1264 541 amicis
1286 499 1434 540 inimici
1448 499 1642 551 existunt,

114 578 132 610 5
164 570 239 621 his,
264 570 329 623 qui
352 577 464 610 erant
486 569 532 610 ab
556 583 602 609 eo
624 569 758 617 missi,
792 569 916 623 palam
938 568 1153 610 liberaliter
1173 567 1461 622 responderunt
1482 580 1647 621 eumque

161 638 209 678 ad
230 652 365 692 regem
388 637 524 677 uenire
547 637 773 687 iusserunt3
797 637 870 690 ipsi
886 637 984 677 clam
1000 637 1164 677 consilio
1186 636 1284 676 inito
1298 634 1507 686 Achillam,
1532 648 1646 689 prae-
1666 636 1693 677 2

162 706 303 745 fectum
326 706 494 759 regium,
517 704 710 759 singulari
733 704 928 745 hominem
952 704 1130 753 audacia,
1157 711 1195 744 et
1214 703 1266 744 L.
1293 701 1523 758 Septimium
1541 735 1551 753 ,
1577 704 1648 744 tri-

160 772 305 814 bunum
328 774 491 814 militum
507 804 517 823 ,
551 773 599 812 ad
629 772 942 813 interficiendum
965 770 1195 826 Pompeium
1229 771 1436 811 miserunt.
1500 770 1563 811 Ab
1585 770 1646 811 his
1668 769 1693 810 3

160 841 377 881 liberaliter
406 841 489 895 ipse
520 840 734 894 appellatus
766 847 804 880 et
837 840 1001 893 quadam
1032 838 1171 879 notitia
1203 837 1383 893 Septimii
1416 839 1645 892 productus,

89 915 128 947 10
162 909 263 961 quod
285 908 386 949 bello
409 909 649 962 praedonum
671 908 771 962 apud
795 922 882 948 eum
905 907 1082 948 ordinem
1106 907 1290 956 duxerat,
1315 907 1536 947 nauiculam
1559 921 1647 961 par-

161 976 293 1016 uulam
329 977 559 1017 conscendit
588 990 672 1016 cum
708 976 844 1030 paucis
875 976 982 1016 suis:
1026 974 1078 1014 ibi
1119 973 1166 1013 ab
1198 973 1355 1015 Achilla
1387 982 1427 1015 ct
1457 975 1648 1029 Septimio

158 1043 409 1084 interficitur.
453 1042 550 1084 Item
573 1042 625 1083 L.
652 1041 848 1084 Lentulus
871 1041 1214 1097 comprehenditur
1245 1042 1292 1082 ab
1324 1056 1419 1097 rege
1451 1050 1490 1083 et
1519 1043 1560 1083 in
1583 1057 1649 1083 cu-

159 1110 286 1152 stodia
308 1118 487 1152 necatur.

274 1176 427 1220 Caesar
442 1211 452 1231 ,
478 1193 565 1220 cum
587 1179 627 1219 in
648 1178 786 1219 Asiam
808 1178 1012 1228 uenisset,
1037 1177 1262 1233 reperiebat
1280 1176 1331 1218 T.
1355 1176 1538 1232 Ampium
1562 1192 1628 1218 co-
1641 1177 1726 1222 105

90 1253 129 1285 15
161 1253 294 1286 natum
318 1259 406 1288 esse
438 1247 624 1301 pecunias
656 1247 796 1287 tollere
824 1245 984 1301 Epheso
1016 1261 1069 1288 ex
1099 1247 1190 1287 fano
1211 1244 1366 1287 Dianae
1398 1246 1562 1299 eiusque
1590 1246 1652 1287 rei

164 1328 283 1354 causa
306 1321 512 1355 senatores
537 1329 673 1355 omnes
696 1329 749 1355 ex
770 1315 975 1369 prouincia
996 1328 1186 1355 euocasse
1201 1345 1211 1364 ,
1245 1322 1289 1354 ut
1320 1315 1379 1355 his
1411 1314 1577 1354 testibus
1608 1314 1649 1354 in

163 1395 312 1422 summa
335 1383 523 1436 pecuniae
546 1389 739 1433 uteretur,
764 1383 833 1423 sed
854 1382 1142 1436 interpellatum
1166 1382 1338 1423 aduentu
1351 1380 1538 1423 Caesaris
1560 1395 1651 1435 pro-

164 1450 327 1503 fugisse.
371 1448 431 1490 Ita
453 1450 603 1490 duobus
626 1451 866 1505 temporibus
889 1449 1089 1505 Ephesiae
1118 1450 1308 1504 pecuniae
1331 1446 1484 1490 Cacsar
1505 1449 1650 1489 auxili-

162 1532 224 1557 um
246 1518 350 1558 tulit.
395 1518 490 1559 Item
515 1518 722 1559 constabat
742 1518 857 1560 Elide
879 1519 920 1559 in
942 1519 1086 1573 templo
1097 1517 1309 1559 Mineruae
1330 1517 1510 1572 repetitis
1532 1525 1648 1570 atque
1669 1516 1698 1558 2

84 1592 127 1626 20
161 1586 401 1626 enumeratis
425 1586 586 1637 diebus,
622 1602 697 1641 quo
731 1588 792 1628 die
824 1588 1014 1642 proelium
1047 1587 1263 1628 secundum
1287 1583 1440 1627 Caesar
1469 1585 1648 1636 fecisset,

161 1654 410 1694 simulacrum
434 1653 663 1706 Victoriae,
689 1656 789 1709 quod
811 1663 903 1696 ante
924 1657 1049 1710 ipsam
1069 1653 1295 1696 Mineruam
1318 1654 1566 1695 conlocatum
1589 1668 1651 1695 es·

161 1728 223 1762 set
253 1729 290 1762 et
322 1729 414 1762 ante
446 1722 492 1762 ad
524 1722 777 1764 simulacrum
798 1722 1009 1764 Mineruae
1041 1723 1331 1777 spectauisset,
1367 1723 1412 1763 ad
1445 1723 1585 1763 ualuas
1608 1735 1651 1762 se

163 1789 293 1843 templi
323 1789 521 1843 limenque
552 1792 816 1832 conuertisse.
862 1790 1091 1845 Eodemque
1125 1791 1185 1832 die
1206 1790 1445 1831 Antiochiae
1468 1791 1506 1830 in
1531 1787 1651 1845 Syria
1672 1787 1697 1829 3

160 1857 221 1897 bis
245 1864 376 1898 tantus
399 1858 601 1900 exercitus
615 1859 763 1900 clamor
784 1867 822 1900 et
845 1860 1048 1914 signorum
1070 1873 1192 1900 sonus
1214 1859 1424 1899 exauditus
1448 1866 1522 1908 est,
1548 1865 1591 1898 ut
1610 1858 1653 1898 in

88 1932 130 1965 25
163 1925 284 1965 muris
316 1933 467 1966 armata
498 1926 637 1967 ciuitas
669 1928 927 1969 discurreret.
984 1927 1072 1969 Hoc
1099 1928 1199 1969 idem
1222 1927 1469 1969 Ptolemaide
1491 1925 1649 1967 accidit.

163 1991 349 2048 Pergami
378 1994 419 2034 in
452 1995 614 2035 occultis
647 2009 692 2035 ac
712 1997 927 2036 reconditis
952 1997 1109 2050 templi,
1147 2010 1221 2049 quo
1244 2003 1402 2051 praeter
1422 1995 1651 2035 sacerdotes
1672 1994 1700 2033 4

165 2061 272 2102 adire
295 2062 353 2102 fas
377 2076 455 2102 non
479 2069 555 2113 est,
592 2077 691 2116 quae
716 2061 859 2104 Graeci
884 2060 1026 2108 ἄδυτα
1049 2064 1270 2118 appellant,
1303 2071 1485 2118 tympana
1508 2075 1652 2102 sonue-

307 2166 320 2197 1
344 2166 523 2197 curatione
542 2166 635 2206 abc,
655 2167 896 2209 procuratione
916 2179 950 2200 u.
1167 2168 1186 2200 3
1205 2167 1451 2210 Aegiptumque
1471 2177 1505 2199 a.

162 2217 183 2249 4
201 2216 356 2248 existunt
372 2227 405 2249 a.
573 2218 590 2249 5
611 2217 664 2249 his
683 2228 704 2249 a
723 2218 801 2250 edd.
822 2222 905 2250 ante
922 2219 1020 2260 Ald„
1042 2219 1084 2252 iis
1102 2219 1217 2251 Aldus
1235 2229 1270 2251 u.
1452 2219 1470 2251 6
1488 2216 1649 2250 Achillan

162 2268 293 2309 ubique
311 2270 389 2299 sine
408 2270 631 2300 auctoritate
648 2278 683 2300 u.
825 2273 910 2301 ante
927 2270 1139 2312 praefectum
1158 2270 1240 2303 add.
1261 2270 1293 2302 in
1313 2281 1334 2302 a
1349 2271 1379 2302 b.
1546 2269 1565 2302 7
1584 2268 1654 2300 sin-

165 2318 253 2358 gium
269 2322 353 2360 post
372 2319 500 2360 regium
519 2329 564 2350 an
576 2323 662 2362 post
680 2320 847 2362 singulari
867 2321 949 2353 add.
971 2322 1003 2353 b.
1228 2322 1266 2354 10
1286 2331 1425 2363 paruam
1445 2319 1602 2352 ascendit
1620 2319 1650 2350 b.

307 2371 344 2403 11
360 2371 406 2402 ibi
425 2381 445 2402 a
458 2371 488 2412 b,
509 2375 544 2403 et
560 2371 607 2402 ibi
625 2381 661 2403 u.
804 2372 847 2405 14
864 2377 948 2405 ante
966 2373 1122 2405 uenisset
1138 2374 1269 2416 repetit
1286 2384 1359 2406 cum
1378 2384 1412 2405 a.
1534 2381 1652 2414 reppe-

165 2419 276 2451 riebat
292 2430 327 2452 α.
502 2422 657 2464 Ampium
677 2422 752 2455 eod.
766 2423 862 2464 Vra„
883 2424 1004 2467 Apium
1018 2435 1039 2456 a
1051 2427 1085 2456 et
1102 2426 1154 2456 sic
1168 2424 1389 2468 ‘uelAppium
1408 2423 1506 2456 alii’.

168 2470 206 2502 15
225 2472 387 2513 pecunias
407 2473 528 2505 tollere
547 2485 567 2505 a
587 2474 802 2517 Stephanus,
825 2477 948 2509 tollere
967 2477 1130 2520 pecunias
1150 2481 1288 2510 ceterae
1300 2478 1379 2510 edd.
1522 2478 1561 2510 16
1572 2487 1653 2508 euo-

166 2522 300 2553 cauisse
320 2533 349 2554 c.
460 2524 512 2556 his
531 2535 551 2556 a
571 2525 649 2558 edd.
668 2528 821 2568 priores,
844 2527 885 2559 iis
904 2528 944 2560 P.
963 2527 1153 2560 Manutius
1172 2540 1207 2560 u.
1337 2529 1380 2563 20
1399 2527 1530 2560 Caesar
1549 2528 1652 2560 fecis-

168 2578 222 2606 set
239 2584 260 2606 a
281 2574 352 2607 ‘aL’
371 2575 449 2608 edd.
469 2578 644 2610 anteAld.
662 2578 739 2619 (sed
751 2579 816 2611 hae
836 2579 933 2621 fecit)
944 2579 1158 2622 Stephanus,
1181 2581 1324 2613 fecisset
1342 2580 1599 2613 Caesam-udus
1615 2590 1650 2612 η.

308 2625 449 2660 21et22
461 2627 702 2660 simulachrum
714 2640 749 2661 a.
881 2631 921 2664 21
935 2631 1149 2663 conlocatum
1163 2642 1196 2663 α.
1324 2636 1415 2664 esset
1428 2650 1471 2654 —
1485 2631 1559 2672 (22)
1575 2641 1652 2673 spe-

168 2678 334 2709 ctauisset
351 2688 371 2709 a
385 2679 415 2719 b,
439 2685 566 2712 erat—
578 2683 757 2724 spectabat
775 2694 811 2714 ιι.
951 2685 993 2718 22
1013 2684 1054 2715 ad
1069 2687 1154 2727 post
1172 2688 1251 2716 ante
1262 2695 1330 2716 om.
1347 2685 1378 2716 b.
1519 2683 1561 2717 23
1573 2692 1653 2713 con-

169 2728 334 2760 uertisset
352 2733 434 2761 ante
453 2741 544 2763 corr.
565 2743 598 2764 α.
765 2735 856 2767 Siria
873 2746 907 2767 a.
1064 2737 1104 2771 25
1122 2736 1401 2768 Ptholomaidea.
1545 2735 1586 2768 26
1600 2744 1653 2765 re-

169 2780 316 2812 conditis
336 2782 476 2822 aliquot
491 2783 601 2824 dett.‚-
621 2787 768 2819 conditis
787 2787 828 2827 d,
862 2787 1049 2827 recognitis
1075 2788 1148 2828 ab;
1177 2789 1318 2820 remotis
1339 2798 1372 2828 u,
1393 2791 1429 2819 et
1448 2787 1505 2818 ‘etc
1524 2796 1541 2817 c
1559 2785 1654 2817 nihil

169 2834 359 2863 uarietatis
377 2837 561 2865 enotatum
580 2835 666 2867 est'.
853 2839 970 2880 templi
993 2840 1007 2871 4
1027 2839 1129 2879 dett„
1152 2839 1286 2881 templis
1305 2849 1326 2871 α
1349 2840 1441 2870 (11133.
1460 2836 1650 2879 plerz'qzte'.

312 2885 354 2917 ‘27
373 2881 499 2927 ἄδυτα]
519 2887 610 2918 adita
631 2898 651 2919 a
666 2889 683 2919 b
696 2900 712 2920 e
732 2890 992 2932 ‘'reliquiserc'.
1132 2891 1305 2933 timphana
1323 2900 1357 2921 α.
