1835 3240
89 195 172 237 604
654 192 728 233 DE
761 188 950 233 BELLO
983 186 1158 231 CIVILI

91 309 147 352 77
170 321 283 348 cessu
307 307 468 347 militum
492 319 570 346 non
594 305 734 359 potuit.
768 303 937 344 Postero
960 302 1021 342 die
1043 299 1195 342 Caesar
1216 301 1396 341 similiter
1416 300 1644 354 praemissis

169 376 292 430 prima
314 382 428 416 nocte
450 372 735 428 impedimentis
758 371 804 410 de
827 376 966 423 quarta
989 369 1122 422 uigilia
1143 369 1226 422 ipse
1250 370 1473 422 egreditur,
1511 375 1577 416 ut,
1613 367 1647 408 si

170 458 246 497 qua
278 450 384 484 esset
403 442 583 495 imposita
607 438 816 479 dimicandi
838 438 1082 487 necessitas,
1117 436 1286 476 subitum
1309 449 1439 476 casum
1461 435 1646 489 expedito

121 512 148 553 2
169 511 350 553 exercitu
382 509 548 550 subiret.
593 505 678 547 Hoc
708 506 809 547 idem
840 505 1002 558 reliquis
1034 505 1126 545 fecit
1158 503 1309 544 diebus.
1354 500 1506 554 Quibus
1527 503 1646 544 rebus

166 580 382 634 perfectum
406 583 480 625 est,
498 582 541 615 ut
561 575 763 615 altissimis
784 573 1008 614 fluminibus
1031 579 1146 625 atque
1167 570 1476 625 impeditissimis
1493 571 1645 612 itineri-

121 647 147 689 3
169 648 239 688 bus
262 646 406 686 nullum
430 644 627 697 acciperet
648 641 952 682 incommodum.
994 639 1207 693 Pompeius
1229 639 1339 692 primi
1362 638 1438 678 diei
1460 652 1567 678 mora
1589 639 1649 678 in-

169 716 246 756 lata
271 720 307 754 et
329 712 568 765 reliquorum
593 711 742 751 dierum
767 710 912 749 frustra
934 709 1067 748 labore
1090 714 1299 760 suscepto,
1326 721 1412 746 cum
1435 719 1477 746 se
1499 707 1648 761 magnis

167 781 374 822 itineribus
397 780 633 819 extenderet
654 785 693 819 et
715 790 973 832 praegressos
996 776 1183 828 consequi
1208 781 1393 828 cuperet,
1429 781 1567 826 quarto
1590 774 1651 815 die

170 851 283 890 finem
316 846 504 900 sequendi
535 847 627 886 fecit
657 853 774 899 atque
802 845 906 885 aliud
938 844 1010 884 sibi
1034 843 1237 884 consilium
1262 842 1492 896 capiendum
1514 841 1649 882 existi-

94 916 153 962 78
172 916 306 956 mauit.
351 912 517 956 Caesari
541 915 588 954 ad
610 914 765 954 saucios
789 912 1056 966 deponendos,
1081 911 1315 965 stipendium
1339 909 1534 950 exercitui
1557 910 1652 951 dan-

170 985 258 1024 dum
275 1014 285 1034 ,
318 983 449 1024 socios
479 981 765 1023 confirmandos
780 1011 790 1030 ,
826 980 1059 1034 praesidium
1083 979 1244 1019 urbibus
1266 978 1562 1031 relinquendum
1586 991 1653 1017 ne·

121 1051 149 1093 2
170 1065 281 1093 cesse
313 1058 399 1092 erat
430 1051 538 1091 adire
561 1049 826 1104 Apolloniam.
871 1046 951 1088 Sed
975 1048 1032 1088 his
1055 1048 1172 1088 rebus
1196 1054 1346 1087 tantum
1371 1045 1557 1100 temporis
1583 1045 1651 1085 tri-

168 1120 276 1169 buit,
311 1125 495 1172 quantum
528 1125 613 1159 erat
644 1116 870 1171 properanti
893 1129 1083 1156 necesse:
1118 1116 1259 1155 timens
1281 1113 1482 1163 Domitio,
1515 1127 1563 1153 ne
1585 1113 1652 1153 ad-

169 1194 291 1228 uentu
313 1186 490 1240 Pompeii
512 1190 889 1240 praeoccuparetur,
924 1184 971 1223 ad
995 1197 1080 1222 eum
1105 1183 1209 1222 omni
1233 1182 1437 1223 celeritate
1461 1188 1500 1221 et
1521 1180 1651 1220 studio

123 1255 147 1297 3
170 1255 353 1296 incitatus
377 1254 591 1295 ferebatur.
632 1252 775 1292 Totius
799 1258 926 1291 autem
951 1252 1007 1291 rei
1030 1251 1235 1290 consilium
1260 1250 1318 1289 his
1340 1248 1559 1289 rationibus
1583 1261 1652 1287 ex-

170 1322 360 1377 plicabat,
395 1328 461 1370 ut,
496 1322 527 1361 si
551 1319 762 1374 Pompeius
792 1319 927 1359 eodem
959 1318 1240 1366 contenderet,
1272 1317 1478 1358 abductum
1502 1316 1609 1355 illum
1632 1330 1653 1356 a

169 1390 265 1430 mari
290 1397 404 1443 atque
427 1389 473 1429 ab
495 1389 543 1430 iis
566 1388 705 1442 copiis,
731 1401 827 1440 quas
853 1385 1089 1442 Dyrrhachii
1113 1393 1433 1439 comparauerat,
1458 1386 1653 1425 frumento

168 1473 213 1500 ac
235 1464 453 1499 commeatu
477 1457 718 1497 abstractum
741 1455 824 1510 pari
847 1455 1078 1495 condicione
1100 1454 1189 1494 belli
1213 1468 1345 1494 secum
1368 1454 1570 1494 decertare
1589 1466 1653 1492 co-

122 1527 148 1567 4
169 1534 308 1582 geret3
334 1527 367 1566 si
389 1526 428 1565 in
449 1523 602 1566 Italiam
626 1524 830 1573 transiret,
849 1524 1057 1564 coniuncto
1080 1523 1261 1563 exercitu
1285 1536 1372 1562 cum
1392 1520 1562 1562 Domitio
1585 1533 1654 1574 per

168 1593 371 1649 Illyricum
393 1593 532 1634 ltaliae
565 1593 740 1633 subsidio
772 1592 1111 1646 proficisceretur,
1147 1591 1178 1631 si
1202 1590 1449 1644 Apolloniam
1473 1587 1654 1630 Oricum-

170 1676 243 1716 que
266 1663 492 1716 obpugnare
515 1669 554 1702 et
575 1675 617 1702 se
640 1661 745 1701 omni
766 1661 974 1701 marituma
998 1674 1067 1700 ora
1090 1659 1303 1700 excludere
1326 1665 1560 1705 conaretur,
1587 1655 1654 1695 ob-

123 1729 147 1771 5
170 1745 281 1772 sesso
295 1729 481 1784 Scipione
504 1730 731 1770 necessario
753 1729 859 1769 illum
878 1729 960 1768 suis
978 1728 1167 1768 auxilium
1188 1728 1292 1767 ferre
1309 1732 1484 1779 cogeret.
1518 1723 1655 1776 Itaque

169 1799 396 1852 praemissis
420 1798 566 1838 nuntiis
592 1798 638 1837 ad
661 1795 739 1837 Cn.
765 1796 978 1837 Domitium
1003 1793 1157 1836 Caesar
1178 1795 1338 1848 scripsit
1359 1801 1423 1843 et,
1459 1794 1548 1846 quid
1573 1792 1655 1832 fieri

171 1867 306 1916 uellet,
332 1867 505 1906 ostendit
526 1865 799 1920 praesidioque
815 1864 1049 1918 Apolloniae
1071 1863 1298 1903 cohortibus
1321 1870 1398 1913 1111,
1423 1860 1533 1901 Lissi
1558 1868 1584 1909 1,
1610 1867 1653 1899 ΙΙΙ

173 1932 284 1975 Orici
321 1934 468 1975 relictis
502 1934 644 1987 quique
668 1940 781 1973 erant
804 1947 855 1973 ex
878 1931 1104 1972 uulneribus
1128 1931 1236 1984 aegri
1259 1929 1446 1983 depositis
1469 1943 1539 1983 per
1562 1928 1655 1982 Epi-

122 2001 149 2043 6
171 2016 257 2043 rum
290 2009 409 2056 atque
433 2002 711 2042 Athamaniam
743 2002 820 2041 iter
850 2002 981 2040 facere
1011 2000 1154 2053 coepit.
1197 1997 1410 2052 Pompeius
1433 2011 1586 2051 quoque
1608 1997 1655 2037 de

171 2068 360 2113 Caesaris
394 2070 560 2111 consilio
593 2070 822 2110 coniectura
852 2068 1031 2109 iudicans
1053 2068 1100 2108 ad
1125 2066 1347 2121 Scipionem
1371 2065 1654 2120 properandum

170 2138 243 2180 sibi
267 2138 544 2180 existimabat:
570 2138 604 2179 si
628 2136 782 2179 Caesar
803 2138 879 2177 iter
898 2136 964 2177 illo
989 2136 1165 2186 haberet,
1190 2142 1232 2175 ut
1253 2135 1466 2175 subsidium
1482 2131 1657 2187 Scipioni

172 2207 319 2259 ferret,
354 2208 385 2248 si
409 2208 456 2248 ab
479 2222 549 2248 ora
569 2206 777 2248 marituma
801 2204 1000 2259 Oricoque
1024 2204 1224 2245 discedere
1248 2203 1384 2252 nollet,
1410 2202 1509 2256 quod
1534 2201 1657 2254 legio-

318 2283 329 2323 1
352 2288 488 2325 postera
509 2283 540 2314 b.
682 2282 700 2314 3
720 2282 832 2313 subito
854 2282 884 2312 b.
1024 2279 1182 2322 expedita
1199 2278 1227 2310 b.
1368 2278 1386 2309 4
1400 2276 1572 2308 exercitus
1590 2286 1610 2306 α
1624 2276 1654 2306 b.

313 2334 332 2367 6
352 2328 531 2377 Pompeius
550 2344 584 2374 a,
605 2332 784 2375 Pompeius
804 2332 891 2365 euim
911 2331 989 2364 edd.
1153 2330 1262 2361 inlata
1278 2340 1313 2360 a.
1477 2328 1494 2360 7
1516 2326 1657 2368 reliquis

171 2385 291 2417 dicbus
312 2385 344 2416 b.
485 2386 505 2418 8
525 2394 747 2427 praegressos
762 2383 813 2424 (a)
828 2394 918 2414 unus
937 2383 1022 2423 det„
1044 2380 1393 2424 progressosrelz‘que'.
1536 2383 1658 2419 quarta

173 2446 192 2467 a
214 2438 309 2468 ‘mss.
324 2434 518 2477 plert'qnc'.
664 2435 698 2467 11
721 2438 805 2466 ante
824 2434 1030 2476 praesidium
1051 2432 1133 2464 add.
1153 2436 1185 2463 et
1206 2432 1236 2463 b.
1385 2433 1467 2461 ante
1487 2430 1657 2471 reliquen-

174 2488 248 2518 dum
268 2487 351 2519 add.
374 2487 612 2529 imponendum
634 2487 664 2517 b.
808 2485 848 2519 12
867 2485 916 2516 ire
936 2485 954 2516 b
973 2487 1011 2516 et
1027 2484 1066 2515 ad
1088 2485 1193 2515 initio
1211 2483 1456 2524 suprascripto
1477 2491 1511 2512 a.

176 2539 214 2571 13
233 2539 356 2570 timens
377 2549 396 2569 (ι
411 2539 428 2569 b
443 2550 472 2579 c,
493 2539 684 2580 timensque
704 2548 738 2568 ιι.
886 2537 925 2569 14
944 2546 1074 2568 omnem
1093 2546 1127 2567 α.
1292 2535 1332 2567 15
1351 2534 1514 2566 incitatus
1534 2544 1602 2565 om.
1625 2534 1655 2564 Ι).

320 2590 359 2622 17
378 2590 418 2621 ab
439 2590 489 2621 his
508 2600 541 2621 α.
685 2588 866 2631 Dyrrachii
885 2598 919 2619 a.
1064 2587 1103 2619 18
1123 2585 1317 2617 conditione
1337 2586 1404 2626 (a).
1567 2584 1610 2619 20
1628 2585 1656 2615 si

176 2641 271 2672 ‘ms-s.
294 2640 322 2673 »ξ’
342 2640 518 2682 iidemque
540 2640 715 2681 ‘plerique
733 2642 766 2670 et
785 2638 944 2680 oplz'mi’,
967 2638 1018 2669 sin
1039 2636 1091 2678 (α)
1103 2648 1137 2670 u.
1334 2637 1371 2669 21
1395 2636 1605 2678 (obpugnare
1622 2635 1659 2675 a)

174 2703 370 2735 expugnare
395 2693 425 2724 b.
567 2691 646 2723 etsi
665 2691 753 2722 omni
773 2701 805 2722 α.
964 2689 1143 2721 marituma
1164 2699 1198 2720 a.
1357 2688 1496 2720 obsesso
1516 2698 1536 2719 α
1551 2688 1580 2727 b,
1602 2687 1658 2718 ob-

176 2755 272 2777 sesso
292 2750 403 2776 tamen
424 2754 458 2775 u.
598 2742 641 2775 23
661 2741 802 2774 Caesari
821 2751 854 2772 a.
996 2741 1039 2774 24
1058 2740 1249 2772 cohortium
1268 2750 1287 2771 α
1301 2740 1330 2771 b.
1494 2738 1536 2770 26
1556 2737 1659 2770 Atha-

176 2798 320 2830 maniam
339 2799 592 2835 Drumanmts,
619 2794 847 2826 Acarnaniam
874 2792 974 2825 codd.
1002 2792 1041 2824 Ρ.
1067 2791 1128 2825 178
1147 2795 1183 2825 et
1198 2791 1294 2824 Plut.
1314 2791 1437 2832 Pomp.
1460 2789 1516 2822 66.

176 2852 219 2883 28
238 2849 442 2892 subsidium]
463 2849 627 2881 auxilium
649 2847 679 2879 b.
822 2846 864 2879 29
884 2845 1063 2878 marituma
1082 2855 1115 2876 (ι.
1273 2843 1443 2886 Oricoque
1463 2853 1546 2885 ego,
1568 2840 1661 2874 Cori-

177 2905 296 2946 ciaque
316 2914 335 2935 α
349 2904 387 2944 b;
409 2903 626 2944 Corcyraquc
646 2910 680 2931 u.
702 2899 740 2931 P.
766 2899 838 2932 183.

1684 916 1724 949 10

1689 1254 1726 1286 15

1685 1594 1728 1626 20
