1835 3240
96 177 180 220 434
623 175 697 217 DE
729 174 920 217 BELLO
953 173 1208 218 GALLICO

173 291 258 331 loco
281 303 354 330 nec
376 303 538 332 numero
561 303 684 342 aequa
708 288 934 339 contenti03
959 288 1075 329 simul
1097 297 1137 330 et
1157 304 1274 331 cursu
1295 298 1335 332 et
1355 293 1481 346 spatio
1503 307 1655 348 pugnae

97 359 156 403 49
175 358 376 411 defatigati
398 372 476 397 non
499 358 613 397 facile
633 363 815 396 recentes
838 363 954 410 atque
976 357 1154 412 integros
1176 359 1437 401 sustinebant.
1484 359 1653 411 Caesar,

176 441 262 467 cum
285 426 418 479 iniquo
440 426 526 464 loco
557 424 722 477 pugnari
755 424 1001 478 hostiumque
1022 426 1159 479 augeri
1181 426 1313 479 copias
1337 429 1510 479 uideret,
1543 443 1655 483 prae-

173 502 352 536 metuens
375 493 456 532 suis
478 492 524 531 ad
549 490 683 531 Titum
708 489 890 532 Sextium
913 493 1084 546 legatum
1103 524 1113 544 ,
1139 507 1250 546 quem
1275 495 1490 536 minoribus
1514 497 1655 538 castris

173 563 368 616 praesidio
391 559 618 611 reliquerat,
644 560 776 610 misit,
801 567 843 600 ut
865 560 1049 601 cohortes
1072 575 1123 602 ex
1146 562 1287 602 castris
1309 563 1493 603 celeriter
1514 565 1653 605 educe-

127 630 154 671 2
175 637 237 671 ret
260 637 297 669 et
319 628 389 669 sub
411 628 543 667 infimo
567 628 667 668 colle
689 627 736 668 ab
760 627 901 668 dextro
932 629 1059 670 latere
1082 630 1252 670 hostium
1275 631 1562 682 constitueret,
1594 640 1653 682 ut,

174 699 205 739 si
229 704 387 737 nostros
410 695 498 736 loco
519 695 702 750 depulsos
725 696 908 747 uidisset,
932 711 1008 750 quo
1032 698 1158 738 minus
1180 698 1304 739 libere
1322 699 1453 739 hostes
1474 699 1657 752 inseque-

127 766 151 806 3
174 772 328 814 rentur,
353 771 538 804 terreret.
582 762 671 818 Ipse
693 765 847 818 paulum
871 778 924 805 ex
946 778 993 805 eo
1014 765 1101 806 loco
1119 780 1202 806 cum
1225 767 1381 821 legione
1404 781 1655 821 progressus,

99 833 158 877 50
175 833 238 873 ubi
263 832 510 882 constiterat,
536 840 720 873 euentum
745 847 897 887 pugnae
921 834 1169 887 expectabat.
1216 832 1314 875 Cum
1338 835 1530 875 acerrime
1553 849 1658 874 com-

176 901 303 940 minus
327 907 592 954 pugnaretur,
618 901 751 941 hostes
773 901 861 941 loco
884 908 924 941 et
945 915 1133 952 numero,
1171 902 1298 943 nostri
1322 902 1467 943 uirtute
1490 902 1660 943 confide-

173 975 280 1018 rent,
304 968 435 1008 subito
457 975 550 1008 sunt
572 967 725 1009 Haedui
748 968 825 1008 uisi
846 968 893 1009 ab
915 969 1040 1010 latere
1063 971 1211 1011 nostris
1233 978 1369 1024 aperto
1386 1001 1395 1018 ‚
1435 985 1533 1024 quos
1557 967 1660 1011 Cae-

174 1050 242 1077 sar
263 1036 310 1075 ab
334 1036 478 1076 dextra
499 1043 609 1090 parte
631 1036 708 1076 alio
731 1050 902 1077 ascensu
924 1052 1063 1079 manus
1087 1039 1333 1079 distinendae
1347 1053 1464 1079 causa
1479 1038 1656 1078 miserat.

126 1104 153 1145 2
175 1103 227 1144 Hi
258 1103 512 1144 similitudine
544 1118 738 1144 armorum
772 1105 1030 1146 uehementer
1059 1113 1218 1147 nostros
1251 1113 1579 1160 perterruerunt,
1614 1119 1659 1145 ac

175 1171 331 1212 tametsi
354 1172 506 1212 dextris
530 1172 703 1212 humeris
726 1174 900 1213 exsertis
922 1174 1358 1220 animaduertebantur‚
1384 1174 1484 1226 quod
1505 1174 1661 1226 insigne

174 1247 354 1294 pacatum
377 1253 468 1280 esse
490 1247 726 1290 consuerat,
753 1247 883 1281 tamen
904 1241 943 1280 id
964 1241 1092 1294 ipsum
1114 1242 1174 1281 sui
1199 1241 1356 1281 fallendi
1379 1255 1497 1281 causa
1518 1241 1661 1281 milites

128 1307 152 1347 3
176 1307 224 1347 ab
248 1306 425 1347 hostibus
447 1307 589 1347 factum
614 1308 910 1348 existimabant.
961 1307 1111 1349 Eodem
1145 1316 1320 1363 tempore
1342 1307 1492 1348 Lucius
1513 1307 1660 1348 Fabius

175 1375 355 1415 centurio
379 1375 521 1428 quique
560 1389 636 1415 una
658 1390 811 1416 murum
833 1376 1098 1417 ascenderant
1119 1376 1380 1417 circumuenti
1401 1383 1517 1429 atque
1538 1376 1662 1416 inter-

127 1443 154 1483 4
177 1443 267 1483 fecti
290 1456 401 1482 muro
424 1443 800 1498 praecipitabantur.
843 1443 1007 1485 Marcus
1029 1442 1239 1485 Petronius
1255 1476 1265 1495 ‚
1297 1444 1470 1485 eiusdem
1494 1443 1662 1497 legionis

175 1512 372 1561 centurio,
399 1525 485 1552 cum
509 1519 641 1566 portas
665 1513 851 1553 excidere
874 1519 1039 1553 conatus
1062 1520 1181 1562 esset,
1208 1513 1487 1553 amultitudine
1503 1524 1663 1565 oppres-

174 1593 241 1620 sus
264 1594 309 1619 ac
330 1579 405 1620 sibi
428 1580 644 1634 desperans
666 1580 798 1622 multis
820 1581 895 1621 iam
918 1581 1147 1622 uulneribus
1169 1582 1342 1635 acceptis
1354 1579 1664 1634 manipularibus

175 1648 272 1698 suis,
299 1648 363 1703 qui
385 1647 492 1688 illum
515 1648 642 1689 secuti
664 1656 794 1699 erant,
822 1647 1065 1702 ‘Quonian1'‚
1090 1650 1232 1702 inquit,
1261 1657 1336 1689 ‘me
1358 1663 1437 1689 una
1458 1647 1662 1688 uobiscum

175 1730 340 1757 seruare
362 1729 441 1756 non
462 1730 637 1770 possum,
658 1724 814 1758 uestrae
837 1718 990 1770 quidem
1014 1724 1121 1757 certe
1145 1717 1251 1758 uitae
1274 1716 1508 1771 prospiciam
1525 1747 1535 1765 ‚
1563 1729 1660 1768 quos

175 1784 387 1838 cupiditate
409 1784 558 1837 gloriae
581 1785 768 1825 adductus
790 1785 830 1824 in
853 1785 1068 1838 periculum
1093 1785 1252 1825 deduxi.
1311 1783 1396 1825 Vos
1429 1785 1519 1824 data
1542 1783 1663 1823 sacul-

127 1852 152 1893 5
175 1860 255 1894 tate
277 1851 389 1892 uobis
411 1852 632 1892 consulite'.
699 1851 828 1893 Simul
857 1853 896 1892 in
928 1853 1076 1893 medios
1108 1853 1233 1894 hostis
1265 1853 1415 1906 inrupit
1436 1851 1664 1904 duobusque

1692 909 1732 941 10

1695 1247 1734 1279 15

1695 1585 1738 1619 20

127 1920 153 1962 6
174 1920 397 1962 interfectis
419 1919 592 1974 reliquos
614 1927 758 1974 aporta
781 1920 936 1974 paulum
958 1922 1183 1962 summouit.
1210 1918 1457 1961 Conantibus
1479 1918 1667 1960 auxiliari
1695 1925 1738 1960 25

177 1989 258 2030 suis
284 1986 497 2037 ‘Frustra'‚
522 1988 663 2042 inquit,
691 1993 817 2028 ‘meae
839 1989 945 2029 uitae
966 1989 1179 2030 subuenire
1202 1989 1424 2039 conamini,
1451 2002 1564 2042 quem
1586 1987 1663 2028 iam

178 2057 338 2112 sanguis
362 2056 546 2110 uiresque
570 2057 770 2097 deficiunt.
814 2055 990 2097 Proinde
1011 2057 1131 2107 abite,
1157 2057 1246 2097 dum
1271 2064 1331 2098 est
1354 2057 1520 2097 facultas
1536 2088 1546 2107 ‚
1571 2069 1663 2096 uos-

321 2160 341 2193 2
359 2160 496 2200 fatigati
513 2161 558 2193 A.
700 2160 719 2193 3
739 2160 853 2202 copias
873 2161 992 2202 augeri
1014 2161 1044 2192 b.
1184 2161 1204 2192 4
1224 2159 1338 2192 Titum
1357 2161 1398 2200 B,
1421 2159 1461 2191 T.
1482 2170 1518 2191 u.

179 2214 197 2245 5
215 2213 309 2244 misit
326 2213 399 2244 AB
413 2212 481 2244 CD
494 2222 514 2243 a
530 2212 546 2242 b
559 2222 587 2252 e,
609 2211 716 2243 mittit
736 2210 830 2243 ‘alii'
848 2222 886 2243 u.
1028 2221 1070 2243 ex
1088 2211 1213 2243 castris
1233 2221 1302 2242 om.
1325 2211 1341 2242 b
1356 2211 1419 2243 de.
1584 2210 1602 2241 6
1622 2210 1663 2241 ab

176 2269 275 2295 extro
294 2274 341 2294 m.
358 2273 416 2305 pr.
436 2263 479 2295 B.
621 2262 732 2294 latere
751 2272 820 2294 om.
840 2263 886 2295 A.
1027 2262 1046 2294 7
1066 2262 1237 2305 dispulsos
1257 2262 1288 2293 b.
1451 2262 1472 2293 8
1491 2261 1664 2303 paululum

178 2325 219 2347 ex
239 2327 268 2355 c,
289 2315 451 2356 paulatim
470 2314 511 2345 ab
532 2314 563 2345 b.
682 2314 700 2346 9
720 2314 924 2356 expectabat
942 2315 986 2346 B.
1117 2314 1156 2347 10
1177 2318 1386 2357 pugnaretur
1404 2323 1471 2345 om.
1492 2314 1565 2345 AB
1579 2313 1660 2346 CD.

322 2365 516 2397 l2ascensu
527 2365 569 2396 B.
716 2365 900 2397 distinendi
920 2375 1024 2397 causa
1041 2367 1172 2397 omisso
1191 2375 1309 2396 manus
1330 2364 1387 2404 bc,
1409 2374 1518 2395 none.

182 2418 219 2449 15
241 2421 398 2459 pacatum
417 2417 477 2448 Ba
490 2426 506 2447 e
527 2415 675 2457 ‘reliqui
691 2418 763 2447 mei
780 2415 925 2455 omnes‘5
945 2417 1091 2458 pacatis,
1114 2418 1168 2448 ‘ut
1185 2416 1344 2455 uidetur,
1367 2415 1416 2447 cd
1431 2415 1525 2447 And.
1548 2415 1662 2447 Oxou.

179 2467 256 2499 eod.
271 2467 368 2507 Vrs„
389 2478 434 2498 ea:
444 2468 573 2508 quihus
586 2467 681 2498 nihil
698 2470 889 2499 uarietatis
899 2470 1113 2499 annotatum
1132 2467 1207 2508 θεῖ’,
1228 2466 1343 2498 Aldus
1355 2476 1389 2497 u.
1409 2466 1449 2498 P.
1464 2467 1519 2498 95.

180 2519 219 2551 16
232 2517 360 2550 Lucius
372 2519 416 2558 B,
435 2518 525 2550 L.11.
668 2518 811 2561 Fabius]
835 2518 983 2551 Sabinus
995 2520 1040 2551 A.
1185 2519 1224 2552 17
1237 2519 1465 2550 ascenderant
1477 2520 1519 2551 B.

183 2571 223 2603 18
241 2579 336 2602 muro
355 2570 386 2601 B
403 2573 436 2601 et
454 2570 600 2611 reliqui,
621 2570 662 2602 de
680 2580 775 2602 muro
796 2571 813 2602 b
826 2581 842 2601 c
854 2570 917 2602 de.
1096 2570 1414 2613 praecipitabantur
1431 2570 1489 2601 Be
1510 2571 1662 2611 ‘ceteri’,

179 2621 452 2665 praecipitantur
471 2622 488 2653 b
502 2621 564 2653 ed.
705 2620 841 2654 Marcus
860 2623 901 2662 B,
923 2621 969 2655 M.
989 2633 1025 2654 u.
1185 2623 1369 2655 Petronius
1387 2624 1418 2655 B
1439 2624 1598 2666 ‘reliqui’
1617 2628 1662 2665 et,

181 2676 245 2716 qui
260 2678 294 2704 et
307 2674 530 2714 praemittit,
550 2673 602 2711 D,·
624 2677 762 2714 praetor
783 2674 813 2713 b,
834 2673 992 2705 Petreius
1010 2675 1070 2706 de.
1218 2675 1254 2707 19
1275 2684 1291 2705 a
1312 2685 1380 2706 om.
1395 2675 1426 2706 b.
1565 2676 1608 2708 20
1627 2685 1666 2707 ac

178 2724 230 2756 sui
250 2723 437 2765 desperans
450 2723 482 2754 Α
493 2722 522 2754 Β
536 2723 563 2755 C
574 2722 619 2755 D.
761 2723 828 2755 iam
847 2733 915 2755 om.
936 2734 964 2755 e.
1102 2725 1145 2759 23
1158 2724 1324 2757 facultata
1341 2735 1387 2756 m.
1403 2734 1465 2766 pr.
1479 2726 1522 2757 B.

179 2776 223 2809 24
242 2773 349 2806 hostis
365 2773 396 2805 B
409 2773 493 2805 CD.
679 2772 826 2816 (inrupit
842 2773 886 2814 B)
906 2775 1019 2817 erupit
1038 2776 1067 2807 b.
1247 2777 1289 2810 25
1309 2776 1409 2819 paulo
1427 2776 1469 2817 D,
1491 2777 1666 2819 paululum

181 2826 198 2857 b
211 2835 228 2856 c
240 2835 270 2856 e.
434 2823 619 2855 summouit
635 2823 679 2865 B,
699 2834 768 2856 non
786 2824 893 2856 subm.
1073 2825 1115 2859 27
1136 2827 1277 2868 proinde
1297 2827 1390 2859 abite
1407 2828 1438 2859 B
1451 2838 1467 2858 e
1489 2828 1635 2869 ‘reliqui
1644 2827 1663 2867 ’,

182 2875 323 2917 proinde
341 2874 419 2907 hinc
437 2875 527 2906 abite
545 2874 612 2906 (ln.
