1835 3240
89 153 172 196 436
614 155 691 198 DE
723 155 913 199 BELLO
947 153 1199 197 GALLICO

165 267 359 322 cogitans,
384 281 483 321 quae
505 275 595 310 ante
617 277 824 319 senserat,
849 269 1026 323 legiones
1048 284 1100 310 ex
1121 270 1262 311 castris
1285 270 1424 311 eduxit
1445 271 1647 325 aciemque

114 334 143 376 2
164 336 304 376 idoneo
327 336 413 377 loco
435 337 659 377 constituit.
695 335 795 377 Cum
806 336 1117 391 Vercingetorix
1138 338 1257 378 nihilo
1274 339 1398 392 magis
1420 339 1458 379 in
1482 354 1646 393 aequum

162 403 290 443 locum
323 405 604 454 descenderet,
638 404 715 444 leui
746 406 850 445 facto
883 406 1057 458 equestri
1088 406 1237 459 proelio
1266 413 1381 458 atque
1414 409 1585 448 secundo
1608 408 1646 447 in

116 470 140 510 3
164 478 293 512 castra
317 473 536 512 exercitum
558 472 734 511 reduxit.
782 470 881 513 Cum
905 473 977 513 hoc
998 473 1097 513 idem
1122 480 1281 526 postero
1303 474 1363 513 die
1386 475 1559 526 fecisset,
1585 490 1648 516 sa-

161 540 211 584 tis
233 540 279 579 ad
304 538 493 580 Gallicam
518 540 822 580 ostentationem
845 541 1094 581 minuendam
1119 541 1356 595 militumque
1379 542 1529 583 animos
1552 558 1644 584 con-

113 606 139 645 4
162 608 370 646 firmandos
405 608 548 646 factum
581 608 814 649 existimans
846 609 885 649 in
910 608 1097 650 Haeduos
1126 609 1250 648 mouit
1282 616 1428 649 castra.
1477 609 1543 650 Ne
1565 618 1645 651 tum

163 674 314 728 quidem
338 675 528 715 insecutis
552 675 730 716 hostibus
755 678 874 717 tertio
897 677 958 718 die
980 678 1027 717 ad
1050 678 1194 717 flumen
1215 676 1367 716 Elauer
1399 685 1536 731 pontes
1558 679 1647 718 refi—

85 742 144 786 54
161 743 214 782 cit
236 756 358 795 coque
382 743 601 783 exercitum
626 745 809 784 traducit.
846 743 903 785 Ibi
926 744 1212 786 aViridomaro
1235 745 1358 798 adque
1374 743 1647 799 Eporedorige

160 809 334 850 Haeduis
358 811 575 865 appellatus
599 812 716 853 discit
746 826 832 853 cum
864 814 968 853 omni
992 813 1166 866 equitatu
1187 811 1413 853 Litauicum
1436 813 1482 853 ad
1504 812 1648 853 sollici-

160 878 299 917 tandos
323 876 509 919 Haeduos
531 881 772 933 profectum:
809 896 906 934 opus
939 895 1028 922 esse
1050 882 1156 934 ipsos
1179 882 1413 922 antecedere
1436 882 1483 921 ad
1506 882 1647 921 confir—

112 945 138 985 2
160 946 340 985 mandam
363 946 578 987 ciuitatem.
642 947 732 989 Etsi
763 949 893 990 multis
924 949 999 990 iam
1031 949 1148 989 rebus
1171 949 1369 1003 perfidiam
1393 948 1645 990 Haeduorum

159 1021 402 1067 perspectam
428 1014 597 1056 habebat
628 1024 742 1069 atque
766 1018 902 1057 horum
926 1018 1104 1058 discessu
1126 1018 1365 1058 admaturari
1388 1018 1644 1058 defectionem

159 1082 331 1122 ciuitatis
354 1083 623 1135 existimabat,
649 1091 779 1125 tamen
802 1099 870 1125 eos
892 1086 1121 1126 retinendos
1145 1099 1223 1125 non
1247 1085 1474 1135 constituit,
1509 1099 1558 1125 ne
1582 1092 1649 1125 aut

158 1150 306 1190 inferre
329 1151 509 1192 iniuriam
532 1152 735 1192 uideretur
757 1160 826 1193 aut
856 1154 950 1193 dare
985 1153 1137 1193 timoris
1169 1153 1337 1206 aliquam
1362 1152 1644 1206 suspicionem.

111 1216 137 1257 3
159 1216 466 1260 Discedentibus
489 1220 549 1260 his
571 1221 747 1260 breuiter
768 1235 840 1261 sua
870 1222 909 1261 in
931 1220 1120 1261 Haeduos
1143 1221 1282 1261 merita
1305 1220 1517 1273 exposuit,
1552 1233 1649 1275 quos

110 1284 137 1325 4
160 1293 200 1325 et
221 1300 335 1339 quam
359 1287 525 1328 humiles
549 1289 794 1341 accepisset,
829 1290 1039 1342 conpulsos
1060 1289 1102 1328 in
1124 1288 1286 1342 oppida,
1320 1288 1507 1327 multatos
1539 1288 1647 1340 agris

159 1354 338 1394 omnibus
361 1356 508 1409 ereptis
531 1356 652 1410 copiis
669 1387 680 1406 ,
713 1356 884 1410 inposito
906 1356 1101 1410 stipendio
1117 1387 1127 1406 ‚
1167 1355 1368 1396 obsidibus
1390 1369 1542 1396 summa
1563 1369 1647 1395 cum

159 1422 398 1463 contumelia
421 1424 615 1475 extortis,
648 1432 688 1465 et
719 1439 831 1478 quam
862 1425 903 1464 in
935 1426 1130 1465 fortunam
1154 1437 1345 1478 quamque
1366 1424 1406 1464 in
1429 1423 1649 1477 amplitudi—

160 1503 248 1529 nem
272 1491 525 1541 deduxisset,
558 1499 602 1532 ut
622 1506 700 1532 non
723 1493 848 1533 solum
872 1493 911 1533 in
934 1492 1139 1547 pristinum
1164 1499 1310 1533 statum
1332 1492 1555 1541 redissent,
1580 1492 1649 1531 sed

160 1559 330 1598 omnium
355 1566 572 1614 temporum
595 1561 826 1614 dignitatem
857 1569 897 1602 et
917 1562 1083 1616 gratiam
1115 1561 1380 1602 antecessisse
1402 1560 1646 1600 uiderentur.

83 1625 138 1669 55
159 1623 233 1666 His
256 1627 355 1668 datis
377 1629 571 1670 mandatis
594 1643 662 1669 eos
686 1629 732 1670 ab
756 1643 799 1670 se
823 1630 981 1670 dimisit.
1034 1629 1321 1670 Nouiodunum
1359 1635 1446 1669 erat
1468 1627 1647 1682 oppidum

303 1725 317 1757 1
341 1736 438 1768 quem
457 1731 536 1759 ante
556 1728 674 1760 deleta
692 1739 760 1760 sec.
781 1738 828 1760 m.
848 1739 877 1760 1n
897 1729 940 1760 B.
1105 1726 1148 1760 ei
1166 1733 1281 1760 castra
1301 1728 1345 1759 A.
1529 1727 1549 1760 2
1568 1736 1648 1757 con·

159 1776 242 1807 stuit
260 1776 302 1807 B.
467 1779 571 1810 nihilo
590 1782 699 1821 magis
719 1780 958 1820 Vascosanns,
981 1780 1087 1811 nihilo
1106 1781 1216 1811 minus
1236 1779 1336 1811 codd.
1509 1779 1528 1811 3
1546 1783 1647 1820 atque

160 1828 309 1859 secundo
328 1829 359 1860 B
379 1829 554 1872 ‘7·eltqni’,
577 1837 679 1875 atque
699 1843 739 1864 eo
759 1833 909 1864 secundo
931 1833 948 1864 b
962 1832 1055 1864 cde.
1214 1832 1232 1863 6
1252 1831 1360 1862 mouit
1379 1835 1493 1862 castra
1512 1830 1542 1861 B
1563 1829 1649 1870 ‘ple-

159 1880 289 1922 rique',
309 1886 423 1913 castra
442 1883 548 1915 mouit
566 1894 600 1915 u.
744 1894 784 1916 ne
804 1894 872 1915 om.
895 1884 952 1915 bo.
1096 1882 1114 1915 7
1133 1885 1255 1914 flumen
1275 1893 1343 1914 om.
1364 1883 1409 1913 D.
1567 1879 1650 1912 Ela-

160 1932 221 1963 ber
238 1933 280 1973 B,
302 1933 399 1965 laber
414 1934 459 1966 A.
610 1940 731 1978 pontes
749 1936 780 1968 B
799 1934 979 1977 ‘relz‘q1ti'‚
1002 1939 1139 1977 pontem
1161 1935 1177 1966 b
1192 1935 1282 1966 cde.
1304 1934 1387 1966 Vz'd.
1408 1934 1464 1975 34,
1484 1933 1517 1965 3.
1538 1933 1594 1971 35,
1614 1935 1647 1965 2.

160 1984 215 2023 56,
238 1984 268 2016 1.
412 1985 523 2018 reficit
542 1987 572 2018 B
592 1987 772 2029 ‘relz‘quz'’,·
792 1986 917 2018 refecit
935 1987 969 2027 d,
990 1986 1106 2018 effecit
1124 1996 1154 2026 e,
1177 1985 1260 2017 fecit
1280 1987 1297 2017 b
1312 1996 1341 2017 c.
1503 1985 1524 2016 8
1542 1994 1649 2026 eoque

163 2036 351 2067 exercitum
370 2037 444 2068 AB
458 2037 485 2069 C
504 2038 542 2070 ί4
561 2039 671 2078 αῐι“ι”,·
699 2044 801 2081 atque
820 2039 1010 2070 exercitum
1030 2038 1082 2069 cd
1099 2038 1188 2079 alli,
1219 2039 1475 2080 exercitumque
1498 2038 1529 2069 b.
1565 2036 1649 2069 Vz'd.

161 2084 257 2125 VIII,
276 2086 331 2124 ⁶27,
353 2088 385 2121 2.
408 2088 437 2118 b.
459 2088 560 2131 Hisp.
582 2089 613 2129 6,
636 2090 667 2122 1.
808 2090 960 2122 traducit
981 2089 1156 2131 ‘rele‘quz'’,
1179 2090 1332 2122 traduxit
1352 2091 1369 2121 b
1384 2089 1461 2121 cde
1479 2092 1514 2120 et
1529 2098 1651 2120 secun-

162 2136 245 2167 dum
264 2137 429 2181 Beyerle'z'
444 2139 485 2170 de
503 2139 640 2171 duabus
658 2140 800 2172 ultimis
818 2142 1002 2172 silentium
1020 2141 1063 2173 B.
1204 2141 1313 2182 adque
1331 2141 1372 2172 B.
1531 2138 1652 2181 Epori-

162 2188 277 2228 dorige
299 2189 396 2220 ‘ms-9.
417 2190 523 2221 multi
540 2191 599 2221 lzz‘c
617 2194 653 2222 et
671 2190 795 2232 insra’,
817 2191 1041 2234 Operidorige
1063 2192 1102 2231 C,
1124 2190 1331 2233 Operidigne
1349 2191 1391 2223 B.
1557 2189 1575 2221 9
1593 2188 1651 2220 Li-

162 2239 334 2270 tauiccum
353 2239 395 2271 B.
534 2241 574 2273 10
593 2241 684 2284 ipsos
704 2242 734 2273 Β
755 2242 932 2284 ‘reliqui',
953 2247 987 2274 et
1006 2243 1096 2284 ipsos
1117 2242 1237 2273 bede.
1257 2243 1296 2274 P.
1318 2241 1373 2274 69.
1514 2244 1651 2271 antece-

165 2291 243 2322 dere
261 2291 334 2322 AB
348 2292 449 2323 CDa
463 2293 550 2334 hee,
570 2295 778 2336 praecedere
798 2306 833 2327 u.
990 2295 1026 2327 ll
1049 2295 1113 2326 etsi
1133 2295 1250 2326 multis
1269 2294 1335 2325 iam
1355 2293 1454 2324 rebus
1474 2293 1649 2334 perfidiam

163 2342 377 2374 Haeduorum
397 2344 503 2387 A(B)
518 2345 605 2386 CD‚·
635 2346 701 2378 etsi
720 2347 836 2378 multis
855 2347 920 2378 iam
941 2347 1042 2379 rebus
1060 2347 1255 2378 Aeduorum
1274 2345 1450 2389 perfidiam
1471 2344 1600 2377 Caesar
1618 2356 1648 2386 e,

163 2399 199 2427 et
217 2397 267 2426 ‘in
288 2396 472 2428 nonnullis
486 2396 616 2429 Caesar
627 2401 783 2440 ponitur
800 2402 884 2430 ante
903 2399 980 2435 etsi,
1002 2400 1038 2429 in
1059 2398 1144 2429 aliis
1158 2397 1287 2430 Caesar
1304 2397 1392 2440 perf.
1407 2396 1507 2429 Aed?

163 2449 204 2481 52
223 2453 324 2490 atque
345 2459 459 2480 eorum
481 2449 512 2480 b.
662 2451 829 2482 maturari
847 2461 876 2491 e,
898 2450 1093 2482 maturandi
1114 2450 1173 2481 bc.
1339 2450 1378 2482 13
1397 2448 1615 2491 pertiuendos
1635 2458 1651 2478 e

163 2498 256 2531 And.
280 2500 393 2530 (λι-οη.
572 2510 637 2531 non
657 2501 838 2532 constituit
854 2501 885 2532 Β
905 2500 960 2533 ‘10
978 2500 1080 2540 mez'',·
1101 2510 1165 2531 non
1185 2500 1320 2531 sensuit
1338 2500 1517 2531 constituit
1535 2510 1563 2539 e,
1585 2508 1650 2529 non

163 2550 298 2582 censuit
316 2550 429 2581 Aldus
448 2561 482 2581 η.
630 2552 669 2583 14
688 2551 787 2583 daret
805 2552 822 2582 b
837 2561 865 2582 e.
1024 2551 1171 2593 aliquam
1191 2550 1323 2582 timoris
1344 2552 1374 2581 b.
1540 2549 1651 2592 suspi-

165 2602 289 2632 tionem
308 2600 350 2632 B.
492 2601 531 2633 15
551 2602 832 2633 discendentibus
849 2612 892 2633 m.
912 2611 972 2642 pr.
985 2602 1027 2633 B.
1169 2601 1308 2633 Aeduos
1323 2601 1382 2643 (B)
1398 2604 1413 2633 ?
1552 2610 1653 2643 expo-

165 2653 214 2684 nit
232 2662 309 2683 eum
327 2653 350 2688 2
367 2652 456 2684 dett.
478 2663 510 2683 η.
725 2653 764 2684 16
783 2651 987 2694 accepisset]
1008 2656 1042 2683 et
1059 2651 1142 2683 add.
1164 2652 1194 2684 Β
1213 2653 1310 2684 ἠως.
1326 2651 1509 2694 plurimi',
1529 2662 1600 2683 non
1619 2662 1649 2683 e.

307 2703 489 2745 conpulsos
510 2703 552 2734 B.
716 2703 748 2734 in
771 2702 905 2745 oppida]
926 2702 1038 2744 inopia
1056 2702 1101 2733 D.
1260 2705 1298 2736 v17
1319 2702 1442 2746 copiis]
1463 2703 1567 2735 sociis
1587 2703 1650 2735 de.

307 2754 454 2797 inposito
473 2754 516 2786 B.
716 2755 755 2788 18
775 2760 808 2786 et
827 2755 858 2786 in
881 2764 954 2786 eam
976 2754 1145 2786 fortunam
1165 2756 1490 2798 amplitudinemque
1510 2756 1649 2787 duxisse

164 2809 181 2839 b
194 2818 210 2839 c
223 2818 250 2839 e.
415 2807 457 2838 ‘20
477 2806 690 2838 antecesisse
710 2806 750 2837 B.
907 2806 946 2840 21
969 2806 1110 2839 dimittit
1129 2818 1204 2839 enm
1226 2809 1243 2840 b
1257 2819 1272 2839 e
1285 2820 1318 2841 u.
1483 2807 1652 2841 Nouiodu-

163 2869 237 2889 num
259 2859 342 2889 ΒΓ.

1681 888 1721 920 10

1684 1227 1723 1259 15

1680 1566 1723 1601 20
