1835 3240
557 157 741 201 COMM.
767 158 801 201 V
827 155 952 199 CAP.
976 154 1181 207 57—V1,
1207 157 1245 197 1.
1635 161 1714 203 381

164 275 365 316 Labienus
388 271 535 312 duabus
559 273 680 326 portis
703 287 854 313 omnem
878 271 1092 325 equitatum
1116 269 1282 319 emittit3
1319 272 1506 325 praec-ipit
1527 280 1642 327 atque

163 340 376 388 interdicit,
401 339 624 392 proterritis
647 341 824 380 hostibus
844 347 959 393 atque
981 340 1021 379 in
1043 340 1172 392 sugam
1187 337 1375 378 coniectis
1400 340 1515 390 (quod
1540 342 1638 391 sore,

163 409 262 448 sicut
283 407 449 456 accidit,
483 407 669 460 uidebat)
703 422 819 448 unum
844 422 979 447 omues
1002 413 1182 460 peterent
1201 403 1532 455 Indutiomarum,
1568 422 1644 448 neu

161 475 244 528 quis
266 489 378 527 quem
401 475 506 529 prius
530 476 736 524 numeret,
770 490 884 527 quam
920 475 1027 514 illum
1059 474 1309 515 interfectum
1343 474 1507 524 uiderit,
1543 477 1643 528 quod

115 552 132 582 5
163 557 273 582 mora
296 543 531 595 reliquorum
564 543 728 595 spatium
764 549 917 581 nactum
948 543 1054 582 illum
1089 543 1262 596 effugere
1286 541 1468 592 nolebat3
1504 557 1643 597 magna
1666 543 1689 584 5

159 611 342 664 proponit
363 610 429 659 iis,
455 611 519 663 qui
543 611 772 659 occiderint,
798 610 993 663 praemia3
1019 609 1224 648 summittit
1246 609 1426 650 cohortes
1451 610 1643 662 equitibus

159 678 350 718 subsidio.
405 675 647 731 Comprobat
678 678 844 717 hominis
876 676 1082 717 eonsilium
1116 677 1301 725 fortuna,
1335 684 1374 717 et
1406 691 1490 717 eum
1526 680 1692 720 1111111116

160 760 297 786 omnes
320 752 524 799 peterent,
561 746 600 785 in
630 746 715 798 ipso
748 745 915 784 fluminis
938 744 1038 784 uado
1063 744 1329 797 deprehensus
1352 743 1644 788 Indutiomarus

159 814 416 863 interficitur,
457 820 646 866 caputque
678 812 761 853 eius
794 813 967 852 refertur
987 812 1026 851 iu
1050 818 1205 851 eastra:
1240 813 1451 853 redeuutes
1474 814 1640 867 equites,

86 887 127 919 10
160 894 254 932 quos
278 888 455 934 possunt,
481 888 762 921 consectantur
783 887 898 933 atque
922 879 1122 919 occidunt.
1154 878 1240 920 Hae
1262 894 1304 920 re
1328 881 1484 934 cognita
1508 897 1643 923 omnes
1666 883 1693 923 7

158 947 390 988 Eburonum
424 956 461 989 et
481 947 753 995 Neruiorum,
788 962 887 1001 quae
921 955 1218 996 conuenerant,
1255 949 1389 1001 copiae
1422 949 1641 1002 discedunt,

159 1016 351 1068 pauloque
374 1016 507 1056 habuit
529 1023 618 1070 post
638 1016 674 1056 id
698 1016 844 1056 sactum
868 1013 1022 1056 Caesar
1043 1016 1275 1068 quietiorem
1300 1014 1483 1057 Galliam.

437 1435 492 1482 C.
569 1437 823 1483 IVLII
896 1436 1379 1484 CAESARIS

268 1578 422 1647 DE
497 1581 907 1649 BELLO
980 1581 1542 1652 GALLICO

524 1747 988 1793 COMMENTARIVS
1031 1749 1274 1794 SEXTVS.

276 2028 414 2072 Multis
447 2034 494 2074 de
525 2035 654 2075 causis
677 2031 829 2075 Caesar
859 2035 1046 2075 maiorem
1071 2034 1226 2077 Galliae
1261 2045 1409 2078 motum
1434 2046 1650 2093 expectans

163 2111 232 2150 per
254 2097 433 2140 Marcum
457 2098 649 2153 Silanum,
676 2101 817 2143 Gaium
838 2103 1058 2144 Antistium
1080 2104 1295 2159 Reginum,
1320 2105 1452 2146 Titum
1468 2106 1651 2148 Sextium

310 2247 323 2279 1
347 2247 489 2281 dimittit
508 2250 538 2282 b.
669 2252 690 2283 2
708 2253 905 2294 proterritis
918 2254 990 2285 AB
1003 2254 1073 2286 CD
1093 2257 1139 2294 et,
1159 2257 1199 2285 vt
1216 2253 1376 2294 uidetur,
1396 2264 1435 2293 e‚·
1456 2255 1650 2296 perterritis

166 2297 243 2329 edd.
263 2302 346 2329 ante
364 2310 399 2331 u.
553 2302 572 2334 3
591 2304 725 2335 aceedit
740 2314 787 2335 m.
803 2314 862 2345 pr.
883 2305 925 2336 B.
1090 2310 1249 2347 peterent
1266 2306 1296 2336 B
1315 2309 1351 2337 et
1367 2305 1513 2347 reliqui,
1535 2311 1653 2348 petant

170 2346 186 2376 b
200 2357 258 2380 ee.
278 2350 317 2382 Ρ.
340 2352 383 2383 82
401 2356 495 2385 eoetr.
678 2355 943 2387 Indutiomarum
963 2354 1034 2396 (B),
1058 2354 1329 2387 ludueiomarum
1349 2366 1384 2387 u.
1573 2358 1649 2398 neu]

168 2407 228 2429 nec
248 2399 279 2431 b.
418 2404 437 2434 4
458 2403 532 2445 quis
552 2415 649 2446 quem
669 2406 700 2436 A
715 2406 775 2445 (B)
794 2406 863 2437 CD
877 2431 885 2446 ,
907 2407 1085 2448 quisquam
1105 2407 1206 2438 alium
1229 2408 1287 2438 be.
1447 2407 1561 2450 quam]
1581 2408 1650 2450 pri-

169 2457 207 2478 us
227 2449 262 2480 C.
416 2453 544 2486 uiderit
562 2456 593 2486 A
604 2456 666 2497 (B)
680 2467 709 2495 e,
730 2456 863 2487 uideret
881 2467 898 2487 e
919 2461 956 2488 et
973 2457 1117 2497 reliqui.
1282 2457 1300 2489 6
1320 2456 1371 2488 his
1390 2457 1430 2488 B.
1594 2459 1651 2500 qui

170 2500 363 2535 reciderunt
380 2516 409 2536 c.
563 2508 747 2539 summittit
765 2508 806 2547 B,
829 2519 895 2540 non
916 2507 1099 2540 submittit.
1265 2509 1285 2541 8
1306 2508 1556 2541 Indutiomarus
1575 2510 1647 2551 (B),

172 2548 420 2586 induciomarus
439 2567 474 2588 u.
639 2558 679 2590 10
699 2568 738 2589 ae
756 2568 792 2589 re
811 2559 852 2590 B.
1033 2558 1138 2591 lulius
1157 2558 1278 2591 Celsus
1299 2559 1545 2592 Constantinus
1564 2571 1595 2592 u.
1618 2571 1649 2592 c.

172 2600 250 2640 ¹⁰35·
272 2602 309 2634 C.
330 2604 446 2637 Cesari
465 2606 545 2649 (sse)
565 2608 646 2641 belli
667 2608 792 2641 Gallici
813 2609 900 2641 liber
918 2621 937 2641 v
955 2610 1098 2652 explicit
1114 2611 1155 2642 B.

312 2748 432 2792 Incipit
450 2752 587 2784 liberm
607 2754 688 2795 (sic)
707 2755 748 2787 B.
892 2756 904 2787 1
929 2755 1070 2788 multum
1091 2755 1222 2789 Caesar
1241 2757 1272 2788 b.
1399 2762 1585 2799 expectans
1604 2758 1645 2789 B.

311 2802 331 2832 2
350 2800 498 2834 Marcum
518 2804 558 2843 B,
580 2804 624 2836 M.
645 2816 680 2837 u.
822 2807 996 2839 Siluanum
1018 2808 1048 2839 b.
1210 2807 1329 2841 Gaium
1347 2809 1388 2850 B,
1410 2809 1447 2841 C.
1469 2820 1503 2841 u.

170 2850 280 2881 Titum
304 2851 341 2890 B,
364 2851 404 2883 T.
425 2862 459 2884 u.
