1835 3240
116 182 197 225 546
686 185 759 226 DE
791 183 980 226 BELLO
1013 183 1185 229 CIVILI

191 297 363 337 inflatius
386 296 575 339 Afranius
600 298 888 351 perscribebat,
929 313 972 338 se
995 314 1144 352 quoque
1167 300 1214 340 ad
1236 308 1364 341 motus
1389 302 1565 343 fortunae
1588 317 1669 342 mo-

117 364 170 407 18
195 378 285 404 uere
308 366 448 419 coepit.
492 365 696 405 Delectum
722 366 854 405 babuit
878 374 959 406 tota
981 368 1202 420 prouincia,
1227 368 1445 421 legionibus
1469 371 1669 423 eompletis

190 432 337 472 duabus
361 434 542 472 cobortes
567 433 725 472 circiter
744 441 846 473 XXX
867 434 1011 473 alarias
1035 434 1195 474 addidit.
1251 434 1454 476 Frumenti
1486 452 1667 490 magnum

189 514 391 540 numerum
416 500 558 553 coegit,
584 501 684 552 quod
704 498 1042 551 Massiliensibus,
1068 502 1159 541 item
1183 503 1284 555 quod
1307 502 1475 544 Afranio
1492 504 1669 546 Petreio-

187 582 262 619 que
293 568 480 607 mitteret.
524 566 662 607 Naues
695 568 832 623 longas
864 577 897 609 X
919 568 1125 609 Gaditanis
1158 577 1200 609 ut
1232 571 1411 610 facerent
1440 572 1660 626 imperauit,

139 636 165 675 2
187 636 407 688 complures
431 641 634 687 praeterea
658 634 809 690 Hispali
833 637 1031 677 faciendas
1055 637 1223 677 curauit.
1275 635 1485 678 Pecuniam
1516 655 1669 680 omnem

187 703 393 754 omniaque
417 710 648 743 ornamenta
671 717 723 743 ex
747 706 837 744 fano
861 704 1046 744 Herculis
1068 705 1106 744 in
1130 705 1308 758 oppidum
1333 703 1454 746 Gadis
1479 708 1665 747 contulit:

187 785 233 811 eo
256 784 331 810 sex
354 771 537 811 cohortes
560 771 743 825 praesidii
765 786 884 812 causa
906 787 958 813 ex
981 772 1183 826 prouincia
1206 773 1312 812 misit
1334 771 1550 826 Gaiumque
1575 772 1668 814 Gal-

184 838 347 887 lonium,
373 839 540 890 equitem
563 837 806 890 Romanum,
832 841 1059 881 familiarem
1083 839 1244 880 Domitii
1264 871 1274 889 ,
1299 841 1362 893 qui
1386 855 1431 880 eo
1455 855 1666 894 procuran-

183 907 254 946 dae
277 906 506 946 hereditatis
540 920 657 946 causa
691 915 854 948 uenerat
884 908 1028 948 missus
1051 922 1071 947 a
1095 907 1296 958 Domitio,
1330 908 1468 962 oppido
1492 906 1664 949 Gadibus

182 975 396 1025 praefecit3
437 988 545 1014 arma
577 975 706 1014 omnia
739 976 890 1029 priuata
913 991 958 1016 ac
982 976 1131 1029 publica
1154 975 1193 1015 in
1215 976 1367 1015 domum
1391 974 1549 1016 Galloni
1573 991 1665 1016 con-

135 1039 159 1078 3
185 1042 283 1082 tulit.
328 1040 417 1095 Ipse
440 1042 569 1082 habuit
593 1057 735 1096 graues
757 1043 796 1082 iu
820 1042 1034 1084 Caesarem
1059 1044 1279 1084 contiones.
1319 1041 1447 1097 Saepe
1470 1058 1522 1084 ex
1544 1044 1665 1084 tribu-

183 1110 261 1150 nali
285 1110 525 1163 praedicauit
546 1111 714 1151 aduersa
738 1108 950 1151 Caesarem
975 1112 1120 1165 proelia
1145 1112 1301 1161 fecisse,
1326 1125 1508 1164 magnum
1532 1126 1666 1152 nume-

181 1191 265 1217 rum
289 1177 335 1217 ab
360 1192 405 1217 eo
428 1179 593 1218 militum
616 1179 662 1218 ad
677 1179 881 1218 Afranium
907 1181 1148 1232 perfugisse:
1176 1180 1270 1219 liaeo
1292 1193 1334 1219 se
1357 1180 1474 1219 certis
1498 1180 1661 1229 nuntiis,

134 1244 160 1282 4
182 1246 300 1284 certis
334 1245 560 1285 auctoribus
592 1246 845 1299 comperisse.
892 1245 1044 1298 Quibus
1067 1247 1184 1286 rebus
1209 1248 1440 1300 perterritos
1464 1247 1561 1287 ciuis
1583 1246 1664 1286 Ro-

181 1326 317 1351 manos
349 1313 432 1352 eius
463 1313 693 1366 prouinciae
726 1313 800 1353 sibi
831 1314 878 1354 ad
910 1313 1187 1367 rempublicam
1219 1314 1566 1354 administrandam
1589 1313 1662 1355 HS

181 1386 338 1419 CLXXX
361 1387 400 1419 et
421 1381 575 1434 argenti
598 1381 724 1433 pondo
746 1388 813 1421 XX
834 1381 964 1431 milia,
996 1382 1117 1421 tritici
1139 1382 1288 1422 modios
1311 1390 1404 1422 CXX
1426 1382 1530 1423 milia
1554 1383 1663 1435 polli-

133 1453 157 1488 5
181 1448 262 1487 ceri
285 1448 429 1502 coegit.
475 1445 582 1500 Quas
606 1447 772 1490 Caesari
795 1463 882 1490 esse
905 1449 1050 1490 amicas
1074 1450 1256 1490 ciuitates
1279 1450 1567 1501 arbitrabatur,
1604 1451 1662 1490 his

180 1515 365 1568 grauiora
399 1530 520 1556 onera
551 1517 780 1571 iniungebat
801 1518 1074 1571 praesidiaque
1097 1532 1142 1558 eo
1165 1518 1379 1558 deducebat
1401 1525 1439 1558 et
1460 1518 1601 1559 iudicia
1622 1518 1662 1558 in

180 1584 354 1637 priuatos
377 1584 587 1634 reddebat,
628 1586 689 1638 qui
714 1585 832 1625 uerba
855 1593 970 1639 atque
994 1586 1213 1626 orationem
1237 1586 1429 1626 aduersus
1452 1586 1661 1640 rempubli—

178 1666 262 1691 cam
286 1651 539 1702 habuissent3
567 1667 699 1693 eorum
722 1653 821 1692 bona
846 1654 884 1692 in
908 1653 1100 1707 publicum
1123 1654 1343 1694 addicebat.
1406 1653 1660 1694 Prouinciam

130 1718 157 1759 6
178 1733 331 1759 omnem
364 1720 403 1760 in
435 1735 505 1760 sua
538 1728 573 1760 et
596 1719 773 1774 Pompeii
798 1721 917 1761 uerba
940 1722 1204 1761 iusiurandum
1229 1722 1425 1774 adigebat.
1479 1718 1660 1774 Cognitis

175 1788 224 1827 iis
246 1787 389 1837 rebus,
422 1802 521 1841 quae
545 1796 635 1828 sunt
656 1797 791 1842 gestae
814 1790 853 1829 iu
876 1790 1061 1829 citeriore
1084 1788 1289 1842 Hispania,
1315 1789 1456 1829 bellum
1482 1788 1656 1841 parabat.

174 1854 293 1895 Ratio
316 1863 446 1896 autem
470 1856 564 1896 haee
588 1864 672 1896 erat
692 1857 801 1907 belli,
828 1864 868 1896 ut
889 1871 933 1897 se
956 1872 1040 1896 cum
1064 1864 1091 1896 ΙΙ
1115 1857 1334 1910 legionibus
1359 1854 1481 1897 Gadis
1505 1858 1659 1896 confer—

174 1931 251 1973 ret,
277 1938 396 1964 naues
433 1925 746 1977 frumentumque
769 1938 883 1964 omne
915 1925 967 1964 ibi
1000 1925 1250 1965 contineret:
1284 1925 1524 1977 prouinciam
1558 1924 1659 1964 enim

172 2005 326 2032 omnem
350 1989 537 2032 Caesaris
561 1992 676 2032 rebus
699 1994 835 2032 fauere
859 2000 1113 2045 cognouerat.
1154 1991 1199 2032 In
1221 1993 1348 2033 insula
1373 1994 1566 2032 frumento
1590 2005 1659 2031 na-

123 2059 150 2100 7
174 2060 362 2112 uibusque
387 2060 622 2113 comparatis
644 2060 786 2100 bellum
810 2060 895 2099 duci
920 2074 996 2099 nou
1021 2060 1172 2100 difficile
1195 2061 1461 2101 existimabat.
1490 2058 1654 2108 Caesar,

171 2127 246 2167 etsi
270 2128 401 2168 multis
425 2128 739 2182 necessariisque
761 2127 878 2168 rebus
901 2128 940 2167 in
954 2126 1395 2177 Italiamreuocabatur‚
1422 2135 1550 2167 tamen
1565 2141 1656 2166 cou-

170 2196 355 2235 stituerat
376 2196 519 2236 nullam
544 2203 692 2250 partem
714 2196 806 2236 belli
828 2195 867 2235 in
889 2195 1091 2249 Hispaniis
1114 2197 1337 2249 relinquere
1356 2227 1365 2245 ‚
1391 2196 1492 2248 quod
1516 2207 1655 2248 magna

170 2276 259 2303 esse
280 2262 458 2319 Pompeii
489 2264 681 2304 beneficia
713 2270 752 2304 et
773 2277 935 2317 magnas
959 2264 1163 2304 clientelas
1186 2264 1223 2303 in
1248 2263 1431 2303 citeriore
1455 2261 1657 2315 prouincia

95 2326 147 2370 19
171 2327 334 2367 sciebat.
379 2327 516 2381 ltaque
539 2329 688 2368 duabus
711 2327 929 2380 legionibus
952 2327 1083 2366 missis
1113 2327 1151 2366 in
1177 2326 1402 2366 ulteriorem
1427 2324 1655 2378 Hispaniam

315 2420 328 2453 1
352 2420 610 2462 praescribebat
629 2431 663 2452 a.
825 2424 935 2451 motus
954 2430 975 2451 a
990 2420 1019 2459 b,
1041 2424 1164 2450 motum
1184 2429 1219 2450 u.
1399 2417 1418 2448 2
1439 2416 1600 2447 dilectum
1620 2426 1654 2447 α.

311 2473 332 2503 4
351 2471 575 2514 Pompeioque
596 2482 615 2502 a
638 2472 733 2503 ί17733.
754 2470 797 2503 7’.
959 2473 977 2502 5
1001 2470 1129 2502 faceret
1149 2471 1178 2502 b.
1368 2469 1385 2501 6
1406 2469 1599 2510 cumplures
1619 2478 1651 2499 a.

312 2522 443 2565 Hispali
463 2524 502 2555 P.
524 2524 722 2563 Manutius,
746 2524 777 2555 in
800 2523 931 2565 Hispali
951 2523 1041 2554 codd
1203 2522 1220 2554 7
1242 2521 1345 2553 Gadis
1367 2520 1651 2561 ‘tiis.5ple7·1’que’,

170 2570 282 2603 Gades
301 2582 335 2603 α.
542 2576 561 2605 8
582 2573 769 2616 Gaiumque
790 2573 981 2606 Gallonium
1000 2584 1033 2612 a,
1055 2572 1174 2604 Gaium
1196 2572 1385 2603 Gallonium
1408 2573 1447 2609 b;
1469 2571 1654 2612 Gaiumque

170 2621 365 2656 Gallonium
385 2635 419 2657 11.
562 2625 598 2657 ll
621 2625 756 2657 Galloni
776 2636 809 2657 α.
953 2625 993 2657 12
1011 2626 1194 2656 conciones
1215 2625 1280 2666 (a).
1433 2626 1470 2656 15
1492 2624 1654 2666 perterri-

170 2674 216 2706 tis
235 2685 267 2715 α,
289 2677 494 2718 perterritus
515 2676 547 2708 b.
688 2677 774 2708 cinis
795 2676 858 2708 ab.
1016 2677 1054 2708 16
1077 2676 1144 2718 HS]
1165 2676 1219 2707 CH
1239 2687 1273 2708 α.
1433 2676 1471 2708 18
1491 2676 1652 2707 Caesaris

170 2736 190 2757 α
204 2726 264 2758 be.
404 2727 454 2758 his
473 2737 493 2757 a
513 2725 590 2757 edd.
609 2730 693 2757 ante
711 2726 794 2758 ΑΜ.
808 2751 818 2766 ,
838 2726 879 2757 iis
898 2726 1012 2757 Aldus
1031 2737 1064 2757 ιι.
1219 2727 1261 2758 20
1282 2726 1456 2758 orationes
1478 2727 1508 2757 b.

169 2776 210 2811 21
233 2777 409 2819 prouincia
428 2787 462 2808 a.
604 2777 646 2810 23
666 2777 716 2808 liis
735 2787 769 2808 α.
912 2778 954 2810 22
974 2777 1060 2807 ratio
1080 2777 1166 2808 euim
1188 2778 1271 2808 liaeo
1291 2783 1363 2808 erat
1383 2778 1399 2808 b
1414 2788 1442 2818 e,
1465 2777 1550 2809 ratio
1570 2777 1652 2808 haec

172 2829 261 2860 enim
280 2835 356 2861 erat
373 2840 408 2861 a.
551 2826 656 2860 Gadis
675 2839 695 2859 a
714 2832 751 2860 et
768 2829 839 2859 ‘laic
856 2831 892 2859 elv
906 2829 1002 2869 [asra
1024 2829 1041 2860 b
1060 2832 1092 2860 et
1107 2829 1271 2871 plerique
1290 2829 1385 2861 7115ss
1527 2829 1570 2864 28
1588 2828 1653 2860 lta-

171 2879 218 2910 lia
238 2890 271 2911 a.
412 2880 451 2913 31
473 2878 680 2923 Hyspaniaui
703 2890 735 2911 a.

1697 582 1714 612 5

1702 916 1739 948 10

1693 1592 1735 1625 20

1688 2269 1730 2301 30
