1835 3240
92 569 110 600 δ’(

63 907 103 940 10

61 1248 101 1280 15

679 174 867 219 CAPVT
886 175 941 218 29
952 201 1005 207 —
1019 176 1088 218 31.
1617 177 1699 220 735

145 299 211 333 aut
230 291 277 332 ab
300 290 462 330 excelso
483 290 571 330 loco
593 297 662 330 aut
682 290 729 331 ab
751 290 890 345 oppido
913 289 1174 331 discederent.
1208 288 1351 330 Nostri
1373 292 1468 344 pede
1486 307 1623 346 presso

141 358 298 414 propius
319 358 448 398 riuum
470 372 557 398 cum
579 357 984 413 adpropinquassent,
1017 356 1237 398 aduersarii
1268 359 1504 411 patrocinari
1536 361 1622 402 loco

138 426 272 480 iniquo
293 440 373 466 non
395 426 593 467 desinunt.
637 424 738 465 Erat
758 425 865 466 acies
886 432 967 466 XIII
989 425 1129 481 aquilis
1152 426 1381 476 constituta,
1406 440 1505 479 quae
1528 428 1623 468 late·
1642 428 1701 474 30

137 493 246 534 ribus
269 494 445 548 equitatu
464 493 675 547 tegebatur
695 507 781 533 cum
803 492 879 532 leui
903 500 1103 533 armatura
1124 492 1278 534 milibus
1300 507 1390 542 sex,
1415 502 1624 548 praeterea

141 562 357 602 auxiliares
372 561 611 602 accedebant
626 574 744 614 prope
757 561 922 600 alterum
940 567 1088 601 tantum
1104 577 1114 611 3
1140 568 1276 602 nostra
1289 561 1483 615 praesidia
1496 570 1627 604 LXXX

138 629 366 670 cohortibus
388 636 427 669 et
447 634 541 669 V1111
561 628 717 668 milibus
748 628 935 681 equitum.
979 626 1037 668 Ita
1070 643 1156 668 cum
1186 629 1227 669 in
1256 636 1435 670 extrema
1457 630 1624 684 planicie
1646 631 1673 672 2

136 697 280 738 inicum
300 697 341 737 in
362 696 490 737 locum
509 696 637 736 nostri
659 696 1054 750 appropinquassent,
1078 703 1238 750 paratus
1261 697 1384 738 hostis
1403 705 1488 738 erat
1508 712 1626 752 supe-

137 765 237 815 rior,
261 771 306 804 ut
326 764 611 805 transeundum
633 764 816 818 superius
838 764 916 803 iter
939 763 1196 805 uehementer
1218 772 1324 806 esset
1340 765 1620 819 periculosum.

135 830 253 885 Quod
274 846 361 873 cum
383 847 405 873 a
427 829 604 873 Caesare
626 839 735 872 esset
756 831 1071 872 animaduersum
1085 862 1096 882 ,
1130 845 1180 872 ne
1212 833 1303 888 quid
1334 840 1482 875 temere
1511 833 1625 888 culpa
1646 834 1671 875 3

134 913 249 941 secus
271 901 562 951 admitteretur,
588 915 674 941 eum
704 900 831 941 locum
863 899 1026 940 definire
1048 898 1190 953 coepit.
1235 897 1348 952 Quod
1381 915 1469 941 cum
1502 902 1624 942 homi·
1645 901 1672 942 4

136 983 227 1008 num
249 969 411 1009 auribus
434 976 542 1010 esset
563 968 784 1018 obiectum,
819 968 986 1008 moleste
1007 974 1044 1008 et
1066 967 1207 1008 acerbe
1237 968 1482 1022 accipiebant
1502 970 1625 1024 impe-

135 1035 225 1086 diri,
251 1050 326 1092 quo
348 1037 475 1076 minus
492 1036 681 1090 proelium
699 1036 893 1076 conficere
912 1042 1089 1089 possent.
1124 1034 1234 1075 Haec
1248 1050 1357 1076 mora
1370 1037 1622 1078 aduersarios

133 1104 349 1145 alacriores
372 1104 588 1145 efficiebat:
624 1100 811 1144 Caesaris
841 1103 973 1157 copias
1004 1106 1144 1144 timore
1175 1104 1355 1157 impediri
1378 1104 1423 1144 ad
1448 1106 1625 1145 commit-

133 1172 293 1214 tendum
316 1172 523 1226 proelium.
565 1170 625 1212 Ita
647 1186 690 1213 se
711 1172 922 1212 efferentes
944 1172 1078 1225 iniquo
1099 1172 1189 1212 loco
1210 1172 1270 1212 sui
1294 1178 1527 1226 potestatem
1547 1174 1625 1213 effi-
1647 1172 1672 1214 5

134 1240 304 1290 ciebant,
329 1247 373 1281 ut
393 1254 534 1294 magno
557 1247 688 1280 tamen
711 1239 883 1294 periculo
906 1253 1092 1281 accessus
1115 1254 1252 1280 eorum
1274 1240 1502 1281 haberetur.
1550 1241 1623 1282 Hic
1644 1240 1671 1282 6

135 1308 340 1349 decumani
361 1322 471 1349 suum
493 1308 618 1348 locum
634 1338 645 1357 ,
681 1322 806 1348 cornu
827 1309 1010 1348 dextrum
1026 1339 1036 1359 ,
1063 1308 1266 1358 tenebant,
1291 1308 1495 1349 sinistrum
1518 1316 1564 1349 III
1586 1316 1626 1349 et

133 1383 163 1417 V
183 1376 285 1431 legio
307 1376 478 1430 itemque
509 1383 549 1417 et
579 1383 712 1417 cetera
733 1377 883 1417 auxilia
915 1383 954 1416 et
975 1376 1188 1433 equitatus.
1232 1374 1429 1416 Proelium
1452 1376 1627 1418 clamore

134 1445 238 1485 facto
260 1444 530 1487 committitur.
575 1443 653 1485 Hic
675 1444 749 1485 etsi
765 1444 911 1485 uirtute
929 1444 1054 1485 nostri
1069 1444 1371 1494 antecedebant,
1397 1444 1615 1486 aduersarii
1639 1444 1691 1490 31

133 1513 219 1553 loco
251 1513 455 1567 superiore
483 1527 527 1553 se
554 1512 824 1566 'defendebant
855 1513 1073 1563 acerrime,
1108 1520 1148 1553 et
1178 1512 1393 1553 uehemens
1426 1513 1544 1553 fiebat
1574 1513 1622 1554 ab

56 1588 99 1621 20
129 1582 309 1636 utrisque
330 1581 478 1622 clamor
498 1580 741 1635 telorumque
763 1581 886 1622 missu
909 1594 1126 1622 concursus
1141 1611 1152 1630 ,
1187 1581 1244 1621 sic
1277 1588 1321 1621 ut
1351 1595 1472 1636 prope
1493 1582 1622 1622 nostri

56 1929 99 1961 25

133 1650 352 1691 diffiderent
382 1649 588 1690 uictoriae.
633 1647 887 1705 Congressus
920 1650 1025 1690 enim
1055 1656 1095 1689 et
1122 1648 1295 1699 clamor,
1330 1648 1470 1702 quibus
1501 1649 1619 1691 rebus
1640 1648 1668 1688 2

131 1718 303 1758 maxime
326 1718 451 1759 hostis
473 1724 746 1769 conterretur,
770 1717 810 1757 in
833 1717 978 1758 collatu
999 1718 1082 1772 pari
1106 1724 1219 1758 erant
1240 1717 1487 1758 condicione.
1540 1716 1621 1758 Ita·
1643 1716 1669 1757 3

132 1799 208 1839 que
230 1799 282 1826 ex
304 1793 471 1840 utroque
493 1799 639 1840 genere
661 1799 816 1840 pugnae
838 1800 925 1826 cum
947 1800 1081 1840 parem
1114 1786 1299 1827 uirtutem
1321 1786 1368 1826 ad
1396 1786 1621 1826 bellandum

132 1854 411 1905 contulissent,
435 1855 602 1909 pilorum
622 1854 746 1895 missu
768 1855 850 1895 fixa
871 1854 1093 1895 cumulatur
1114 1861 1154 1895 et
1174 1854 1347 1895 concidit
1368 1854 1619 1895 aduersario-

130 1935 215 1962 rum
246 1923 467 1963 multitudo.
511 1921 710 1963 Dextrum
742 1922 1097 1964 demonstrauimus
1130 1922 1368 1963 decumanos
1400 1936 1526 1963 cornu
1559 1930 1618 1963 te-
1640 1922 1667 1962 4

133 1990 289 2041 nuisse3
325 1990 389 2043 qui
411 1991 484 2031 etsi
507 1997 621 2031 eraut
642 1991 772 2046 pauci,
797 1997 926 2030 tamen
950 1997 1111 2045 propter
1130 1991 1317 2032 uirtutem
1340 2005 1482 2044 magno
1502 1990 1643 2031 aduer-

133 2058 261 2099 sarios
282 2059 422 2098 timore
444 2071 578 2099 eorum
601 2072 717 2113 opera
737 2058 985 2108 adliciebant,
1010 2059 1113 2112 quod
1129 2073 1150 2099 a
1168 2073 1240 2100 suo
1254 2059 1340 2098 loco
1354 2059 1488 2099 hostes
1503 2059 1622 2099 uehe-

131 2134 287 2167 menter
308 2140 486 2181 premere
508 2134 748 2180 coeperunt,
784 2133 826 2166 ut
857 2126 905 2167 ad
926 2126 1165 2174 subsidium,
1202 2139 1249 2166 ne
1279 2125 1326 2166 ab
1349 2127 1473 2167 latere
1495 2127 1623 2167 nostri

131 2201 386 2250 occuparent,
411 2194 513 2248 legio
530 2194 852 2236 aduersariorum
875 2194 1027 2235 traduci
1045 2201 1184 2249 coepta
1205 2195 1258 2235 sit
1280 2208 1302 2235 a
1323 2194 1479 2235 dextro.
1506 2192 1621 2248 Quae
1643 2193 1668 2235 5

275 2264 290 2297 1
306 2269 366 2296 aut
385 2264 505 2307 oppido
524 2275 545 2297 α
559 2265 590 2297 b.
753 2264 1132 2307 2(adpropinquasseut
1149 2263 1185 2305 α)
1198 2264 1435 2296 accessissent
1446 2264 1478 2296 b.

131 2317 152 2348 4
170 2316 343 2358 equitatus
361 2316 502 2357 tegebat
521 2317 552 2348 b.
693 2316 860 2348 militibus
879 2326 913 2348 a.
1057 2317 1074 2347 5
1093 2325 1197 2358 prope
1217 2315 1259 2347 ad
1278 2315 1426 2347 alterum
1446 2315 1478 2346 b.

132 2367 151 2399 6
170 2372 203 2400 et
219 2378 288 2400 om.
311 2369 328 2400 b
350 2368 368 2400 3
387 2368 474 2401 dett.
622 2379 696 2401 vnn
715 2379 749 2409 a,
770 2379 803 2401 ix
824 2369 841 2400 b
860 2379 877 2399 c
896 2369 914 2400 4
934 2368 1021 2400 dett.
1037 2379 1048 2408 ‚·
1067 2378 1127 2400 vin
1146 2378 1181 2400 u.
1333 2368 1405 2400 mil.
1425 2378 1458 2409 a,
1478 2368 1621 2411 miliaf.

275 2420 294 2453 7
313 2421 437 2452 inicum
455 2430 488 2452 a.
646 2421 679 2452 iu
698 2431 766 2452 om.
789 2421 820 2452 b.
971 2420 992 2452 8
1009 2419 1254 2452 transeundum
1271 2430 1292 2451 a
1313 2420 1343 2461 b,
1365 2420 1568 2452 transeundi
1586 2430 1622 2453 u.

275 2472 294 2504 9
313 2471 413 2514 culpa
431 2483 453 2504 a
473 2473 490 2504 b
510 2483 538 2513 e,
560 2473 658 2515 culpa
679 2482 739 2504 sua
760 2483 794 2504 u.
948 2472 984 2504 11
1008 2471 1178 2503 abiectum
1200 2472 1232 2503 b.
1374 2471 1532 2514 impediri
1548 2482 1570 2503 a
1589 2472 1619 2511 b,

133 2530 169 2552 sc
188 2521 343 2563 impediri
363 2533 399 2554 u.
566 2525 605 2557 14
625 2523 816 2556 efficiebant
833 2533 854 2554 a
874 2523 904 2563 b,
928 2521 1104 2554 faciehant
1122 2532 1157 2554 u.
1322 2522 1363 2555 17
1382 2523 1531 2565 itemque
1550 2528 1585 2554 et
1602 2532 1623 2554 a

135 2573 257 2615 ‘mss.',
278 2575 425 2618 itemque
443 2588 478 2609 u.
627 2577 757 2609 auxilia
776 2576 950 2619 equitatus
968 2586 989 2607 a
1010 2573 1120 2608 ‘mss.’
1263 2575 1304 2608 18
1323 2575 1530 2618 aduersarii]
1551 2586 1587 2607 se
1605 2586 1622 2606 e

134 2636 212 2658 cum
228 2627 248 2657 2
267 2626 354 2658 dett.
376 2627 458 2660 add.
478 2638 514 2660 u.
658 2628 697 2661 19
712 2638 748 2660 se
765 2637 830 2670 ego
847 2627 1027 2668 suppleui.
1169 2627 1212 2660 20
1226 2627 1334 2658 nostri
1353 2637 1422 2659 om.
1445 2627 1476 2658 b.

132 2677 168 2711 21
193 2677 351 2708 different
367 2688 402 2718 a,
422 2678 601 2711 differrent
620 2679 650 2711 b.
843 2678 887 2709 22
904 2682 1002 2709 erant
1018 2677 1148 2719 Aldus,
1172 2682 1248 2709 erat
1266 2689 1286 2709 α
1308 2678 1339 2710 b.
1519 2678 1568 2708 ita
1587 2678 1620 2710 b.

275 2728 318 2760 23
337 2739 468 2771 pugnae
486 2739 555 2762 om.
577 2731 609 2762 b.
766 2730 810 2763 24
828 2729 952 2761 missus
971 2739 992 2760 a
1014 2729 1111 2761 ‘mss
1132 2728 1176 2762 4’.
1333 2730 1375 2761 ‘25
1395 2726 1564 2769 dextrum]
1586 2733 1622 2760 ut

132 2779 215 2812 add.
236 2790 257 2811 a
277 2781 308 2812 b.
446 2778 489 2813 27
508 2780 728 2822 (adliciebant
746 2781 784 2825 a)
803 2781 996 2814 efficiebant
1015 2782 1045 2814 b.
1191 2782 1234 2815 28
1253 2792 1313 2813 nec
1331 2792 1364 2812 α.
1506 2781 1548 2814 29
1566 2792 1621 2813 oc-

134 2836 340 2873 cuparentur
357 2830 423 2871 (b).
575 2831 644 2873 legi
662 2843 696 2865 a.
840 2838 983 2876 coeptae
1002 2843 1035 2865 α.
1180 2843 1198 2864 a
1218 2833 1338 2864 dextro
1359 2830 1614 2874 Glandorpz'us,

133 2882 176 2914 ad
195 2883 348 2916 dextrum
368 2882 470 2916 codd.
490 2882 531 2916 P.
550 2883 630 2917 243.
