1835 3240
86 154 168 200 364
607 159 682 202 DE
713 159 903 203 BELLO
937 157 1186 202 GALLICO

164 273 266 324 quod
287 272 460 313 hibernis
482 274 650 324 leuetur,
676 272 890 314 etCaesari
915 287 983 326 pro
1007 273 1089 312 eius
1112 274 1260 313 meritis
1282 273 1448 328 gratiam
1471 273 1636 313 referre.

86 339 145 383 28
170 338 253 380 Hac
275 342 454 382 oratione
477 341 606 382 habita
629 341 791 380 discedit
808 339 1033 379 Ambiorix.
1069 339 1281 392 Arpineius
1303 347 1342 380 et
1362 339 1515 387 Iunius,
1541 353 1640 393 quac

164 408 396 459 audierunt,
432 410 478 449 ad
501 410 650 462 legatos
674 408 868 446 deserunt.
912 405 971 446 Illi
1003 407 1207 460 repemina
1229 420 1273 446 re
1295 407 1532 459 perturbati,
1566 407 1641 447 etsi

163 475 210 515 ab
234 476 344 516 hoste
367 490 412 516 ea
435 476 679 523 dicebantur,
705 481 836 514 tamen
858 488 935 513 non
957 474 1200 528 neglegenda
1220 473 1500 514 existimabant
1516 475 1642 515 maxi-

165 556 302 596 meque
325 544 394 583 liac
418 557 459 583 re
483 541 827 595 permouebantur,
853 542 953 594 quod
976 542 1173 581 ciuitatem
1198 541 1407 595 ignobilem
1429 548 1546 594 atque
1569 542 1635 582 bu-

165 610 296 650 milem
318 610 546 649 Eburonum
569 623 641 648 sua
663 616 800 662 sponte
822 609 963 662 populo
986 608 1166 648 Romano
1193 609 1336 649 bellum
1358 609 1488 648 facere
1510 623 1644 649 ausam

119 677 147 718 2
167 677 239 717 uix
261 685 346 717 erat
364 676 613 716 credendum.
648 675 785 728 Itaque
809 677 855 715 ad
880 676 1085 716 consilium
1109 689 1189 716 rem
1209 678 1402 725 deferunt,
1429 690 1643 729 magnaque

121 742 146 783 3
168 744 272 783 inter
294 758 360 784 eos
383 744 542 784 exsistit
564 744 849 784 controuersia.
876 743 1023 784 Lucius
1046 743 1337 783 Aurunculeius
1360 743 1644 796 conpluresque

166 811 310 851 tribuni
343 812 505 851 militum
538 819 575 851 et
608 812 817 865 primorum
852 813 1029 851 ordinum
1065 812 1319 852 centuriones
1362 810 1458 850 nibil
1499 816 1646 850 temere

174 880 366 931 agendum
390 893 514 932 neque
537 893 590 919 ex
620 880 792 919 hibernis
816 880 966 920 iniussu
989 877 1175 919 Caesaris
1199 879 1474 919 discedendum
1498 877 1647 918 existu-

121 944 148 983 4
169 946 350 986 mabant:
376 947 621 1000 quantasuiS,
647 962 807 1001 magnas
830 948 944 988 etiam
961 979 970 997 ,
997 948 1128 1001 copias
1153 945 1438 987 Germanorum
1461 945 1649 986 sustineri

170 1027 285 1067 posse
308 1015 467 1055 munitis
492 1015 665 1054 hibernis
680 1015 873 1055 docebant
894 1029 975 1055 rem
992 1029 1079 1056 esse
1103 1015 1345 1063 testimonio,
1371 1014 1470 1066 quod
1484 1013 1648 1067 primum

168 1082 337 1122 hostium
370 1083 556 1136 impetum
587 1083 717 1122 multis
750 1083 850 1122 ultro
884 1082 1111 1122 uulneribus
1144 1082 1274 1122 inlatis
1297 1082 1508 1122 fortissime
1530 1081 1650 1121 susti-

122 1149 147 1190 5
170 1151 328 1190 nuerint
347 1167 355 1190 :
381 1164 423 1190 re
447 1151 702 1191 frumentaria
725 1165 801 1190 non
822 1151 968 1204 premi3
992 1151 1143 1191 interea
1166 1158 1205 1189 et
1227 1164 1277 1190 ex
1301 1148 1502 1202 proxumis
1523 1148 1652 1188 hiber-

124 1217 150 1258 6
172 1218 232 1258 nis
257 1225 294 1258 et
317 1232 338 1258 a
361 1215 535 1258 Caesare
559 1225 800 1258 conuentura
826 1218 1022 1258 subsidia:
1060 1225 1258 1271 postremo
1288 1218 1376 1269 quid
1408 1230 1495 1256 esse
1525 1216 1651 1256 leuius

172 1291 239 1325 aut
262 1286 434 1338 turpius,
470 1300 582 1338 quam
615 1293 775 1325 auctore
798 1286 909 1325 hoste
942 1286 986 1324 de.
1009 1285 1170 1325 summis
1192 1285 1307 1324 rebus
1331 1297 1470 1336 capere
1493 1283 1652 1322 eonsili-

97 1351 153 1396 29
176 1353 266 1391 um?
308 1351 458 1393 Contra
491 1366 537 1392 ea
560 1352 740 1393 Titurius
771 1367 862 1392 sero
885 1354 1058 1392 facturos
1082 1352 1328 1400 clamitabat,
1365 1365 1450 1390 cum
1483 1350 1653 1391 maiores

172 1433 310 1459 manus
336 1419 501 1460 hostium
524 1421 719 1460 adiunctis
743 1419 952 1461 Germanis
975 1420 1282 1468 conuenissent,
1315 1425 1381 1458 ant
1402 1432 1486 1457 cum
1510 1416 1654 1470 aliquid

173 1487 406 1527 calamitatis
428 1488 467 1527 in
490 1488 680 1541 proximis
705 1488 878 1528 hibernis
902 1495 1008 1528 esset
1037 1494 1254 1540 acceptum.
1307 1483 1480 1525 Breuem
1512 1498 1654 1524 cousu-

125 1554 152 1596 2
173 1555 276 1595 lendi
300 1569 388 1596 esse
410 1556 674 1596 occasionem.
740 1554 952 1596 Caesarem
975 1556 1158 1596 arbitrari
1181 1554 1392 1608 profectum
1415 1553 1455 1592 in
1477 1550 1652 1602 Italiam,

174 1636 300 1676 neque
322 1624 437 1663 aliter
450 1621 647 1665 Carnutes
670 1623 1126 1677 interficiundi'l‘asgetii
1151 1622 1356 1662 consilium
1378 1621 1500 1660 fuisse
1523 1626 1655 1672 captu-

174 1705 259 1740 ros,
285 1704 408 1744 neque
430 1690 655 1741 Eburones,
681 1692 714 1732 si
736 1692 801 1732 ille
824 1692 997 1740 adesset,
1023 1697 1130 1731 tanta
1151 1688 1441 1742 contemptione
1464 1687 1589 1727 nostri
1608 1686 1656 1726 ad

130 1757 155 1798 3
175 1765 306 1799 castra
329 1767 518 1799 uenturos
542 1774 644 1800 esse.
688 1759 783 1800 Non
806 1759 954 1799 hostem
978 1766 1174 1798 auctorem
1192 1787 1202 1806 ‚
1237 1756 1305 1796 sed
1336 1769 1418 1795 rem
1451 1761 1653 1808 spectare:

177 1826 339 1867 subesse
360 1826 568 1877 Rhenum3
607 1842 747 1882 magno
780 1840 868 1867 esse
892 1825 1104 1867 Germanis
1127 1824 1252 1865 dolori
1273 1822 1467 1862 Ariouisti
1490 1828 1655 1861 mortem

128 1893 156 1934 4
176 1901 216 1935 et
236 1895 462 1949 superiores
485 1902 640 1936 nostras
663 1896 875 1945 uietorias3
901 1895 1040 1934 ardere
1053 1892 1221 1933 Galliam
1244 1898 1303 1931 tot
1324 1889 1570 1930 contumeliis
1592 1902 1656 1928 ac·
1687 1896 1694 1908 ‘
1713 1897 1726 1912 ⁷

177 1962 298 2017 ceptis
320 1963 392 2004 sub
414 1963 544 2018 populi
565 1963 734 2004 Romani
766 1963 969 2018 imperium
997 1961 1195 2001 redactam
1228 1958 1429 2013 superiore
1452 1956 1574 2011 gloria
1596 1956 1656 1997 rei

319 2085 340 2118 2
360 2084 521 2116 discessit
541 2085 572 2116 b.
740 2084 908 2127 Arpineus
927 2083 999 2115 ΑΒ
1015 2084 1083 2115 CI)
1097 2083 1114 2114 b
1127 2093 1144 2113 c
1162 2080 1222 2123 (de
1238 2082 1312 2112 suis
1332 2078 1432 2110 codd.
1456 2077 1543 2109 ond.
1564 2079 1658 2107 reete

176 2135 225 2168 ad
240 2135 296 2176 27,
321 2137 349 2176 l,
371 2137 428 2168 lzz'c
445 2139 561 2169 minus
580 2140 747 2169 accurate
766 2136 919 2168 trade'dc't
935 2135 1118 2178 Arpineius
1138 2137 1172 2165 ῐη
1193 2135 1238 2164 iis
1258 2130 1356 2173 legi),
1378 2129 1538 2171 Arpinius
1557 2139 1586 2159 e.

177 2187 196 2220 3
216 2189 399 2221 audierunt
415 2190 445 2221 B
463 2190 558 2221 ‘mss
573 2189 765 2231 plerz‘que'5
785 2188 967 2220 audierant
984 2198 1000 2218 e
1019 2190 1053 2218 et
1071 2186 1148 2217 edel.
1170 2188 1253 2216 ante
1267 2183 1463 2216 Cellarz'um
1477 2206 1486 2221 ,
1508 2190 1659 2222 quocum

179 2241 353 2272 audierint
372 2252 404 2273 η.
560 2243 581 2274 4
600 2246 711 2273 tamen
733 2252 795 2272 non
815 2240 886 2272 AB
901 2241 977 2280 Ce,
1001 2250 1064 2270 non
1085 2243 1195 2269 tamen
1214 2247 1249 2267 u.
1399 2232 1610 2274 neglegenda
1628 2232 1660 2263 A

183 2291 253 2323 CI)
272 2295 310 2323 et
323 2302 460 2333 semper
476 2293 528 2333 B,
550 2303 618 2324 71on
640 2292 855 2333 negligenda.
975 2291 995 2321 8
1012 2290 1127 2321 extitit
1146 2285 1380 2319 controuersia
1401 2285 1437 2325 b,
1459 2287 1658 2315 controuer-

180 2343 232 2374 sia
251 2348 326 2374 orta
346 2348 453 2382 esta,
476 2344 577 2374 exiis
598 2348 648 2375 tot
666 2344 780 2375 causis
800 2341 1037 2374 controuersia
1057 2345 1130 2371 orta
1151 2343 1202 2370 est
1220 2337 1254 2369 d.
1460 2334 1589 2365 Lucius
1608 2333 1657 2373 B,

179 2393 220 2425 L.
240 2404 275 2425 u.
409 2393 658 2436 conpluresque
677 2396 719 2426 Β.
840 2393 880 2424 10
901 2391 1156 2423 existumabant
1172 2389 1257 2420 BD.
1376 2386 1412 2418 11
1435 2384 1605 2416 sustinere
1627 2383 1656 2414 b.

325 2444 363 2476 13
383 2444 500 2475 inlatis
519 2445 561 2475 B.
706 2446 744 2477 14
764 2443 936 2486 proxumis
955 2442 1039 2474 AB.
1173 2440 1211 2472 15
1233 2438 1310 2480 quid
1330 2447 1406 2468 esse
1429 2436 1445 2467 b
1461 2435 1558 2475 ede,
1581 2434 1661 2476 quid

179 2499 272 2526 esset
289 2495 319 2526 B
340 2495 492 2526 ‘noterit
667 2495 707 2527 ⁴16
729 2505 851 2537 caparc
869 2505 916 2525 m.
932 2503 991 2534 pr.
1011 2493 1053 2523 B.
1220 2490 1259 2521 18
1277 2497 1394 2519 manus
1414 2487 1561 2518 hostium
1579 2486 1609 2517 B
1627 2488 1662 2517 et

184 2545 262 2577 edd.
283 2548 368 2576 anre
386 2555 407 2576 υ
422 2569 431 2584 ‚
451 2555 540 2585 quac
561 2548 667 2577 lacz'te
686 2546 831 2576 hostium
851 2554 984 2575 manus.
1125 2541 1199 2580 aut]
1219 2544 1256 2571 ut
1274 2539 1303 2570 B
1317 2540 1344 2570 C
1357 2538 1402 2568 D.
1552 2537 1591 2570 21
1614 2537 1664 2568 in-

183 2596 505 2630 terficiundiABD
519 2597 555 2637 b,
578 2607 647 2628 non
666 2596 907 2629 interficiendi.
1017 2593 1060 2627 22
1079 2597 1174 2624 tanta
1192 2592 1263 2623 AB
1280 2590 1397 2629 CDIJ,
1420 2594 1515 2620 tanta
1534 2599 1607 2621 cum
1626 2599 1661 2620 u.

327 2648 544 2679 contentione
566 2647 840 2690 ‘msaplure'mi'
860 2650 893 2678 et
912 2655 989 2676 eum
1002 2646 1138 2685 puncto
1157 2643 1220 2674 sub
1239 2641 1391 2673 secunda
1411 2652 1428 2671 n
1449 2644 1485 2671 et
1500 2651 1517 2682 p
1532 2651 1600 2672 sec.
1614 2651 1661 2672 m.

184 2710 343 2743 suprasc.
363 2700 405 2731 B.
634 2699 677 2730 23
696 2702 852 2740 spectare
871 2707 908 2735 e,
930 2699 1111 2737 expectare
1129 2695 1159 2725 B
1179 2694 1238 2724 ‘eoe
1256 2695 1341 2724 meis
1359 2703 1440 2724 mss.
1463 2691 1507 2724 θ’.

185 2756 229 2787 24
246 2762 401 2793 magnum
418 2751 462 2783 A.
604 2749 792 2782 Germanos
814 2749 844 2780 b.
997 2746 1125 2778 doloris
1145 2746 1190 2777 D.
1353 2742 1519 2776 Ariouisti
1538 2747 1663 2774 sortem

192 2805 397 2836 Clanarius.
537 2800 578 2833 26
598 2800 720 2843 populo
739 2799 886 2831 Romano
907 2809 935 2830 e.
1099 2795 1239 2839 imperio
1260 2796 1290 2826 b.
1455 2793 1664 2836 superiorem

189 2856 329 2897 gloriam
349 2854 408 2886 de.

1680 884 1720 917 10

1684 1222 1724 1254 15

1685 1558 1728 1593 20
