1835 3240
669 168 1095 212 —237—

131 287 309 329 omnibus
339 284 582 325 calamitates
615 284 850 336 perferrent.
887 281 1116 336 Sequuntur
1137 282 1258 323 haec:
1296 280 1396 334 ‘Qui
1419 284 1618 336 legionum

131 363 188 398 tot
207 356 373 408 impetus
397 358 667 393 sustentantes
683 382 693 400 ,
731 352 933 391 nocturnis
956 351 1188 403 diurnisque
1210 349 1450 404 temporibus
1473 352 1619 403 gladion

127 438 210 463 rum
234 422 335 462 ictus
360 422 602 473 telorumque
624 419 768 458 missus
792 425 1069 472 expectantes,
1094 418 1223 459 relicti
1246 425 1286 458 et
1307 418 1453 457 deserti
1470 417 1619 459 aPom-³

128 491 232 544 peio,
256 496 322 530 tua
344 490 491 529 uirtute
513 487 685 542 superati
707 487 872 526 salutem
896 501 916 527 a
939 494 1006 526 tua
1030 484 1238 527 clementia
1259 486 1530 538 deposcimus,
1556 500 1621 540 pe-

126 558 242 597 timus
257 589 267 607 ,
302 564 345 597 ut
377 558 531 610 qualem
559 586 682 596 .....
708 554 891 608 gentibus
914 567 975 593 me
997 554 1200 607 praestiti,
1226 553 1390 593 similem
1414 553 1455 593 in
1477 554 1620 594 ciuium

128 625 324 665 deditione
347 623 585 678 praestabo‘.
622 622 859 663 ‘Nocturnis
882 622 1110 675 diurnisque
1123 620 1375 675 temporibus'
1399 621 1539 675 scripsi
1552 635 1620 675 pro

129 692 358 745 ‘operibus',
385 707 482 746 quae
504 699 546 732 ut
568 691 729 731 tolerari
752 697 930 744 possent,
956 690 1052 730 haec
1075 689 1194 730 uerba
1217 689 1488 743 superioribus
1508 696 1621 729 erant

127 760 393 813 adiungenda:
421 760 604 814 operibus
628 759 730 799 enim
755 757 960 811 expectari
984 758 1079 797 nihil
1101 763 1247 811 potest.
1282 756 1432 798 Verum
1454 771 1622 810 sequen·-

126 828 181 867 tia
203 828 391 881 neinepta
406 828 498 877 sint,
524 827 682 880 adiungi
697 826 858 879 aliquid,
884 839 958 879 quo
972 832 1205 877 augeantur,
1233 839 1398 865 necesse
1420 833 1503 866 est:
1530 840 1618 865 nam

127 896 343 948 gladiorum
367 895 468 935 ictus
491 902 530 935 et
550 895 716 935 telorum
740 895 883 933 missus
915 894 954 933 in
990 893 1092 933 bello
1124 893 1210 946 quis
1242 893 1354 933 miles
1387 908 1467 933 non
1499 907 1621 948 expe·

127 963 234 1002 ctat?
284 962 435 1003 Deinde
469 962 618 1002 ‘relicti
651 970 691 1001 et
712 961 858 1002 deserti
882 976 900 1001 a
924 959 1134 1015 Pompeio*
1167 961 1337 1015 ponendi
1360 969 1497 1003 erantt
1533 976 1620 1002 cum

127 1031 230 1071 enim
256 1030 362 1071 ‘uicti
387 1038 426 1070 et
448 1029 607 1070 deserti’
632 1029 831 1078 dicuntur,
864 1036 908 1068 ut
939 1029 1088 1079 editur,
1116 1043 1304 1083 peruerse
1327 1029 1511 1083 deinceps
1538 1034 1621 1070 ‘tua

127 1099 272 1139 uirtute
295 1099 480 1152 superati'
502 1098 742 1145 inferuntur,
776 1104 968 1150 tamquam
991 1097 1096 1138 inter
1116 1097 1242 1137 uictos
1266 1104 1306 1138 et
1325 1094 1514 1137 Caesaris
1541 1097 1621 1137 uir-

129 1174 210 1207 tute
234 1173 439 1220 superatos
463 1165 723 1218 nescioquod
755 1165 967 1205 discrimen
998 1165 1276 1206 intercederet.
1322 1162 1512 1205 Ceterum
1546 1164 1621 1205 nisi

128 1235 318 1275 lubricum
353 1241 460 1274 esset
487 1234 528 1274 in
559 1233 646 1273 loco
677 1247 815 1273 manco
847 1233 992 1286 aliquid
1021 1234 1067 1273 de
1097 1234 1221 1273 forma
1252 1234 1443 1273 orationis
1476 1234 1622 1274 consti-

128 1309 239 1342 tuere
256 1332 266 1352 ,
300 1309 570 1355 praeoptarem
598 1308 607 1325 ‘
624 1301 909 1342 sustentamus'
933 1308 972 1340 et
996 1308 1005 1325 ⁶
1021 1301 1312 1354 expectamus',
1338 1308 1380 1341 ut
1403 1302 1621 1342 enuntiatio

130 1369 315 1423 primaria
346 1384 368 1408 a
398 1369 528 1409 uerbis
563 1369 716 1408 ‘relicti
749 1376 788 1409 et
807 1369 978 1409 deserti'
1010 1369 1221 1422 inciperet.
1272 1366 1351 1409 Sed
1373 1369 1480 1409 inter
1500 1369 1622 1409 uerba

132 1436 316 1490 ‘qualem'
340 1445 379 1477 et
398 1436 685 1491 ‘gentibuffuel
707 1444 796 1490 post
815 1436 889 1477 hoc
910 1437 1145 1477 uocabulum
1162 1437 1276 1477 finem
1292 1437 1484 1476 orationis
1497 1435 1623 1477 Tullii

130 1511 169 1544 et
189 1505 340 1544 initium
360 1505 542 1558 responsi
566 1502 753 1545 Caesaris
776 1505 926 1558 perisse
949 1504 1200 1544 manifestum
1222 1510 1297 1544 est.
1332 1503 1390 1545 Vt
1410 1504 1475 1545 illa
1497 1504 1621 1545 uerba

129 1572 245 1621 edidi,
271 1573 311 1611 in
332 1570 425 1611 Par.
451 1586 529 1611 sec.
553 1573 758 1626 leguntur,
786 1586 927 1624 neque,
954 1572 1048 1624 quin
1070 1572 1211 1625 reliqui
1235 1572 1328 1612 boni
1350 1573 1619 1623 consentiant,

129 1639 291 1688 dubito,
324 1639 397 1679 etsi
429 1639 475 1679 de
507 1640 706 1680 codicibus
739 1640 998 1692 neglegenter
1028 1640 1195 1679 relatum
1219 1646 1293 1679 est.
1346 1639 1508 1680 Etenim
1531 1649 1622 1682 ante

128 1705 332 1746 Dauisium
356 1706 453 1746 haec
475 1707 531 1746 sic
553 1707 793 1747 edebantur:
824 1707 1099 1760 ‘petimusque,
1126 1714 1182 1756 ut,
1210 1707 1360 1760 qualem
1384 1714 1422 1747 te
1440 1708 1621 1761 gentibus

128 1774 371 1829 praestitisti,
399 1773 564 1814 similem
588 1774 627 1813 in
650 1775 790 1815 ciuium
816 1776 1013 1816 deditione
1036 1775 1244 1829 praestes⁷,
1270 1782 1388 1828 atque
1410 1775 1464 1815 ita
1486 1776 1527 1815 in
1540 1777 1622 1817 suis

129 1842 240 1882 codd.
265 1840 568 1894 Oudendorpius
590 1842 668 1895 legi
688 1844 832 1893 refert,
868 1844 930 1884 cui
962 1844 1008 1884 de
1031 1842 1146 1884 Leid.
1172 1858 1231 1897 pr,
1259 1857 1336 1883 non
1371 1843 1488 1883 credo
1505 1874 1515 1892 ‚
1550 1846 1623 1885 etsi

130 1923 199 1963 pro
221 1909 285 1949 illo
310 1914 320 1933 ⁶
337 1910 538 1963 praestes'
562 1924 649 1950 eum
676 1910 917 1965 ‘praestari'
941 1911 1131 1951 exhibere
1154 1911 1232 1961 ait,
1271 1911 1374 1964 quod
1396 1912 1490 1951 mihi
1512 1912 1552 1952 in
1574 1927 1621 1953 eo

130 1977 263 2017 codice
286 1991 354 2030 pro
375 1975 546 2017 Parisini
565 1979 728 2018 secundi
752 1985 762 2003 ⁶
777 1979 1008 2033 praestabo'
1042 1979 1228 2033 scriptum
1259 1993 1347 2019 esse
1370 1987 1518 2020 certum
1542 1988 1621 2021 est.

130 2042 208 2085 Sed
229 2045 306 2085 illis
328 2045 459 2086 uerbis
484 2044 670 2087 Dauisius
694 2061 744 2087 ex
777 2048 909 2088 codice
931 2046 1121 2088 Thuaneo
1145 2045 1319 2087 Goduini
1341 2048 1438 2088 haec
1460 2049 1622 2100 adiecit⁷

129 2126 225 2165 quae
247 2113 288 2153 in
308 2111 437 2166 Regio
460 2128 613 2168 quoque
638 2113 821 2156 Clarkius
844 2130 886 2156 se
908 2116 1112 2156 inuenisse
1133 2116 1213 2156 ait:
1251 2114 1322 2156 ‘Et
1343 2117 1496 2170 qualem
1512 2148 1522 2167 ‚
1548 2118 1624 2168 ait,-

129 2180 309 2233 gentibus
332 2195 392 2221 me
415 2183 611 2236 praestiti,
637 2183 802 2224 similem
825 2184 865 2224 in
889 2184 1031 2224 ciuium
1055 2184 1253 2224 deditione
1271 2185 1510 2238 praestabo'.
1544 2183 1625 2226 Ni-

128 2248 266 2288 mirum
299 2263 425 2302 neque
446 2250 487 2290 in
510 2251 644 2291 codice
667 2250 860 2292 Thuaneo
893 2266 1017 2305 neque
1045 2252 1084 2291 in
1114 2251 1244 2304 Regio
1279 2253 1373 2293 llaec
1406 2253 1526 2293 uerba
1556 2267 1625 2293 su-

129 2316 347 2369 perioribus
371 2317 484 2365 addi,
520 2318 587 2358 sed
616 2333 686 2372 pro
708 2320 786 2360 illis
810 2321 925 2374 poni,
953 2321 1080 2361 codex
1102 2321 1294 2374 pessimus
1315 2318 1525 2361 Parisinus
1549 2334 1620 2362 nu·-

129 2397 235 2424 mero
267 2384 377 2425 5768
408 2399 515 2426 saec.
540 2385 644 2427 XIV
666 2388 936 2438 demonstrat,
971 2389 1035 2441 qui
1067 2388 1161 2441 quin
1191 2389 1273 2441 ipse
1305 2389 1370 2429 ille
1402 2388 1625 2431 Thuaneus-

131 2449 301 2492 Goduini
323 2454 389 2501 sit,
415 2454 568 2494 dubium
591 2470 669 2495 non
693 2464 768 2495 cst.
801 2454 846 2496 In
871 2470 916 2496 eo
939 2457 1041 2496 enim
1056 2456 1217 2496 haecita
1237 2457 1381 2511 scripta
1397 2465 1512 2498 sunt:
1541 2463 1623 2499 ‘sa-

131 2517 246 2558 lutem
277 2533 298 2558 a
325 2527 390 2560 tua
421 2521 629 2562 clementia
658 2524 905 2577 deposcimus
937 2524 1196 2578 petimusque.
1248 2523 1301 2564 Et
1336 2526 1513 2577 qualem,
1546 2526 1619 2575 ait,

133 2598 193 2623 me
215 2587 393 2637 gentibus
416 2591 591 2641 praestiti
610 2622 620 2641 ,
655 2592 820 2632 similem
843 2592 883 2632 in
907 2593 1047 2632 ciuium
1073 2592 1271 2633 deditione
1293 2606 1355 2632 me
1377 2593 1615 2646 praestabo'.

132 2650 266 2704 Itaque
288 2668 383 2706 qnae
404 2656 494 2697 inde
517 2671 538 2697 a
560 2657 723 2699 Dauisio
748 2661 819 2701 hoc
842 2662 928 2701 loco
952 2661 1054 2701 edita
1077 2667 1184 2710 sunt,
1215 2661 1357 2701 nullius
1382 2662 1527 2701 codicis
1551 2675 1619 2701 au-

135 2720 317 2760 ctoritate
339 2722 540 2776 nituntur,
575 2728 643 2767 sed
667 2729 815 2768 duobus
840 2729 1007 2769 diuersis
1031 2728 1261 2768 emendandi
1297 2729 1502 2769 conatibus
1525 2743 1618 2767 eon-

133 2786 336 2839 glutinatis
358 2790 494 2831 effecta
515 2801 620 2834 sunt.
668 2794 714 2835 In
745 2797 881 2849 quibus
914 2810 961 2836 ne
983 2796 1020 2835 id
1043 2796 1351 2850 reprehendam,
1387 2797 1487 2849 quod
1519 2803 1616 2835 tam-

135 2869 246 2907 quam
289 2856 417 2897 infans
457 2866 497 2899 et
535 2861 703 2915 elinguis
736 2862 890 2905 Caesar
930 2872 1109 2905 extrema
1150 2871 1299 2904 tantum
1331 2863 1453 2905 Tullii
1494 2863 1616 2904 uerba
