1835 3240
701 166 1123 206 ——1-24—

166 280 264 334 quod
289 280 492 330 edebatur,
518 279 686 333 speciem
705 280 934 333 praebuisse
951 279 1110 327 dicitur,
1135 292 1181 319 eo
1200 278 1372 333 epitheto
1394 278 1490 318 nihil
1512 292 1644 318 earum

166 361 295 388 rerum
318 348 557 397 continetur,
583 361 682 400 quae
704 354 819 386 antea
844 353 1174 387 commemoratae
1188 353 1294 396 sunt,
1321 360 1369 386 ne
1390 346 1540 386 laetitia
1563 346 1646 398 qui-

166 416 269 455 dem.
332 413 655 469 Spectatissimus
687 420 816 454 autem
850 414 1064 466 triumphus
1097 414 1262 454 solemni
1295 413 1486 453 uocabulo
1508 414 1540 454 is
1563 414 1647 467 ipse

164 483 397 536 appellatur,
423 483 531 523 cuius
557 483 616 522 hic
639 482 851 522 similitudo
875 482 1121 530 declaratur,
1155 481 1218 532 qui
1241 487 1280 520 et
1301 481 1589 532 magnificentia
1610 487 1650 521 et

164 549 294 590 studio
316 555 432 602 atque
455 549 674 602 frequentia
697 549 893 589 hominum
917 547 1152 587 celebratur.

280 614 329 657 C.
355 616 433 664 52,
467 616 493 656 4
517 617 611 656 haec
633 616 673 656 in
697 615 806 655 codd.
832 616 1037 668 leguntur:
1084 613 1202 654 ‘Nam
1227 612 1275 654 C.
1303 612 1447 664 Curio,
1474 615 1649 655 tribunus

165 682 302 736 plebis,
330 698 415 722 cum
435 680 621 723 Caesaris
645 696 802 722 eausam
826 682 1130 737 dignitatemque
1152 682 1435 722 defendendam
1457 682 1651 735 suscepis-

167 757 243 799 set,
269 764 385 803 saepe
409 757 489 789 erat
514 751 666 790 senatui
690 750 899 803 pollicitus,
925 750 958 790 si
982 763 1093 803 quem
1116 751 1233 789 timor
1254 764 1450 791 armorum
1466 748 1652 789 Caesaris

166 817 354 866 laederet,
388 824 426 856 et
447 818 627 869 quoniam
652 816 828 870 Pompeii
851 818 1062 857 dominatio
1084 825 1200 871 atque
1221 832 1330 859 arma
1352 832 1430 858 nou
1453 817 1651 857 minimum

168 892 361 925 terrorem
384 886 468 923 foro
492 884 708 933 inferrent,
734 885 954 925 discederet
975 892 1140 938 uterque
1162 886 1209 925 ab
1232 886 1350 925 armis
1374 885 1653 936 exercitusque

168 953 404 992 dimitteret:
433 953 517 992 fore
539 966 585 992 eo
609 953 711 992 facto
734 953 897 995 liberam
922 960 961 993 et
982 953 1042 992 sui
1064 953 1160 993 iuris
1176 953 1404 993 ciuitatem'.
1437 951 1513 994 Hic
1536 964 1654 1004 quae-

167 1020 270 1060 renti
293 1019 371 1059 Th.
399 1017 597 1068 ssentleio,
622 1020 712 1072 quid
735 1021 890 1060 tandem
913 1020 1109 1074 pollicitus
1132 1027 1240 1061 esset
1266 1017 1389 1060 Curio
1405 1051 1415 1070 ,
1441 1018 1655 1060 Oberlinus

169 1087 370 1141 respondit
398 1088 482 1126 fore
515 1101 560 1127 eo
595 1088 696 1127 facto
726 1088 890 1128 liberam
913 1087 1130 1128 ciuitatem.
1193 1087 1237 1128 Id
1259 1101 1354 1129 uero
1376 1088 1508 1141 inepte
1531 1084 1655 1127 Curio

168 1155 363 1208 pollicitus
386 1155 600 1204 diceretur,
636 1156 737 1208 quod
768 1163 837 1195 aut
866 1170 909 1196 re
931 1156 1015 1209 ipsa
1039 1162 1271 1196 euenturum
1295 1156 1459 1209 quisque
1482 1153 1654 1203 uidebat,

170 1230 262 1272 aut,
297 1223 329 1262 si
359 1223 477 1262 etiam
509 1223 680 1263 dimissis
712 1238 734 1263 a
757 1220 933 1263 Caesare
965 1230 1004 1263 et
1024 1222 1210 1277 Pompeio
1233 1223 1478 1264 exercitibus
1501 1221 1656 1261 dubium

171 1305 258 1331 esse
290 1297 449 1344 posset,
484 1305 562 1330 non
595 1292 795 1345 polliceri,
830 1292 899 1331 sed
931 1291 1130 1332 affirmare
1160 1298 1228 1331 aut
1264 1291 1458 1344 spondere
1486 1296 1654 1343 poterat.

172 1356 274 1410 Quid
297 1356 421 1398 Curio
445 1359 641 1412 pollicitus
673 1360 748 1409 sit,
782 1359 989 1412 sequeutia
1012 1360 1180 1399 docent:
1217 1364 1370 1412 ‘neque
1400 1358 1473 1398 hoc
1506 1364 1658 1396 tantum

170 1426 367 1480 pollicitus
390 1434 464 1476 est,
490 1428 559 1467 sed
582 1428 699 1468 etiam
723 1441 792 1481 per
805 1441 847 1467 se
871 1426 1152 1467 discessionem
1176 1426 1306 1466 facere
1328 1426 1485 1479 coepit'3
1511 1424 1660 1465 disces-

171 1494 320 1534 sionem
346 1495 446 1535 enim
471 1495 517 1535 de
540 1509 585 1535 ea
607 1502 757 1535 tantum
779 1509 823 1535 re
846 1496 978 1535 facere
1001 1501 1168 1548 poterat,
1194 1501 1236 1533 ut
1258 1491 1463 1534 etCaesar
1485 1500 1524 1533 et
1543 1491 1660 1532 Pom-

171 1562 280 1616 peius
302 1562 348 1602 ab
371 1563 489 1602 armis
513 1563 776 1603 discederent.
839 1561 978 1615 Itaque
1011 1575 1057 1601 ea
1088 1561 1232 1610 uerba,
1269 1575 1368 1614 quae
1397 1560 1508 1600 initio
1530 1560 1657 1613 posui,

173 1637 354 1670 accurate
378 1631 430 1669 ita
453 1637 567 1669 erant
589 1630 853 1670 enuntianda:
886 1627 952 1669 ‘C.
980 1626 1102 1668 Curio
1125 1642 1241 1681 saepe
1264 1635 1350 1668 erat
1370 1628 1526 1667 senatui
1549 1627 1660 1681 polli-

173 1698 274 1738 citus
290 1728 300 1745 ,
338 1698 371 1738 si
392 1696 604 1751 Pompeius
637 1697 837 1737 exercitus
861 1696 1101 1746 dimitteret,
1135 1697 1236 1736 idem
1260 1694 1474 1736 Caesarem
1497 1709 1584 1735 esse
1608 1696 1662 1734 fa-

175 1766 360 1805 cturum'.
406 1763 484 1805 Sed
506 1765 725 1804 interiectis
749 1764 976 1817 quibusdam
999 1763 1130 1804 uerbis
1154 1764 1281 1804 oratio
1304 1764 1349 1803 ad
1372 1763 1558 1804 iussiuam
1586 1764 1661 1802 for-

175 1846 275 1872 mam
299 1833 454 1873 dessexa
476 1839 536 1872 est
560 1833 797 1872 ‘discederet
812 1839 977 1885 uterque
989 1832 1035 1872 ab
1050 1832 1200 1882 armis',
1224 1838 1419 1884 tamquam
1443 1844 1560 1884 supra
1584 1844 1662 1869 nou

177 1900 386 1954 pollicendi
407 1901 594 1949 uerbum,
629 1900 696 1940 sed
732 1900 955 1954 postulandi
986 1900 1050 1941 uel
1080 1900 1208 1940 simile
1230 1899 1397 1953 positum
1421 1905 1545 1939 esset.
1608 1898 1662 1937 At

177 1968 299 2008 uerba
324 1969 521 2021 ‘quoniam
546 1966 720 2022 Pompeii
754 1968 967 2009 dominatio
989 1976 1106 2021 atque
1128 1980 1236 2007 arma
1259 1980 1339 2005 non
1360 1966 1561 2006 minimum
1584 1972 1664 2006 ter-

176 2048 307 2076 rorem
329 2035 413 2075 foro
435 2037 663 2085 inferrent',
699 2036 840 2088 quibus
874 2050 995 2076 causa
1024 2036 1270 2083 declaratur,
1306 2047 1376 2073 cur
1396 2048 1474 2073 non
1496 2034 1620 2074 solum
1643 2048 1664 2073 a

180 2100 371 2153 Caesare,
396 2103 465 2143 sed
479 2103 595 2143 etiam
619 2101 839 2157 aPompeio
853 2103 1053 2144 exercitus
1068 2101 1285 2143 dimittendi
1308 2101 1532 2150 uideantur,
1558 2101 1664 2141 nullo

179 2171 294 2211 modo
316 2184 401 2210 cum
424 2170 569 2224 protasi
592 2170 658 2211 illa
690 2174 701 2194 ⁴
716 2170 750 2211 si
772 2185 885 2224 quem
908 2172 1026 2211 timor
1047 2185 1245 2211 armorum
1269 2168 1456 2209 Caesaris
1478 2168 1664 2208 laederet'

176 2238 365 2292 coniungi
388 2245 565 2291 possunt.
609 2236 747 2291 Itaque
770 2239 960 2292 particula
985 2240 1070 2290 ‘et',
1104 2252 1203 2293 quae
1228 2235 1446 2278 ‘laederet'
1469 2237 1664 2291 sequitur,

181 2307 345 2347 delenda
366 2313 442 2346 est.
488 2305 574 2346 Hoc
596 2307 694 2346 uidit
715 2306 936 2357 Whittius3
961 2307 1029 2347 sed
1056 2306 1118 2346 ‘si'
1142 2305 1333 2360 particula
1354 2310 1443 2344 ante
1468 2303 1666 2343 ‘discede-

180 2376 253 2415 ret'
277 2374 427 2414 adiecta
450 2375 537 2414 dum
561 2375 723 2414 formam
747 2375 937 2414 orationis
959 2374 1145 2427 corrigit,
1178 2372 1374 2414 sententia
1397 2371 1557 2411 eandem
1581 2383 1667 2423 per-

182 2442 412 2483 uersitatem
436 2449 551 2482 nacta
574 2449 647 2492 est,
673 2457 785 2495 quam
809 2456 926 2496 supra
948 2441 1198 2496 reprehendi.
1252 2438 1440 2480 Ceterum
1462 2437 1668 2490 sequentia

185 2523 336 2563 quoque
358 2509 487 2549 minus
510 2517 692 2550 accurate
716 2510 959 2549 conformata
982 2518 1069 2550 sunt
1089 2527 1098 2548 :
1140 2507 1298 2561 ‘Neque
1320 2507 1392 2546 hoc
1415 2512 1563 2545 tantum
1588 2504 1669 2558 pol-

183 2577 316 2618 licitus
340 2583 424 2625 est,
464 2577 532 2616 sed
554 2577 670 2616 etiam
693 2591 762 2630 per
784 2590 826 2616 se
850 2577 1130 2617 discessionem
1152 2578 1284 2616 facere
1308 2574 1456 2626 coepit:
1489 2573 1588 2626 quod
1621 2585 1670 2612 ne

186 2646 323 2694 fieret,
358 2644 540 2684 consules
575 2644 766 2697 amicique
787 2642 967 2699 Pompeii
997 2645 1203 2685 iusserunt
1223 2649 1338 2695 atque
1360 2641 1415 2681 ita
1435 2654 1517 2680 rem
1539 2639 1669 2680 mode-

186 2713 310 2753 rando
334 2711 637 2752 discusserunt'.
699 2710 939 2752 Extremum
970 2712 1072 2752 enim
1102 2711 1261 2752 uerbum
1283 2715 1391 2749 recte
1411 2706 1583 2748 Iurinius
1605 2721 1672 2761 po-

189 2780 359 2821 nendum
381 2780 481 2820 dixit
501 2793 571 2833 pro
603 2779 736 2832 inepto
772 2779 1095 2833 ‘discesseruntsss
1151 2776 1230 2819 Sed
1251 2778 1352 2817 idem
1388 2775 1670 2816 ‘moderando'

190 2848 353 2902 insuper
373 2854 547 2898 mutans,
571 2861 641 2902 pro
654 2861 730 2901 quo
755 2847 970 2887 ‘morando'
994 2846 1086 2901 poni
1107 2845 1279 2895 uolebat,
1304 2857 1413 2885 suam
1434 2843 1519 2897 ipse
1541 2855 1672 2883 emen-
