1835 3240
715 160 1141 202 ——166—

195 278 350 318 modum
374 284 455 317 tuto
478 276 597 332 legati
620 276 756 317 uenire
779 283 831 325 et,
858 288 957 328 quae.
979 275 1140 322 uellent,
1165 288 1364 328 exponere
1393 281 1568 328 possent,
1595 288 1680 314 cer-

196 353 357 399 tumque
379 346 413 385 ei
433 345 491 386 rei
514 352 665 398 tempus
688 342 970 383 constituitur'.
1004 340 1080 382 Hic
1101 349 1208 383 recte
1229 343 1268 382 in
1292 342 1424 382 codice
1435 340 1681 383 Noruicensi

195 414 384 467 scriptum
414 420 472 454 est
507 413 686 452 ‘locutus
709 410 806 451 est'.
860 407 1078 463 Sequentia
1107 417 1237 450 autem
1268 411 1315 450 ab
1338 411 1397 450 his
1421 410 1548 451 uerbis
1570 423 1682 464 sepa-

196 482 318 522 randa
340 488 444 522 sunt.
478 479 584 521 Nam
607 493 732 532 neque
755 478 916 517 uerbum
939 477 1224 517 substantiuum
1248 478 1287 517 in
1303 478 1372 518 tali
1392 479 1570 518 oratione
1586 479 1680 518 omi-

198 550 249 589 sit
272 546 438 595 Caesar,
465 561 589 600 neque
621 553 698 586 tam
723 545 890 598 turpiter
911 545 949 583 in
971 544 1082 585 breui
1104 546 1282 585 oratione
1303 545 1508 585 institutae
1530 547 1681 586 formae

198 616 345 657 oblitus
359 622 432 664 est,
459 615 560 668 quod
583 614 767 668 scriptori
789 612 878 653 belli
892 612 1075 652 Africani
1096 613 1289 653 accidisse
1311 611 1494 653 uidimus.
1528 612 1682 653 Deinde

197 684 318 724 uerba
342 688 351 706 ‘
367 690 482 735 atque
499 696 577 721 una
600 680 738 722 etiam'
763 687 855 720 cett.
882 686 1065 733 corrupta
1086 694 1172 721 esse
1204 687 1382 733 apertum
1405 686 1480 719 est.
1519 677 1566 719 In
1585 678 1680 720 Par.

196 766 278 792 sec.
294 750 425 791 Haun.
448 763 505 802 pr.
531 747 645 790 Leid.
670 745 1191 802 pr.aliisqueOudendorpii
1212 749 1306 789 haec
1329 748 1382 787 ita
1404 747 1553 800 scripta
1573 755 1680 787 sunt:

201 825 340 872 ‘atque
373 831 447 857 una
478 816 537 856 uis
559 816 802 869 utrumque'.
847 815 964 857 Vnde
992 817 1195 856 admodum
1227 816 1325 856 scite
1356 815 1403 855 ab
1434 813 1684 868 Elberlingio

198 887 293 927 haec
317 886 457 925 effecta
478 892 594 924 sunt:
632 889 770 937 ‘atque
793 898 870 923 una
894 884 1087 934 uisurum,
1113 884 1432 937 quemadmodum
1456 890 1542 923 tuto
1563 882 1685 935 legati

197 953 333 994 uenire
356 959 410 1001 et,
435 965 533 1005 quae
555 952 718 1001 uellent,
746 965 946 1005 exponere
975 952 1162 1005 possent'.
1207 948 1286 992 Sed
1311 951 1417 991 ‘una'
1441 951 1481 990 in
1504 950 1575 990 hac
1598 964 1686 990 ora-

197 1021 303 1061 tione
335 1021 429 1060 ferri
462 1034 539 1060 non
563 1034 679 1073 posse
706 1021 789 1073 ipse
809 1019 1080 1073 Elberlingius
1112 1019 1326 1059 intellexit.
1367 1018 1546 1071 Reliquis
1568 1017 1688 1071 igitur

197 1089 379 1138 retentis,
406 1088 726 1142 quaeisinuenit,
755 1086 1086 1140 ‘atqueunffl'hoc
1109 1094 1169 1128 est
1193 1092 1325 1140 ‘atque
1339 1086 1516 1126 eundem’
1541 1099 1689 1140 ponen-

198 1158 286 1198 dum
310 1156 460 1211 putaui.

312 1223 361 1266 C.
385 1223 440 1265 22
461 1231 570 1264 recte
591 1223 762 1265 Vossius
795 1224 1046 1265 scribendum
1071 1223 1172 1263 dixit
1210 1220 1396 1262 ‘Interim
1430 1221 1526 1262 Milo
1558 1221 1690 1262 dimis-

197 1294 252 1334 sis
277 1293 421 1334 circnm
444 1292 657 1346 municipia
679 1293 822 1333 litteris
846 1307 890 1333 ea
907 1323 917 1342 ,
943 1305 1042 1345 quae
1062 1292 1232 1339 faceret,
1257 1290 1364 1330 iussu
1387 1296 1504 1342 atque
1527 1289 1690 1343 imperio

200 1363 335 1402 facere
349 1359 540 1415 Pompeii,
559 1374 656 1414 quae
669 1361 850 1401 mandata
864 1361 909 1400 ad
924 1374 966 1400 se
980 1373 1050 1412 per
1060 1357 1277 1399 Vibullium
1291 1357 1417 1396 delata
1431 1356 1576 1397 essent'
1596 1364 1687 1397 cett.

200 1429 306 1470 Nam
330 1430 555 1479 etcodices,
579 1429 619 1469 in
639 1428 778 1482 quibus
795 1426 1036 1468 ‘Bibullium'
1052 1427 1210 1480 legitur,
1236 1425 1330 1466 illud
1343 1424 1466 1477 magis
1479 1438 1593 1478 quam
1611 1422 1694 1464 ‘Bi-

198 1498 343 1538 bulum'
369 1500 669 1546 commendant,
706 1503 746 1535 et
777 1494 820 1546 I,
854 1494 908 1535 34
928 1496 1003 1544 in.,
1036 1501 1240 1549 postquam
1271 1493 1324 1533 ibi
1347 1493 1503 1533 codices
1526 1493 1692 1546 optimos

198 1565 323 1606 secuti
348 1565 470 1605 uerba
496 1566 550 1605 ‘in
566 1563 810 1618 Hispaniam'
834 1563 1078 1612 sustulimus,
1097 1562 1315 1602 Vibullium
1327 1559 1550 1601 Massiliam
1563 1560 1693 1600 adisse

200 1634 509 1683 demonstratur,
534 1634 573 1672 in
597 1646 672 1685 qua
695 1630 791 1671 urbe
813 1628 911 1669 Milo
935 1629 1029 1669 exul
1051 1629 1230 1684 degebat.

315 1698 364 1739 C.
397 1698 452 1740 25
486 1696 638 1740 Caesar
671 1700 717 1739 de
749 1697 1000 1738 cunctatione
1030 1711 1191 1737 suorum
1214 1696 1366 1745 scribit,
1398 1696 1477 1749 qui,
1514 1694 1691 1748 quamuis

200 1768 324 1808 hiems
356 1766 724 1821 praecipitauisset,
763 1772 894 1805 tamen
931 1765 1100 1804 nondum
1135 1765 1346 1804 secundum
1381 1769 1639 1803 commeatum
1671 1775 1695 1802 a

201 1833 416 1875 Brundisio
444 1835 611 1875 traicere
641 1834 725 1874 ausi
755 1840 885 1873 erant.
927 1830 985 1872 Ibi
1018 1834 1054 1886 ξ.
1077 1832 1104 1871 2
1131 1832 1227 1872 haec
1259 1832 1299 1871 in
1332 1830 1442 1871 codd.
1480 1830 1690 1884 leguntur:

205 1908 444 1956 ‘quantoque
466 1903 549 1942 eius
572 1902 735 1955 amplius
757 1908 1006 1955 processerat
1027 1900 1236 1954 temporis,
1273 1906 1382 1939 tanto
1410 1906 1525 1939 erant
1552 1898 1692 1939 alacri-

204 1985 292 2012 ores
325 1971 373 2011 ad
405 1971 626 2019 custodias,
662 1970 727 2023 qui
759 1969 951 2009 classibus
980 1974 1206 2022 praeerant,
1231 1967 1496 2020 maioremque
1517 1966 1696 2006 fiduciam

205 2038 435 2094 prohibendi
474 2039 696 2090 habebant3
739 2044 779 2078 et
800 2037 949 2077 crebris
990 2034 1166 2090 Pompeii
1205 2035 1347 2075 litteris
1385 2035 1695 2089 castigabantur,

207 2107 386 2160 quoniam
410 2107 534 2161 primo
559 2109 782 2147 uenientem
797 2102 1012 2145 Caesarem
1035 2118 1113 2143 non
1135 2102 1443 2156 prohibuissent,
1470 2110 1511 2142 ut
1525 2103 1697 2156 reliquos

209 2176 292 2216 eius
315 2176 517 2216 exereitus
539 2174 798 2228 impedirent:
834 2172 1048 2225 duriusque
1080 2171 1221 2211 cotidie
1252 2177 1404 2223 tempus
1426 2169 1474 2209 ad
1497 2176 1699 2223 transpor-

210 2243 367 2283 tandum
387 2242 602 2283 lenioribus
624 2241 758 2282 uentis
782 2240 1073 2294 expectabant'.
1106 2237 1304 2279 Extrema
1325 2237 1446 2277 uerba
1467 2236 1523 2276 ita
1544 2236 1700 2277 confor-

209 2317 314 2350 mata
345 2317 459 2360 sunt,
494 2317 538 2350 ut
568 2309 796 2350 necessario
827 2308 874 2349 ad
905 2308 1126 2362 praefectos
1166 2305 1304 2347 classis
1335 2303 1600 2358 Pompeianae
1636 2317 1701 2344 re·

209 2379 372 2419 ferenda
404 2378 505 2418 sint:
538 2377 660 2418 uerba
691 2384 820 2417 autem
846 2377 917 2416 ‘ad
940 2374 1285 2429 transportandum
1309 2372 1525 2413 lenioribus
1549 2371 1699 2413 uentis'

213 2447 258 2486 de
282 2443 537 2486 Caesarianis
559 2451 709 2485 tantum
733 2443 986 2484 aBrundisio
1008 2442 1230 2483 tramittere
1252 2440 1496 2494 cupientibus
1529 2439 1602 2480 dici
1632 2453 1701 2493 po-

214 2520 385 2554 tuerunt.
430 2512 536 2554 Nam
560 2511 726 2553 Heldius
749 2511 983 2552 mirabiliter
1004 2511 1099 2550 haec
1119 2510 1175 2550 ita
1194 2510 1480 2562 interpretatus
1504 2514 1589 2559 est,
1627 2521 1701 2561 quo

212 2581 385 2622 leniores
408 2581 517 2621 uenti
539 2581 660 2620 futuri
683 2587 832 2629 essent,
868 2593 914 2619 eo
937 2577 1132 2619 difficilius
1155 2591 1177 2616 a
1200 2573 1454 2616 Caesarianis
1476 2575 1703 2616 tramissum

214 2650 263 2690 iri
291 2648 554 2702 Pompeianos
587 2661 784 2701 sperasse.
829 2644 970 2699 Quasi,
1005 2652 1048 2685 ut
1069 2645 1145 2685 ali'a
1167 2645 1340 2684 omittam
1357 2675 1367 2694 ,
1393 2644 1526 2684 durius
1549 2650 1702 2697 tempus

216 2717 320 2758 aliud
343 2716 418 2756 dici
440 2722 588 2770 posset,
614 2729 727 2768 quam
749 2713 954 2754 hibernum
975 2712 1351 2767 tempestatibusque
1373 2711 1576 2752 infestum.
1618 2708 1703 2751 Ne-

218 2798 307 2839 que,
333 2798 420 2824 cum
442 2784 564 2824 hiems
587 2782 943 2837 praecipitauisset,
968 2781 1157 2829 leniores,
1182 2781 1251 2820 sed
1270 2779 1585 2820 uehementiores
1595 2777 1705 2818 uenti

220 2851 574 2906 consequebantur.
615 2847 694 2891 Sed
717 2849 870 2890 etiamsi
891 2849 1015 2889 forma
1037 2847 1227 2889 orationis
1251 2847 1298 2888 ad
1321 2845 1588 2890 Caesarianos
1609 2845 1704 2885 haec
