1835 3240
58 139 141 184 494
627 142 704 185 DE
735 143 926 212 BELLO
958 143 1132 189 CIVILI

135 266 224 294 esse
242 252 285 293 in
305 253 434 294 animo
455 255 690 309 reipublicae
712 271 791 297 non
813 258 967 309 deesse,
992 260 1026 299 si
1047 266 1207 301 senatus
1229 267 1441 314 sequatur,
1466 262 1500 303 si
1521 276 1615 302 eun·

135 326 263 360 otetur
283 327 398 374 atque
420 330 511 375 agat
531 323 673 374 lenius,
697 325 929 378 nequiquam
952 326 1037 367 eius
1060 327 1265 378 auxilium,
1289 329 1322 368 si
1343 336 1479 383 postea
1500 330 1611 380 uelit,

87 387 116 431 2
135 394 314 428 senatum
337 389 651 442 imploraturum.
710 390 820 431 Haec
843 390 1040 447 Scipionis
1063 395 1190 434 oratio
1205 425 1216 444 ‚
1249 397 1349 448 quod
1380 404 1543 438 senatus
1574 398 1614 438 in

135 455 233 496 urbe
256 456 471 496 habebatur
492 456 779 511 Pompeiusque
801 459 961 511 aderat,
995 475 1047 501 ex
1077 461 1199 515 ipsius
1230 476 1298 502 ore
1319 461 1492 518 Pompeii
1515 465 1615 505 mitti

88 522 117 564 2
136 522 355 564 uidebatur.
390 522 562 563 Dixerat
582 524 722 577 aliquis
744 526 934 568 leuiorem
955 529 1206 579 sententiam,
1232 536 1274 569 ut
1294 530 1417 583 primo
1430 529 1613 572 M.Mar-

137 591 274 640 cellus,
298 592 502 643 ingressus
524 591 566 631 in
588 605 670 632 eam
694 594 928 646 orzilionem,
952 610 1031 636 non
1053 603 1236 650 oportere
1258 604 1348 636 ante
1371 597 1417 637 de
1438 611 1484 637 ea
1504 613 1548 639 re
1569 600 1616 640 ad

136 665 314 699 senatum
337 658 503 707 referri,
529 673 642 712 quam
665 661 838 702 delectus
861 669 943 703 tota
963 661 1076 704 Italia
1099 663 1219 703 habiti
1242 672 1280 704 et
1302 665 1502 705 exercitus
1524 680 1616 706 con-

138 726 274 780 scripti
296 732 452 775 essent,
487 740 560 779 quo
591 729 787 781 praesidio
810 736 893 770 tuto
915 738 955 771 et
975 731 1099 771 libere
1121 739 1282 772 senatus
1299 763 1310 782 ,
1343 746 1441 785 quae
1471 732 1615 784 uellet,

90 793 116 834 3
139 794 351 834 decernere
373 794 560 845 auderet3
586 802 628 835 ut
647 794 707 835 M.
733 794 936 848 Calidius,
962 799 1027 851 qui
1046 799 1258 849 censebat,
1283 806 1326 839 ut
1345 798 1556 853 Pompeius
1578 800 1619 840 in

137 875 229 902 suas
251 861 474 914 prouincias
497 863 837 916 proficisceretur,
871 880 921 906 ne
952 880 1024 920 qua
1048 874 1154 907 esset
1175 881 1372 907 armorum
1396 881 1537 907 eausa:
1572 867 1621 908 ti-

138 942 247 970 mere
269 926 481 971 Caesarem
506 931 649 984 ereptis
672 932 719 972 ab
743 946 788 972 eo
811 933 961 974 duabus
984 934 1229 988 legionibus,
1263 948 1312 975 ne
1343 934 1390 975 ad
1413 934 1496 975 eius
1518 934 1619 989 peri-

90 997 118 1038 4
139 996 267 1037 culum
290 1011 502 1038 reseruare
525 1005 564 1038 et
584 1001 755 1041 retinere
779 1014 845 1041 eas
868 1001 916 1041 ad
940 1002 1073 1042 urbem
1097 1001 1304 1055 Pompeius
1326 1002 1553 1054 uideretur3
1578 1009 1620 1042 ut

136 1063 197 1105 M.
222 1063 369 1114 Rufus,
395 1066 457 1118 qui
480 1068 715 1108 sententiam
731 1066 875 1109 Calidii
896 1069 1032 1122 paucis
1054 1071 1138 1110 fere
1159 1070 1319 1110 mutatis
1341 1070 1457 1110 rebus
1479 1082 1619 1123 seque-

91 1130 116 1173 5
137 1132 269 1173 batur.
314 1132 367 1173 Hi
398 1124 534 1174 omnes
567 1136 746 1176 conuicio
769 1135 820 1176 L.
845 1135 1008 1177 Lentuli
1040 1138 1214 1178 consulis
1246 1138 1416 1191 correpti
1439 1137 1618 1190 exagita-

136 1201 294 1241 bantur.
348 1199 544 1241 Lentulus
576 1204 810 1243 sententiam
843 1202 986 1243 Calidii
1018 1205 1357 1258 pronuntiaturum
1388 1218 1431 1244 se
1463 1205 1620 1245 omnino

135 1268 311 1321 negauit.
355 1266 575 1309 Marcellus
599 1270 830 1322 perterritus
854 1272 1044 1312 conuiciis
1067 1286 1088 1312 a
1111 1286 1181 1312 sua
1202 1271 1401 1312 sententia
1421 1271 1619 1312 discessit.

89 1335 116 1377 6
141 1335 209 1377 Sic
222 1334 383 1375 uocibus
400 1336 589 1383 consulis,
614 1343 768 1377 terrore
791 1339 1011 1391 praesentis
1033 1339 1253 1389 exercitus,
1277 1339 1394 1379 minis
1407 1339 1621 1379 amicorum

134 1402 299 1456 Pompei
320 1403 496 1457 plerique
518 1404 707 1457 compulsi
728 1405 841 1445 inuiti
865 1413 903 1446 et
924 1407 1052 1447 coacti
1073 1404 1272 1461 Scipionis
1301 1406 1538 1447 seutentiam
1559 1420 1622 1448 se-

90 1471 118 1511 7
140 1478 309 1512 cuntur:
345 1470 403 1510 uti
425 1478 516 1511 ante
540 1479 688 1512 certam
712 1473 812 1513 diem
836 1470 990 1514 Caesar
1012 1474 1232 1515 exereitum
1254 1474 1447 1525 dimittat3
1479 1474 1514 1515 si
1543 1488 1621 1515 non

88 1537 116 1580 8
137 1539 272 1589 faciat,
298 1551 385 1578 eum
408 1540 602 1580 aduersus
623 1541 899 1595 rempublicam
923 1542 1120 1582 facturum
1141 1541 1286 1583 uideri.
1328 1540 1541 1583 Intercedit
1558 1541 1620 1583 Μ.

136 1607 338 1648 Antonius
353 1637 363 1656 ,
389 1604 442 1658 Q.
468 1604 633 1648 Cassius
649 1639 660 1658 ,
694 1609 839 1649 tribuni
862 1609 1000 1663 plebis.
1051 1609 1243 1651 Refertur
1263 1610 1470 1650 confestim
1493 1610 1541 1650 de
1561 1610 1622 1650 in-

137 1674 384 1715 tercessione
406 1675 669 1715 tribunorum.
713 1675 913 1717 Dicuntur
932 1679 1153 1719 sententiae
1185 1692 1354 1732 graues:
1389 1685 1430 1717 ut
1461 1678 1623 1732 quisque

136 1742 395 1783 acerbissime
417 1743 765 1797 crudelissimeque
787 1744 912 1795 dixit,
944 1746 1001 1786 ita
1031 1760 1145 1799 quam
1176 1745 1347 1786 maxime
1383 1745 1431 1785 ab
1453 1745 1622 1786 inimicis

88 1810 117 1855 3
137 1807 325 1852 Caesaris
349 1811 622 1851 conlaudatur.
652 1810 781 1852 Misso
804 1813 851 1852 ad
872 1827 1083 1867 uesperum
1105 1821 1245 1855 senatu
1267 1826 1418 1862 omneS,
1443 1813 1509 1865 qui
1530 1819 1624 1853 sunt

137 1879 222 1919 eius
245 1877 410 1928 ordinis,
435 1893 457 1918 a
479 1878 667 1933 Pompeio
690 1887 922 1920 euocantur.
948 1880 1106 1922 Laudat
1122 1880 1332 1935 Pompeius
1355 1887 1471 1933 atque
1492 1880 1533 1919 in
1555 1894 1623 1934 po-

88 1946 117 1989 2
137 1953 289 1988 sterum
311 1947 532 1996 confirmat,
556 1946 764 2001 segniores
787 1949 955 2003 castigat
976 1956 1094 2002 atque
1114 1949 1268 1989 incitat.
1310 1946 1431 1988 Multi
1452 1947 1622 2001 undique

138 2027 191 2054 ex
211 2013 412 2053 ueteribus
434 2012 597 2067 Pompei
630 2015 872 2056 exercitibus
903 2031 971 2070 spe
1003 2017 1265 2070 praemiorum
1298 2023 1415 2069 atque
1442 2015 1621 2055 ordinum

137 2089 374 2127 euocantur,
398 2081 507 2121 multi
531 2095 583 2122 ex
604 2082 752 2122 duabus
775 2083 995 2137 legionibus
1011 2115 1021 2135 ,
1052 2099 1152 2138 quae
1173 2091 1264 2125 sunt
1284 2083 1451 2123 traditae
1473 2096 1496 2122 a
1518 2079 1621 2124 Cae-

90 2149 116 2191 3
139 2162 254 2199 sare,
291 2155 561 2189 arcessuntur.
607 2147 839 2204 Completur
860 2151 952 2192 urbs
974 2153 1003 2205 -ί-
1024 2159 1063 2191 et.
1083 2153 1144 2193 ius
1159 2183 1169 2202 ,
1203 2151 1402 2193 comitium
1433 2150 1618 2201 tribunis,

90 2217 117 2258 4
139 2216 451 2267 centurionibus,
477 2217 669 2258 euocatis.
695 2216 844 2261 Omnes
859 2220 974 2260 amici
987 2220 1208 2271 consulum,
1233 2218 1451 2260 necessarii
1463 2216 1623 2273 Pompei

284 2376 298 2408 1
320 2375 348 2407 si
368 2380 550 2408 cunctetur
566 2387 587 2408 a
609 2377 730 2419 ‘mss.’,
752 2379 803 2410 sin
824 2384 1004 2412 cunctetur
1019 2390 1055 2412 u.
1196 2380 1433 2422 2nequiquam
1443 2388 1478 2410 α.

139 2428 157 2458 5
175 2424 341 2458 Marcello
362 2427 393 2457 b.
534 2427 553 2459 6
571 2433 674 2461 antea
692 2433 776 2460 ante
795 2440 888 2462 corr.
910 2441 943 2461 α.
1086 2430 1106 2463 7
1124 2430 1269 2462 dilectus
1287 2441 1307 2462 a
1320 2431 1351 2461 b.
1504 2428 1545 2461 10
1565 2438 1624 2460 ne-

140 2488 204 2521 que
223 2482 313 2509 esset
330 2488 351 2509 α
372 2479 476 2510 ‘ms-9.
497 2478 551 2511 4’.
715 2481 754 2513 11
775 2481 902 2523 ereptis
922 2491 1000 2522 ego,
1020 2482 1188 2524 correptis
1207 2481 1310 2514 codd.
1336 2481 1377 2512 P.
1399 2479 1476 2514 126.

141 2530 183 2563 13
202 2528 341 2561 Callidii
360 2533 442 2561 ante
461 2540 554 2561 corr.
574 2541 608 2562 a.
753 2532 793 2564 14
812 2533 962 2564 consulis
980 2543 1049 2565 om.
1070 2534 1102 2564 b.
1250 2533 1291 2566 15
1310 2531 1619 2575 pronuntiaturum,

140 2592 210 2614 non
226 2600 272 2605 —
290 2582 371 2613 ciat.
388 2606 396 2622 ,
417 2584 571 2624 itemque
590 2583 729 2615 nuntius
747 2584 977 2626 reliquaque,
998 2594 1088 2626 quae
1106 2583 1189 2616 inde
1206 2583 1445 2624 descendunt,
1465 2582 1625 2614 ubicum-

139 2644 208 2677 que
226 2634 359 2674 tacebo,
380 2644 414 2666 a.
556 2634 597 2666 18
616 2634 804 2678 Pompeia.
946 2639 1110 2667 secuntur
1127 2645 1161 2667 α.
1323 2635 1367 2668 20
1386 2633 1554 2666 facturam
1571 2644 1619 2666 m.

135 2696 197 2729 pr.
216 2695 250 2718 a.
415 2685 453 2719 21
473 2684 531 2726 Q·]
550 2695 614 2728 que
631 2696 666 2717 a.
828 2687 872 2721 24
889 2687 1117 2718 conlaudatur
1133 2697 1167 2718 α.
1320 2686 1362 2721 26
1381 2685 1535 2718 seniores
1553 2694 1574 2716 a
1589 2684 1620 2716 b.

283 2734 329 2770 27
345 2734 482 2777 Pompei
499 2745 533 2766 α.
696 2736 739 2770 29
758 2741 983 2769 arcersuntur
1000 2748 1034 2777 α,
1055 2737 1292 2769 arcessiuntur
1310 2736 1341 2769 b.
1519 2740 1555 2767 et
1570 2734 1623 2767 ius

142 2788 315 2822 comitium
333 2787 458 2819 abed.
479 2787 518 2819 P.
541 2787 617 2820 126.
774 2789 935 2832 tribunis,
955 2790 1225 2833 centurionibus,
1247 2790 1398 2823 euocatis
1419 2789 1624 2823 Oudendor-

139 2844 245 2884 pius5
265 2845 309 2873 tr.
329 2839 375 2882 pl.
397 2839 552 2872 centurio
571 2844 695 2872 euocat
711 2841 834 2872 abed.
977 2842 1019 2875 30
1037 2841 1172 2885 Pompei
1192 2852 1226 2874 a.

1644 541 1662 572 5

1653 876 1692 908 10

1655 1212 1693 1244 15

1652 1550 1696 1585 20

1653 1887 1696 1921 25

1654 2225 1696 2258 30
