1835 3240
692 169 1114 212 ——123—

167 287 364 330 incautius
386 284 575 339 permittit
595 284 636 324 in
659 285 929 338 praefectum'.
982 281 1059 323 Hic
1079 283 1200 322 uerba
1234 283 1436 324 ‘inimicus
1461 287 1603 327 homini
1619 289 1644 337 ²,

169 369 267 409 quae
288 355 326 394 in
350 353 529 393 omnibus
547 352 656 393 codd.
680 353 880 405 leguntur,
905 366 926 392 a
945 351 1093 391 criticis
1111 352 1232 391 eiecta
1252 359 1366 401 suni,
1391 354 1523 401 πρᾶο,
1549 356 1648 405 quod

166 423 298 476 inepte
321 419 539 467 Commius,
565 435 649 460 cum
674 421 821 474 proelio
844 434 927 459 cum
947 419 1149 461 Voluseno
1171 420 1442 468 contenderes,
1469 421 1554 460 huic
1577 422 1650 461 ini-

167 490 292 529 micus
316 489 389 528 dici
412 489 634 529 uidebatur.
699 486 776 528 Sed
809 488 844 527 id
878 487 937 527 liic
960 487 1181 528 rectissime
1204 488 1259 527 fit.
1323 485 1525 527 Commius
1548 489 1651 528 enim

167 573 253 598 cuin
276 557 482 598 Voluseno
505 557 676 610 priuatas
701 556 867 596 habebat
887 555 1113 595 inimicitias
1130 586 1140 605 ,
1181 556 1281 608 quod
1312 569 1380 609 per
1412 569 1498 595 eum
1523 556 1652 609 specie

167 625 349 680 colloquii
373 625 524 665 insidiis
548 624 843 664 circumuentus
866 624 1044 678 grauiter
1066 631 1150 663 erat
1173 624 1403 663 uulneratus
1419 655 1428 669 ‚
1465 637 1564 675 quae
1586 637 1652 663 res

167 708 202 734 e.
234 692 287 734 23
319 700 473 732 narrata
507 698 580 732 est.
625 689 761 744 Itaque
796 692 854 732 his
886 691 1018 732 uerbis
1041 691 1283 739 declaratur,
1319 691 1408 743 quid
1432 688 1653 731 Commium

166 761 420 816 permouerit,
440 767 484 800 ut
496 761 735 813 praefectum
751 760 881 799 subito
895 759 1192 813 aggrederetur.
1218 758 1324 798 Ante
1341 759 1516 812 proxima
1534 758 1654 798 uerba

168 837 342 869 ‘suorum
365 829 525 868 inuocat
547 827 673 867 fidem'
699 828 815 880 uulgo
838 827 933 867 haec
961 827 1213 867 inseruntur:
1252 831 1430 880 ‘repente
1453 825 1653 866 omnium'.

166 896 318 938 Verum
341 910 386 937 ea
408 896 447 936 in
470 896 564 935 solis
587 895 721 935 Haun.
747 908 807 948 pr.
834 892 941 934 Scal.
969 893 1108 935 Cuiac.
1136 895 1336 947 leguntur.
1383 893 1429 934 In
1452 893 1544 934 Par.
1570 907 1652 934 sec.

167 972 206 1004 et
227 964 344 1005 Leid.
369 979 428 1018 pr.
457 964 666 1018 ‘repente'‚
694 964 735 1004 in
759 962 853 1003 Par.
878 977 936 1017 pr.
963 962 1085 1004 Voss.
1111 977 1169 1017 pr.
1195 961 1312 1016 Egm.
1338 963 1567 1015 quibusdam
1590 962 1656 1002 de-

166 1033 380 1073 terioribus
411 1039 618 1085 utrumque
651 1032 883 1072 uocabulum
907 1031 1096 1071 omissum
1118 1037 1192 1071 est.
1230 1030 1368 1083 Itaque
1392 1031 1568 1084 integros
1591 1044 1656 1070 oo-

166 1101 272 1141 dices
289 1108 449 1141 secutus
469 1114 568 1141 sum.
605 1098 759 1140 Deinde
785 1100 967 1140 ‘uulnera
991 1113 1060 1153 per
1076 1100 1186 1139 fidem
1210 1099 1404 1153 imposita'
1428 1099 1540 1153 posui
1563 1113 1657 1139 con-

165 1169 356 1209 iecturam
399 1167 564 1209 Gruteri
603 1175 779 1209 secutus.
842 1167 888 1208 In
923 1168 1170 1221 interpolatis
1214 1168 1325 1207 codd.
1370 1169 1558 1222 scriptum
1597 1174 1657 1207 est

169 1237 347 1289 ‘perfidia
368 1237 632 1290 interposita'.
672 1235 717 1276 ln
738 1235 831 1276 Par.
857 1251 915 1290 pr.
942 1236 1063 1278 Voss.
1090 1250 1148 1289 pr.
1176 1243 1215 1276 rt
1236 1236 1462 1289 quibusdam
1487 1236 1657 1276 deterio-

167 1305 275 1345 ribus
302 1310 312 1328 ⁶
329 1318 397 1358 per
418 1306 533 1345 fidem
555 1305 848 1357 interpositam'
881 1305 1039 1358 legitur.
1085 1304 1146 1345 De
1168 1304 1284 1358 Egni.
1311 1318 1389 1343 non
1412 1311 1569 1344 constat
1590 1318 1660 1357 per

170 1372 439 1425 Oudendorpii
462 1372 728 1422 oscitantiam,
755 1374 819 1425 qui
843 1374 939 1413 liaeo
955 1373 1115 1413 scribit:
1140 1373 1316 1426 ‘pertidia
1339 1371 1655 1425 inposita'Egin.

171 1447 210 1480 et
233 1439 352 1479 Voss.
380 1453 461 1479 sec.
487 1440 556 1480 sed
591 1441 777 1494 ‘perfidia
805 1441 994 1493 inposita'
1026 1447 1086 1480 est
1108 1441 1146 1480 in
1169 1440 1318 1480 Audin.
1346 1448 1382 1480 et
1404 1439 1656 1479 Petauiano’.

169 1507 312 1560 Neque
348 1512 440 1561 ‘per
467 1508 578 1547 fidem
601 1508 897 1562 interpositam’
930 1522 1056 1560 neque
1082 1509 1263 1562 ‘perfidia
1284 1508 1539 1562 interposita'
1564 1507 1660 1547 ferri

169 1581 358 1630 possunt:
384 1575 459 1615 illis
483 1575 586 1615 enim
608 1576 853 1629 participium
876 1576 1031 1628 aliquod
1055 1577 1101 1615 ad
1127 1576 1328 1616 ‘uulnera'
1352 1576 1554 1628 pertinens
1577 1576 1659 1616 adi-

170 1643 349 1683 ciendum
374 1649 482 1691 erat,
516 1643 676 1696 perfidia
699 1643 933 1697 interposita
957 1644 1030 1683 dici
1054 1644 1203 1697 nequit.
1266 1642 1360 1683 Par.
1387 1658 1447 1696 pr.
1473 1651 1512 1684 et
1535 1642 1656 1684 Voss.

170 1725 229 1765 pr.
255 1711 451 1764 scriptura
479 1717 589 1750 recte
622 1708 838 1750 Gruterum
871 1712 1102 1752 emendasse
1136 1712 1381 1751 demonstrat
1423 1715 1515 1764 ‘per
1545 1711 1659 1752 fidem

167 1779 378 1832 imposita'.
432 1776 610 1818 Vulnera
639 1779 740 1818 enim
773 1779 955 1833 imposita
986 1779 1170 1819 dicuntur
1201 1792 1270 1832 per
1298 1779 1411 1818 fidem
1436 1779 1564 1818 datam
1587 1792 1661 1819 nec

168 1853 382 1893 seruatam,
405 1853 449 1886 ut
470 1846 529 1886 his
552 1846 668 1886 locis:
696 1844 816 1887 Caes.
842 1847 880 1887 h.
898 1846 1051 1892 Gall-I,
1076 1846 1146 1897 46,
1172 1846 1196 1887 3
1222 1847 1558 1887 ‘committendum
1583 1862 1661 1887 non

169 1915 343 1968 putabat,
369 1921 412 1954 ut
433 1915 557 1968 pulsis
580 1915 758 1955 hostibus
781 1915 854 1956 dici
879 1923 1013 1969 posset
1034 1930 1102 1956 eos
1125 1916 1172 1956 ab
1195 1929 1238 1955 se
1259 1928 1329 1968 per
1343 1916 1455 1955 fidem
1478 1916 1517 1955 in
1540 1916 1660 1956 collo-

170 1982 258 2036 quio
275 1983 595 2033 circumuentos}
623 1982 711 2023 Cic.
730 1985 776 2025 de
794 1984 947 2024 inuent.
962 1982 996 2034 I,
1015 1983 1083 2031 39,
1104 1983 1154 2024 71
1177 1983 1258 2037 ‘qui
1276 1997 1564 2037 saepenumero
1587 1999 1658 2024 nos

168 2063 239 2103 per
259 2050 370 2091 fidem
395 2051 641 2102 fefellerunt,
676 2065 811 2092 eorum
841 2053 1011 2092 orationi
1034 2053 1147 2092 fidem
1170 2052 1315 2092 habere
1339 2066 1417 2092 non
1440 2053 1655 2101 debemus',

169 2132 239 2172 pro
262 2116 384 2158 Rosc.
410 2118 502 2158 Am.
528 2118 598 2169 40,
625 2119 707 2160 116
731 2121 794 2160 ‘ad
817 2121 927 2161 euius
949 2121 1070 2175 igitur
1090 2121 1203 2161 fidem
1227 2121 1451 2175 confugiet,
1483 2135 1567 2160 oum
1591 2135 1662 2174 per

168 2185 252 2226 eius
275 2186 387 2226 fidem
410 2187 592 2237 laeditur,
618 2188 679 2228 cui
693 2201 735 2228 se
749 2189 1055 2239 commiserith
1082 2187 1176 2229 Liu.
1193 2186 1227 2239 I,
1251 2189 1277 2230 9
1301 2194 1388 2242 ‘per
1400 2190 1457 2229 fas
1480 2204 1524 2229 ac
1548 2189 1660 2228 tidem

171 2254 351 2308 decepti',
376 2252 624 2306 XXXVIII,
648 2255 702 2296 25
735 2258 878 2297 ‘maior
898 2258 1020 2297 multo
1042 2271 1132 2311 pars
1154 2272 1224 2312 per
1245 2258 1356 2298 fidem
1381 2257 1518 2298 uiolati
1541 2257 1660 2298 eollo—

171 2323 248 2375 quii
271 2336 416 2376 poenas
439 2330 564 2363 morte
586 2324 773 2375 luerunt'3
810 2323 906 2366 Sen.
933 2326 978 2365 de
1000 2325 1154 2378 prouid.
1182 2325 1206 2365 3
1222 2358 1232 2375 ,
1267 2325 1292 2366 7
1319 2326 1457 2366 ‘multa
1478 2326 1585 2366 milia
1607 2325 1660 2365 ci-

169 2389 276 2429 uium
298 2388 569 2432 Romanorum
593 2407 672 2432 uno
694 2393 780 2433 loeo
802 2401 891 2447 post
913 2394 1041 2442 fidem,
1066 2394 1183 2433 immo
1207 2408 1276 2447 per
1297 2394 1419 2447 ipsam
1446 2395 1557 2434 fidem
1582 2399 1661 2433 tru-

172 2457 326 2498 cidata'.
371 2456 485 2512 Quae
517 2461 695 2515 exempla
728 2461 805 2501 alia
835 2461 923 2501 aliis
955 2462 1051 2502 loeis
1083 2476 1105 2502 a
1126 2463 1394 2517 grammaticis
1418 2462 1545 2516 posita
1568 2476 1661 2501 con-

171 2538 300 2564 iunxi.

287 2590 336 2633 C.
361 2592 410 2634 51
437 2596 492 2635 sic
514 2596 678 2650 scripsi:
718 2594 836 2638 ‘Cum
858 2597 992 2638 liberis
1014 2598 1140 2638 omnis
1164 2598 1370 2638 multitudo
1394 2598 1548 2638 obuiam
1572 2611 1661 2651 pro-

177 2659 350 2708 cedebat,
375 2662 527 2704 hostiae
548 2665 867 2714 immolabantur,
893 2665 1075 2706 trieliniis
1098 2666 1235 2706 stratis
1258 2666 1343 2705 fora
1362 2667 1583 2719 templaque
1597 2679 1661 2704 oc-

178 2726 438 2781 cupabantur,
472 2738 516 2771 ut
546 2733 610 2772 uel
631 2733 912 2787 spectatissimi
935 2734 1120 2787 triumphi
1143 2734 1294 2774 laetitia
1317 2734 1487 2788 praecipi
1510 2738 1658 2786 posset.

178 2792 309 2834 Tanta
332 2804 417 2836 erat
437 2800 725 2853 magnificentia
746 2803 847 2855 apud
869 2801 1134 2856 opulentiores
1150 2832 1159 2848 ,
1202 2802 1393 2855 cupiditas
1416 2801 1515 2854 apud
1537 2799 1663 2839 humi-

178 2860 325 2902 liores'.
367 2861 470 2905 Nam
493 2880 580 2906 cum
602 2864 790 2910 Caesaris
813 2869 1007 2910 aduentus
1033 2870 1360 2923 ‘expectatissimi
1384 2866 1601 2922 triumplii',
1626 2867 1665 2907 id
