1835 3240
743 161 1164 203 ——204—

213 275 340 316 ‘Haec
360 276 416 317 ita
435 274 652 329 imperabat
672 274 897 327 unicuique,
922 274 977 313 ita
997 274 1275 328 praecipiebat,
1299 274 1355 315 uti
1376 275 1462 316 fieri
1484 290 1561 316 non
1575 290 1690 331 posse

211 357 337 397 neque
356 345 484 384 locum
507 343 712 383 excusatio
731 342 848 382 ullum
877 341 1037 381 baberet
1057 355 1128 382 nec
1150 356 1297 382 moram
1326 344 1631 396 tergiuersatio'.

325 409 374 452 C.
402 411 451 451 17
475 412 570 452 haee
600 411 640 450 in
671 410 782 449 codd.
815 409 961 462 scripta
981 416 1094 449 sunt:
1132 408 1307 450 ‘Caesar
1336 411 1494 452 interim
1527 413 1691 452 consilio

212 479 379 519 hostium
403 480 557 532 cognito
589 478 696 517 iubet
724 477 844 516 aciem
874 476 913 515 in
936 477 1213 530 longitudinem
1237 492 1348 533 quam
1372 480 1580 519 maximam
1604 494 1692 533 por-

210 545 285 599 rigi
317 552 355 586 et
385 545 547 586 alternis
577 544 781 584 conuersis
812 544 1061 593 cohortibus,
1103 552 1144 584 ut
1175 560 1251 586 una
1289 553 1376 599 post
1406 546 1571 586 alteram
1602 551 1693 586 ante

212 613 326 666 signa
348 613 542 661 tenderet,
567 612 618 651 ita
643 625 827 652 coronam
851 611 1021 651 hostium
1043 612 1183 652 dextro
1206 614 1444 666 sinistroque
1470 628 1592 654 cornu
1613 628 1693 654 me-

212 681 312 721 diam
336 680 472 720 diuidit
493 687 532 719 et
555 693 667 719 unam
691 686 839 733 partem
869 679 914 719 ab
949 679 1071 720 altera
1105 681 1304 721 exclusam
1338 681 1533 733 equitibus
1555 682 1695 722 intrin—

211 761 326 788 secus
349 747 508 786 adortus
539 761 625 786 cum
656 747 828 800 peditatu
857 747 946 786 telis
970 747 1156 787 coniectis
1185 748 1225 788 in
1257 749 1387 800 fugam
1419 748 1539 788 uertit
1568 762 1695 802 neque

212 815 366 868 longius
390 828 622 868 progressus
647 814 794 853 ueritus
817 814 980 854 insidias
1002 828 1044 853 se
1066 815 1113 854 ad
1135 829 1225 855 suos
1248 815 1399 868 recipit.
1442 813 1547 855 ldem
1571 816 1694 857 altera

212 896 305 936 pars
336 882 506 935 equitum
540 882 785 935 peditumque
816 879 1004 921 Caesaris
1035 882 1154 921 facit'.
1205 880 1265 922 Ita
1294 882 1394 922 enim
1428 883 1524 923 haee
1558 884 1695 924 distin-

212 950 367 1003 guenda
389 957 495 999 sunt,
520 956 563 989 ut.
585 949 705 989 uerba
737 955 792 989 ‘et
812 949 976 989 alternis
999 950 1200 990 conuersis
1221 950 1447 990 cohortibus
1469 950 1523 991 ita
1546 951 1694 991 diuidit‘

213 1018 527 1072 coniungantur:
557 1017 639 1057 ‘ita'
663 1025 794 1057 autem
817 1017 1028 1065 diuidebat,
1053 1017 1235 1057 nimirum
1258 1018 1342 1058 acie
1359 1018 1399 1057 in
1416 1017 1698 1070 longitudinem

213 1099 326 1138 quam
347 1085 556 1125 maximam
580 1092 774 1138 porrecta.
831 1083 982 1125 Verum
1012 1085 1077 1124 illa
1105 1085 1224 1124 uerba
1250 1089 1308 1124 ‘ut
1327 1099 1403 1124 una
1425 1092 1512 1138 post
1534 1086 1697 1126 alteram

213 1159 304 1193 ante
326 1153 438 1206 signa
461 1153 652 1193 tenderet'
685 1159 795 1192 recte
818 1168 896 1192 non
918 1153 1075 1193 habent.
1131 1151 1284 1193 Caesar
1314 1152 1414 1192 enim
1449 1153 1494 1192 ab
1524 1153 1699 1205 equitatu

214 1220 383 1259 hostium
407 1221 714 1270 circumuentus,
741 1228 779 1260 et
802 1220 941 1260 milites
965 1220 1096 1260 eiusin
1112 1220 1242 1259 orbem
1267 1220 1454 1273 compulsi
1478 1220 1698 1272 erant(l5,

214 1285 274 1341 3).
304 1286 437 1341 ltaque
460 1302 546 1328 cum
569 1289 712 1329 milites
735 1289 772 1327 in
796 1288 1075 1341 longitudinem
1100 1301 1212 1339 quam
1236 1287 1446 1327 maximam
1470 1289 1700 1341 porrexisse

215 1362 254 1394 et
274 1355 326 1394 ita
350 1355 491 1396 dextro
526 1364 565 1397 et
596 1357 757 1396 sinistro
790 1370 912 1395 cornu
935 1369 1116 1394 coronam
1142 1355 1309 1394 hostium
1334 1355 1517 1395 diuisisse
1541 1356 1699 1406 dicitur,

213 1422 425 1475 simplic-em
449 1438 533 1464 eum
565 1425 688 1464 aciem
720 1424 977 1470 instruxisse,
1003 1423 1075 1462 hoe
1098 1429 1159 1461 est
1179 1422 1354 1475 singulas
1379 1422 1560 1462 cohortes
1583 1422 1704 1463 collo-

215 1503 342 1539 casse,
368 1499 544 1545 apertum
568 1499 642 1532 est.
688 1490 774 1531 Hoc
798 1491 910 1530 modo
934 1505 1008 1530 una
1033 1504 1122 1543 pars
1146 1490 1315 1530 hostium
1339 1497 1430 1531 ante
1452 1491 1575 1531 aciem
1599 1497 1698 1540 erat,

215 1557 338 1598 altera
360 1573 378 1598 a
403 1566 530 1614 tergo.
586 1559 694 1599 Haec
724 1573 789 1599 res
823 1559 909 1611 quid
935 1559 1209 1611 postulauerit,
1235 1559 1478 1612 perspicuum
1502 1566 1576 1598 est.
1639 1557 1702 1598 Ad

215 1639 300 1665 eam
324 1627 425 1666 enim
450 1642 600 1680 quoque
623 1634 771 1681 partem
796 1627 977 1675 hostium,
1004 1639 1102 1678 quae
1124 1640 1147 1665 a
1169 1633 1282 1678 tergo
1305 1633 1404 1675 erat,
1431 1639 1519 1679 pars
1542 1639 1699 1665 suarum

215 1693 413 1746 copiarum
437 1695 701 1734 conuertenda
728 1692 893 1734 Caesari
927 1700 1035 1742 erat,
1071 1701 1113 1733 ut
1143 1693 1190 1732 ab
1224 1701 1384 1746 utraque
1416 1699 1526 1745 parte
1558 1693 1703 1745 impetu

215 1762 334 1810 facto,
360 1761 397 1800 id
421 1763 520 1814 quod
543 1762 680 1801 deinde
703 1761 893 1801 accidisse
916 1761 1098 1815 legimus,
1125 1761 1258 1801 hostes
1278 1761 1594 1814 profligarentur.
1619 1758 1703 1799 Iam

214 1841 311 1868 uero
334 1829 367 1868 si
389 1830 443 1868 ita
465 1829 649 1869 cohortes
673 1835 806 1870 essent
827 1842 1042 1868 conuersae
1058 1860 1067 1877 ,
1102 1836 1144 1868 ut
1176 1842 1250 1868 una
1275 1835 1362 1881 post
1383 1828 1545 1867 alteram
1568 1828 1704 1868 tende-

214 1903 292 1945 ret,
317 1910 451 1936 omnes
475 1905 540 1937 aut
562 1897 601 1937 in
624 1898 809 1938 dextrum
833 1904 900 1936 aut
919 1896 959 1936 in
982 1896 1184 1936 sinistrum
1199 1910 1320 1935 cornu
1342 1901 1605 1948 spectassent,
1630 1894 1702 1935 hoc

217 1964 338 2004 estin
361 1978 445 2004 eam
469 1972 641 2018 partem,
676 1964 741 2004 ubi
771 1966 902 2005 hostes
935 1979 1013 2004 non
1036 1970 1170 2013 erant,
1204 1964 1324 2003 latera
1349 1970 1478 2002 autem
1500 1969 1637 2016 aperta
1657 1976 1703 2002 eo

218 2033 527 2082 conuertissent,
553 2032 616 2073 ubi
640 2032 773 2072 hostes
796 2033 1069 2072 constiterant.
1121 2031 1274 2071 Deinde
1307 2031 1627 2083 quemadmodum
1648 2030 1706 2070 ita

217 2100 395 2141 alternae
418 2101 600 2141 cohortes
624 2113 844 2140 conuersae
867 2100 969 2149 sint,
1003 2100 1095 2139 item
1129 2099 1321 2152 quomodo
1344 2098 1523 2136 effectum
1552 2097 1628 2147 sit,
1662 2103 1705 2135 ut

217 2175 309 2207 ante
343 2168 452 2220 signa
488 2169 718 2216 tenderent,
753 2181 800 2207 ne
832 2167 1008 2221 intellegi
1041 2168 1192 2219 quidem
1223 2172 1366 2219 potest.
1429 2163 1578 2204 Verum
1610 2163 1706 2203 uidit

218 2232 442 2275 Schnellius
466 2243 505 2275 et
526 2243 618 2275 ante
641 2250 726 2276 eum
750 2234 1052 2284 Ablaneurtius,
1079 2235 1143 2287 qui
1165 2231 1378 2274 Caesarem
1395 2230 1545 2272 Gallice
1568 2230 1702 2280 uertit,

219 2302 316 2342 baec
347 2303 401 2342 ita
429 2317 517 2343 esse
549 2304 779 2344 scribenda:
817 2303 1005 2343 ‘alternis
1035 2302 1241 2342 conuersis
1275 2299 1520 2347 cohortibus,
1552 2305 1595 2338 ut
1625 2311 1703 2338 una

218 2376 321 2424 post,
345 2370 468 2411 altera
490 2379 581 2411 ante
604 2371 717 2424 signa
740 2371 947 2412 tenderet'.
981 2369 1139 2410 Etenim
1154 2384 1238 2409 cum
1262 2369 1430 2421 simplex
1451 2373 1558 2406 esset
1579 2365 1701 2415 acies,

218 2443 261 2477 ut
281 2438 438 2484 monui,
463 2439 632 2479 secunda
649 2469 658 2487 ,
686 2446 844 2491 quarta,
872 2445 1002 2487 sexta,
1029 2437 1196 2492 denique
1217 2437 1342 2477 altera
1363 2448 1540 2488 quaeque
1563 2434 1705 2474 cohors

219 2507 310 2557 (eae
333 2506 435 2545 enim
457 2514 548 2546 sunt
569 2506 745 2546 alternae
768 2506 973 2560 cohortes)
1006 2505 1045 2544 in
1068 2503 1303 2544 contrariam
1328 2510 1473 2555 partem
1499 2507 1705 2541 conuerte-

219 2572 348 2612 batur.
381 2571 441 2613 Ita
465 2581 502 2613 et
523 2574 562 2612 in
585 2580 788 2626 utramque
810 2580 959 2626 partem
981 2572 1085 2612 acies
1107 2570 1389 2619 instruebatur,
1416 2576 1451 2608 et
1475 2582 1544 2608 eae
1569 2568 1707 2608 cohor-

221 2647 297 2689 tes,
322 2653 420 2693 quae
444 2655 520 2681 non
545 2641 820 2689 mouebantur,
854 2647 940 2693 post
960 2640 1072 2693 sigua
1094 2638 1331 2686 tendebant,
1367 2649 1464 2689 quae
1487 2648 1706 2675 conuersae

221 2715 360 2755 erant,
393 2715 485 2748 ante
514 2708 642 2760 signa.
687 2706 866 2760 Denique
896 2706 1098 2760 longitudo
1120 2705 1245 2754 aciei,
1278 2704 1315 2744 id
1347 2703 1446 2756 quod
1468 2702 1600 2757 magui
1622 2708 1709 2743 erat

220 2775 423 2825 momenti,
449 2790 526 2815 non
549 2775 813 2816 minuebatur.

336 2840 386 2883 C.
413 2842 482 2893 18,
506 2843 532 2883 4
554 2844 611 2884 sic
633 2843 759 2884 edidi:
797 2846 808 2866 ⁴
824 2837 923 2881 Cum
947 2839 994 2880 ab
1016 2840 1196 2882 hostibus
1219 2839 1353 2879 eodem
1378 2839 1491 2878 modo
1514 2849 1709 2892 pugnare-
