1835 3240
97 142 180 185 346
617 144 691 187 DE
722 144 912 188 BELLO
945 143 1191 187 GALLICO

173 264 326 298 terrore
358 271 546 312 equorum
579 266 619 300 et
649 261 816 313 strepitu
847 265 1022 299 rotarum
1056 259 1213 299 ordines
1249 259 1474 313 plerumque
1496 266 1649 313 pertur-

170 324 287 374 bant,
321 332 360 366 et
389 340 473 366 cum
505 340 546 367 se
569 327 672 366 inter
694 327 863 378 equitum
888 332 1035 365 turmas
1059 325 1383 376 insinuauerunt,
1417 341 1469 367 ex
1500 326 1648 367 essedis

124 391 151 433 2
172 392 356 434 desiliunt
387 400 426 433 et
465 393 627 447 pedibus
659 393 916 446 proeliantur.
979 392 1157 446 Aurigae
1196 393 1352 434 interim
1382 395 1565 448 paulatim
1597 407 1650 433 ex

170 460 318 514 proelio
342 461 541 501 excedunt
562 467 676 512 atque
698 461 753 500 ita
776 474 915 500 currus
939 460 1171 510 conlocant,
1197 467 1263 510 ut,
1298 461 1332 500 si
1354 462 1408 501 illi
1431 477 1453 502 a
1474 462 1648 501 multitu-

171 527 259 568 dine
292 528 456 568 hostium
487 534 738 580 premantur,
772 528 995 581 expeditum
1026 529 1073 568 ad
1105 542 1196 568 suos
1228 535 1427 581 receptum
1458 529 1641 569 habeant.
1677 535 1694 566 5

123 593 148 634 3
169 593 232 634 Ita
254 595 505 634 mobilitatem
519 594 706 649 equitum,
732 595 982 636 stabilitatem
995 596 1165 649 peditum
1190 596 1225 634 iu
1250 595 1408 648 proeliis
1430 603 1646 649 praestant,

170 676 215 702 ac
236 669 384 702 tantum
417 676 489 701 usu
522 661 719 702 cotidiano
751 670 790 702 et
812 664 1100 704 exercitatione
1123 663 1315 712 efficiunt,
1349 663 1405 702 uti
1435 663 1476 702 iu
1509 663 1649 703 declini

169 743 214 770 ac
246 729 446 783 praecipiti
480 730 565 770 loco
596 729 782 770 incitatos
814 745 934 783 equos
963 731 1162 770 sustinere
1193 737 1232 770 et
1254 731 1362 770 breui
1386 731 1581 771 moderari
1605 745 1650 771 ac

169 796 329 837 flectere
353 804 390 836 et
411 811 480 850 per
502 803 695 838 temonem
728 812 960 852 percurrere
992 805 1031 839 et
1051 799 1091 838 in
1114 798 1205 852 iugo
1227 799 1414 839 insistere
1438 805 1476 838 et
1498 811 1540 838 se
1563 799 1651 838 iude

92 862 150 907 34
170 864 210 904 in
234 877 372 904 currus
396 864 583 905 citissime
605 866 782 919 recipere
806 866 1050 905 consuerint.
1100 863 1251 918 Quibus
1273 866 1390 906 rebus
1414 865 1650 919 perturbatis
1684 872 1723 905 10

168 931 318 971 nostriS
342 932 519 972 nouitate
540 946 694 987 pugnae
722 939 898 987 tempore
929 934 1259 987 opportunissimo
1285 931 1438 974 Caesar
1459 934 1649 974 auxilium

167 999 278 1039 tulit:
304 1013 471 1053 namque
494 1000 575 1041 eius
599 1001 770 1041 aduentu
793 1001 925 1042 hostes
945 1002 1224 1051 constiterunt,
1250 1002 1375 1041 nostri
1398 1015 1441 1042 se
1464 1015 1515 1041 ex
1538 1001 1651 1040 timo-

121 1066 148 1107 2
169 1081 213 1108 re
244 1075 493 1121 receperunt.
557 1066 646 1120 Quo
679 1070 782 1109 facto
816 1070 863 1109 ad
894 1069 1164 1109 lacessendum
1201 1069 1306 1109 etad
1329 1069 1648 1109 committendum

167 1134 357 1188 proelium
390 1136 559 1176 alienum
593 1150 682 1177 esse
716 1144 868 1190 tenipus
891 1137 1103 1176 arbitratus
1127 1151 1198 1176 suo
1221 1150 1264 1176 se
1286 1137 1371 1176 loco
1395 1136 1590 1177 continuit
1611 1142 1651 1175 et

121 1199 146 1240 3
167 1201 279 1242 breui
301 1209 476 1257 tempore
506 1203 733 1244 intermisso
761 1205 802 1244 in
824 1211 953 1244 castra
977 1205 1155 1257 legiones
1177 1205 1351 1244 reduxit.
1416 1203 1520 1243 Dum
1552 1202 1648 1243 haec
1681 1210 1720 1242 15

167 1277 374 1323 geruntur,
399 1271 547 1311 nostris
570 1271 748 1311 omnibus
771 1271 970 1325 occupatis
999 1272 1062 1324 qui
1084 1278 1198 1311 erant
1218 1272 1257 1312 in
1280 1271 1384 1324 agris
1407 1271 1549 1323 reliqui
1572 1271 1652 1311 dis-

119 1335 147 1377 4
169 1345 389 1377 cesserunt.
453 1335 625 1379 Secutae
655 1345 748 1379 suut
778 1338 988 1379 continuos
1022 1339 1230 1392 conplures
1264 1338 1346 1378 dies
1376 1344 1648 1391 tempestates,

168 1418 266 1458 quae
289 1412 328 1445 et
349 1412 509 1446 nostros
532 1406 573 1446 in
606 1406 746 1446 castris
770 1406 1021 1447 continerent
1043 1413 1081 1447 et
1102 1407 1253 1447 hostem
1277 1420 1297 1446 a
1320 1419 1449 1460 pugna
1470 1405 1652 1459 prohibe·
1710 1398 1711 1401 ¹

119 1471 143 1512 5
165 1479 268 1513 rent.
331 1470 494 1514 Interim
518 1473 676 1514 barbari
706 1474 863 1514 nuntios
885 1475 925 1514 in
948 1488 1084 1514 omnes
1106 1481 1238 1527 partes
1261 1473 1495 1513 dimiserunt
1516 1472 1651 1527 pauci-

166 1547 364 1593 tatemque
386 1548 610 1582 nostrorum
634 1542 795 1582 militum
819 1542 901 1582 suis
924 1543 1256 1595 praedicanerunt
1278 1548 1338 1591 et,
1374 1547 1516 1594 quanta
1539 1554 1652 1594 prae·
1682 1547 1724 1582 20

167 1609 239 1649 dae
262 1609 465 1649 faciendae
487 1617 602 1662 atque
624 1610 665 1649 in
687 1616 917 1662 perpetuum
940 1610 1000 1649 sui
1022 1610 1213 1650 liberandi
1236 1609 1402 1648 facultas
1417 1609 1592 1658 daretur,
1618 1608 1651 1648 si

166 1675 370 1717 Romanos
393 1677 535 1717 castris
557 1677 817 1730 expulissent,
845 1677 1230 1717 demonstrauerunt.
1274 1674 1348 1716 His
1370 1676 1488 1716 rebus
1512 1675 1651 1715 eeleri-

166 1750 229 1783 ter
249 1757 387 1797 magna
412 1744 659 1784 multitudine
683 1745 877 1798 peditatus
900 1744 1175 1797 equitatusque
1202 1751 1339 1784 coacta
1359 1745 1406 1784 ad
1429 1751 1559 1784 castra
1582 1757 1651 1783 ue-

92 1811 150 1856 35
174 1818 332 1852 nerunt.
397 1807 574 1861 Caesar,
611 1811 685 1851 etsi
706 1811 833 1861 idem,
860 1812 960 1864 quod
982 1812 1251 1865 superioribus
1274 1812 1410 1851 diebus
1434 1811 1647 1861 acciderat,

168 1880 253 1920 fore
274 1879 455 1929 uidebat,
481 1886 548 1929 ut,
575 1879 608 1919 si
631 1886 765 1919 essent
786 1879 919 1919 hostes
942 1879 1067 1932 pulsi,
1092 1879 1296 1920 eeleritate
1319 1879 1530 1932 periculum
1554 1879 1650 1919 effu-
1682 1885 1724 1918 25

167 1955 332 2001 gerent,
367 1954 496 1987 tamen
517 1954 656 1987 nactus
680 1947 828 2000 equites
851 1947 1008 1987 circiter
1027 1953 1151 1997 XXX,
1187 1961 1283 2000 quos
1307 1945 1510 1987 Commius
1532 1947 1651 1988 Atre-

170 2015 258 2065 bas,
284 2015 330 2055 de
352 2029 427 2068 quo
450 2022 542 2056 ante
565 2015 709 2055 dictum
732 2022 817 2063 est,
842 2029 972 2055 secum
996 2021 1336 2068 transportauerat
1353 2045 1364 2064 ,
1398 2015 1576 2069 legiones
1608 2015 1650 2055 in

119 2085 146 2128 2
168 2084 252 2124 acie
274 2097 344 2137 pro
367 2083 506 2123 castris
530 2083 750 2124 constituit.
809 2080 1031 2123 Commisso
1064 2082 1214 2136 proelio
1246 2082 1390 2122 diutius
1423 2090 1649 2122 nostrorum

167 2151 334 2192 militum
364 2151 550 2206 impetum
581 2151 715 2193 hostes
746 2151 851 2191 ferre
883 2164 962 2191 non
993 2156 1203 2204 potuerunt
1225 2164 1271 2190 ac
1293 2157 1405 2203 terga
1426 2156 1646 2190 uerterunt.

310 2312 332 2346 2
349 2311 612 2344 insinuauerunt
628 2313 661 2344 A
673 2312 750 2354 Df,
772 2310 1027 2344 insinuauerint
1045 2309 1106 2352 (B)
1123 2310 1213 2342 GEe
1231 2312 1269 2341 et
1282 2319 1350 2340 sec.
1372 2310 1468 2350 m.s.

169 2362 227 2406 ex]
249 2368 283 2395 et:
300 2373 344 2394 ex
362 2364 419 2405 ef.
561 2363 580 2395 3
599 2363 732 2405 pedites
753 2364 770 2394 b
786 2363 848 2404 es.
989 2361 1153 2404 paulatim
1168 2361 1242 2393 AB
1255 2361 1362 2392 CDE
1382 2359 1546 2399 ‘0m7zes',·
1565 2367 1648 2400 pau-

169 2414 238 2446 lum
256 2423 277 2445 a
290 2424 326 2453 e,
346 2413 520 2455 paululum
530 2414 567 2453 f.
711 2415 730 2446 4
749 2423 869 2445 cursus
889 2413 906 2444 b
919 2423 957 2453 c,
978 2422 1013 2443 se
1031 2422 1051 2443 α
1065 2412 1127 2453 es.
1247 2410 1429 2441 conlocant
1446 2409 1518 2440 AB
1534 2409 1647 2451 CDs.

313 2466 729 2508 7utiABCDE,uts.
869 2462 1370 2503 9seindeABCDE,inde
1388 2462 1505 2503 sesv.

172 2518 212 2551 10
230 2517 399 2549 tetissime
418 2527 463 2547 m.
480 2527 540 2558 pr.
560 2518 602 2549 B.
760 2517 797 2549 11
821 2515 1106 2559 opportunissime
1123 2525 1170 2546 m.
1188 2524 1245 2554 pr.
1265 2514 1307 2545 B.
1465 2514 1507 2546 ⁴12
1524 2523 1559 2545 se
1579 2523 1648 2545 om.

173 2579 211 2609 c,
225 2571 310 2610 post
326 2567 448 2599 timore
459 2569 569 2608 ponit
585 2568 700 2600 Aldus
719 2571 754 2599 et
772 2570 838 2599 int..
858 2577 950 2598 vers.
963 2567 1000 2609 s.
1172 2565 1212 2597 13
1231 2565 1272 2595 ad
1292 2565 1529 2597 lacessendum
1546 2565 1578 2595 A
1590 2564 1650 2605 (B)

175 2619 295 2658 CEb,
316 2618 358 2649 ad
378 2617 615 2650 lacessendum
634 2619 765 2649 hostem
785 2617 849 2659 es.
989 2620 1024 2647 et
1042 2615 1318 2647 committendum
1338 2616 1400 2656 es.
1545 2615 1584 2646 15
1602 2614 1650 2645 le-

171 2670 290 2711 giones
310 2668 473 2700 conduxit
493 2669 533 2701 C.
677 2668 716 2700 16
736 2669 826 2699 inter
843 2677 942 2707 agros
957 2667 1002 2698 D.
1143 2665 1319 2697 discerunt
1335 2676 1382 2696 m.
1397 2675 1456 2707 pr.
1477 2665 1517 2697 B.

175 2721 216 2754 17
236 2720 309 2752 dies
328 2718 766 2761 compluresf(conplures
785 2718 858 2750 AB
873 2717 926 2755 C).
1084 2715 1125 2748 18
1143 2715 1257 2747 hostes
1278 2716 1308 2746 b.
1449 2715 1492 2749 22
1511 2715 1648 2747 demon-

174 2775 371 2804 strauerant
391 2770 477 2802 CD.
641 2767 758 2810 rebus]
779 2768 898 2800 diebus
920 2767 937 2798 b
950 2766 1016 2807 ds.
1197 2767 1239 2799 23
1258 2766 1438 2798 multitudo
1457 2767 1502 2798 A.

174 2825 216 2857 25
235 2827 272 2854 ut
291 2822 318 2854 si
338 2821 406 2864 es,
427 2825 460 2852 et
479 2821 506 2852 si
524 2820 596 2852 AB
610 2819 679 2852 CD
696 2820 736 2851 Ε.
876 2818 919 2853 26
939 2818 1080 2858 triginta
1099 2817 1172 2859 (B).
