1835 3240
655 175 1082 220 ——219—

137 295 237 336 citus
251 290 436 334 Caesaris
453 291 642 332 inAfrica
664 291 886 332 fuitdecem
899 291 1114 346 legionum,
1140 290 1308 342 quinque
1321 295 1617 339 ueteranarum,

135 362 302 415 quinque
325 360 511 400 tironum.
548 358 644 400 Inde
667 366 828 413 apparet
848 374 882 399 c.
907 358 977 408 66,
1003 358 1065 398 ubi
1091 355 1187 398 VIII
1210 357 1386 409 legiones
1408 364 1621 397 ueteranae

137 427 323 470 Caesaris
346 435 718 476 commemorantur,
745 442 949 467 numerum
973 434 1195 480 corruptum
1209 440 1312 465 esse.
1349 422 1448 465 Cum
1462 425 1509 463 ad
1527 425 1622 464 duas

134 496 302 538 Labieni
325 497 501 549 legiones
524 495 777 548 excipiendas
798 493 950 536 Caesar
971 497 1288 549 proficisceretur
1309 492 1398 545 (65,
1414 491 1458 545 3)
1482 491 1625 531 uerisi-

133 566 224 605 mile
246 572 306 604 est
328 564 494 616 quinarii
519 563 670 603 numeri
693 569 824 602 notam
847 564 1050 603 delendam
1073 577 1178 603 esse.
1218 561 1371 602 Deinde
1394 561 1625 614 quibusdam

133 633 230 673 locis
254 633 411 672 nomina
433 632 630 685 legionum
653 645 732 670 non
754 639 864 671 recta
887 639 1044 671 seruata
1067 638 1174 671 sunt.
1221 629 1331 670 Duae
1354 630 1529 684 legiones
1557 641 1626 668 ue-

134 708 314 751 teranae,
339 715 438 754 quae
461 700 632 740 secundo
655 707 875 740 commeatu
897 700 1158 749 aduenerunt,
1184 713 1219 738 c.
1240 698 1310 748 34,
1334 697 1360 738 4
1382 698 1628 752 appellantur

134 767 238 809 XIII
261 776 297 809 et
318 768 437 819 XIV,
473 775 512 808 et
534 783 568 808 c.
594 766 648 807 45
670 768 725 807 in.
752 768 932 808 centurio
954 766 1057 809 XIV
1078 767 1243 820 legionis
1278 772 1624 813 commemoratur,

135 839 196 891 qui
221 852 308 878 cum
332 835 662 877 commilitonibus
685 836 834 888 aliquot
854 836 893 875 13
917 836 1023 884 33111,
1050 848 1147 888 quae
1169 835 1394 875 insecundo
1409 840 1628 874 commeatu

135 905 580 952 aberrauerat,aclassc
595 903 690 943 l{ari
705 903 812 943 0th.
832 902 990 944 Octauii
1005 911 1141 958 captus
1155 911 1242 943 erat
1263 908 1315 945 (c.
1331 903 1399 951 44,
1424 903 1485 947 2).
1512 901 1627 942 Duae

133 981 361 1025 ueteranae,
385 987 483 1025 quae
497 972 611 1011 tertio
627 980 843 1011 commeatu
858 972 1046 1012 traiectae
1059 979 1164 1020 sunt,
1190 986 1225 1012 c.
1242 970 1294 1012 53
1316 969 1528 1012 111.13Ρ31·.
1544 983 1625 1010 sec.

132 1049 242 1082 recte
264 1038 501 1081 dicunturX
524 1047 563 1079 et
577 1038 691 1079 VIIII
706 1041 915 1089 (edebatur
934 1041 983 1079 ibi
1001 1038 1229 1090 ί1Χ61,Χ’),
1255 1041 1294 1080 111
1309 1039 1425 1080 Leid.
1442 1053 1499 1093 pr.
1516 1038 1630 1078 aber-

133 1117 260 1150 ratum
275 1116 349 1158 est,
376 1109 503 1161 inquo
523 1106 580 1147 ‘X
594 1106 717 1148 etXl’
740 1108 910 1161 legitur:
934 1109 1025 1148 item
1040 1123 1074 1149 c.
1092 1108 1146 1148 54
1159 1109 1294 1148 eodem
1317 1114 1534 1148 commeatu
1556 1106 1629 1146 tri-

134 1179 278 1218 bunum
312 1177 484 1217 decimae
515 1176 682 1230 legionis
706 1177 909 1217 traiecisse
931 1178 1118 1217 refertur.
1151 1174 1231 1217 Sed
1256 1177 1430 1216 decimae
1460 1174 1629 1230 legionis

137 1247 248 1286 miles
267 1247 343 1286 iam
358 1260 392 1285 c.
411 1243 462 1284 16
474 1252 818 1295 commemoratur,
834 1246 1075 1298 aliquantum
1090 1253 1295 1298 antequam
1312 1245 1461 1284 decima
1474 1243 1577 1297 legio
1590 1243 1631 1282 in

137 1315 314 1355 Africam
348 1314 596 1354 traiceretur.
642 1313 729 1353 Hoc
761 1314 849 1353 inde
873 1315 1018 1353 factum
1042 1322 1127 1361 est,
1163 1314 1263 1366 quod
1287 1310 1441 1353 Caesar
1461 1312 1545 1365 ipse
1567 1325 1631 1352 se-

139 1397 223 1422 cum
254 1388 412 1435 praeter
443 1395 516 1420 sex
547 1381 724 1433 legiones
756 1389 905 1434 septem
939 1382 1122 1421 cohortes
1146 1389 1355 1422 ueteranas
1378 1382 1628 1429 traduxerat,

140 1464 235 1503 quas
259 1450 430 1502 scriptor
451 1449 539 1489 belli
562 1448 744 1489 Africani
767 1464 801 1489 c.
826 1448 893 1498 10,
919 1449 945 1488 2
966 1449 1005 1489 in
1029 1450 1155 1489 classe
1179 1464 1263 1489 cum
1290 1448 1466 1503 Sulpicio
1490 1455 1529 1488 et
1552 1446 1632 1488 Va-

139 1519 236 1558 tinio
260 1531 342 1556 rem
364 1517 539 1570 gessisse
562 1517 712 1556 scribit.
748 1516 926 1570 Vterque
949 1525 1077 1557 autem
1101 1519 1229 1558 classe
1243 1518 1501 1558 dimicauerat
1515 1515 1631 1570 paulo

136 1593 224 1640 post
246 1598 411 1638 pugnam
436 1582 719 1633 Pharsalicam,
746 1582 945 1637 Sulpicius
967 1584 1005 1624 in
1031 1583 1168 1625 Sicilia
1191 1593 1327 1625 contra
1352 1584 1400 1626 C.
1427 1583 1629 1634 Cassium,

137 1654 183 1693 de
206 1667 280 1705 qua
302 1666 344 1691 re
368 1648 522 1691 Caesar
542 1651 581 1690 b.
607 1652 683 1691 ciu.
708 1651 782 1701 III,
812 1651 887 1691 101
913 1653 1062 1701 retulit,
1089 1652 1275 1693 Vatinius
1298 1654 1337 1693 in
1359 1652 1516 1707 Illyrico
1540 1667 1634 1693 eon-

138 1729 199 1761 tra
214 1719 272 1760 M.
290 1718 514 1769 Octauium,
541 1734 635 1772 quas
659 1734 723 1760 res
738 1719 892 1759 Hirtius
916 1721 1097 1761 narrauit
1118 1721 1157 1760 b.
1174 1721 1296 1761 Alex,
1321 1721 1376 1760 44
1397 1735 1482 1774 sqq.
1510 1720 1634 1762 Vtro-

137 1803 210 1842 que
232 1789 318 1829 loco
343 1802 410 1829 eos
433 1788 577 1828 milites
601 1802 808 1841 aegrorum
834 1803 997 1828 numero
1021 1789 1180 1829 relictos
1205 1803 1293 1829 esse
1321 1789 1631 1839 demonstratur,

137 1871 222 1898 cum
246 1854 399 1897 Caesar
420 1864 556 1897 contra
578 1856 807 1911 Pompeium
830 1859 871 1896 in
896 1855 1105 1897 Graeciam
1136 1857 1480 1911 proficisceretur:
1516 1864 1635 1911 atque

137 1940 189 1966 ex
211 1926 341 1978 aegris
364 1927 546 1965 cohortes
569 1924 772 1965 Brundisii
795 1926 916 1965 factas
940 1939 1028 1965 esse
1052 1922 1206 1965 Caesar
1236 1926 1274 1965 b.
1300 1926 1378 1966 ciu.
1407 1924 1488 1975 III,
1513 1925 1583 1976 87,
1608 1925 1635 1965 4

138 1994 324 2034 ostendit.
370 1993 434 2033 Ex
467 1994 602 2033 barum
634 1993 754 2048 igitur
786 1993 1006 2033 cohortium
1037 2007 1199 2034 numero
1222 2001 1395 2048 septem,
1431 2007 1527 2047 quas
1550 1993 1634 2047 ipse

137 2059 292 2102 Caesar
312 2062 425 2101 initio
449 2062 639 2112 trauexit,
666 2063 714 2102 ad
737 2075 803 2102 635
826 2062 1002 2114 legiones
1026 2069 1237 2102 ueteranas
1250 2062 1505 2116 pertinuisse,
1531 2075 1633 2115 quae

136 2130 308 2170 secundo
341 2137 380 2170 et
412 2130 528 2169 tertio
552 2137 772 2171 commeatu
794 2130 1053 2178 aduenerunt,
1091 2137 1130 2170 et
1161 2145 1299 2171 rursus
1329 2131 1377 2171 iis
1401 2131 1632 2170 coniunctas

137 2211 226 2238 esse
247 2198 338 2238 inde
363 2205 548 2252 apparet,
586 2199 687 2251 quod
719 2205 806 2252 post
827 2199 963 2239 harum
987 2199 1196 2238 aduentum
1220 2213 1298 2239 non
1321 2212 1633 2239 commemoran-

138 2272 215 2306 tur.
252 2263 345 2315 Sed,
363 2267 463 2306 utad
486 2267 643 2307 nomina
666 2267 865 2321 legionum
889 2274 1154 2316 reuertamur,
1181 2282 1215 2307 c.
1230 2265 1285 2307 60
1306 2268 1345 2307 in
1366 2267 1634 2321 descriptione

137 2333 236 2374 aciei
260 2330 527 2374 Caesarianae
549 2342 657 2375 recte
678 2333 780 2375 XIII
805 2342 844 2375 et
864 2333 967 2375 XlV
990 2336 1030 2374 13
1054 2335 1180 2375 media
1202 2336 1286 2375 acie
1308 2336 1523 2376 collocatae
1546 2349 1635 2376 esse

139 2400 343 2451 dicuntur,
377 2404 443 2442 sed
468 2404 507 2443 13
530 2404 690 2443 sinistro
714 2417 837 2444 cornu
858 2403 898 2443 in
921 2403 1119 2443 codicibus
1141 2402 1204 2443 IX
1226 2410 1266 2443 et
1288 2402 1386 2444 VIII
1418 2411 1630 2458 ponuntur.

142 2465 219 2508 Pro
242 2469 299 2509 bis
322 2469 549 2522 igiturXet
564 2470 678 2512 VIIII
701 2472 874 2520 restitui,
901 2486 1062 2524 quorum
1077 2471 1235 2511 nomina
1250 2471 1365 2521 etiis,
1391 2487 1492 2525 quae
1515 2486 1634 2525 supra

141 2537 270 2585 retuli,
297 2539 393 2577 satis
417 2540 568 2579 firmata
590 2546 697 2585 sunt,
723 2546 763 2579 et
785 2554 819 2579 6.
839 2538 889 2579 Sl
914 2541 953 2578 in
977 2540 1156 2580 omnibus
1180 2541 1290 2579 codd.
1306 2541 1505 2594 leguntur.
1533 2538 1632 2580 Cum

142 2609 269 2642 autem
292 2618 326 2643 c.
351 2603 405 2645 60
426 2607 596 2660 quinque
619 2608 795 2662 legiones
830 2614 1045 2647 ueteranae
1078 2616 1436 2649 commemorentur
1459 2608 1630 2662 (quinta,

144 2682 241 2721 quae
263 2672 456 2726 equitibus
480 2676 673 2728 praesidio
697 2676 912 2729 praemissa
937 2683 1038 2724 erat,
1073 2677 1220 2716 decima
1245 2684 1284 2717 et
1307 2692 1432 2726 30113,
1471 2691 1568 2730 quae
1591 2677 1631 2716 in

144 2736 302 2777 sinistro
324 2754 468 2792 cornu,
495 2744 609 2783 tertia
633 2743 782 2783 decima
806 2750 843 2783 et
868 2750 1006 2796 quarta
1025 2744 1197 2793 decima,
1223 2760 1319 2798 quae
1336 2745 1375 2784 111
1400 2746 1523 2784 media
1546 2744 1632 2785 acie

144 2805 359 2846 collocatae
381 2817 537 2862 erant),
572 2826 699 2865 neque
728 2813 857 2866 plures
881 2827 996 2865 quam
1027 2811 1196 2865 quinque
1218 2820 1428 2853 ueteranas
1451 2813 1630 2865 legiones

145 2870 361 2915 Caesarem
382 2876 423 2917 in
444 2877 581 2920 Africa
602 2879 784 2921 habuisse
807 2888 985 2931 constet,
1019 2887 1205 2933 quattuor
1235 2881 1407 2934 reliquas
1422 2911 1431 2929 ,
1466 2892 1629 2932 quarum
