1835 3240
112 575 130 606 υἱ

86 912 127 944 10

85 1249 124 1281 15

696 181 885 226 CAPVT
908 178 1111 224 88—90.
1640 177 1723 220 713

164 297 305 354 populo
328 295 513 337 contione
535 295 665 337 habita
686 296 916 337 cohortatur
935 307 1096 345 omncs,
1130 299 1173 334 ut
1204 298 1342 347 portae
1373 292 1640 346 aperirentur:

164 379 208 407 se
227 365 269 405 in
291 361 340 405 C.
367 361 554 405 Caesaris
578 364 785 405 clementia
812 377 992 416 magnam
1014 376 1121 416 spem
1153 360 1310 402 habere.
1354 358 1490 413 Itaque
1522 361 1645 414 portis
1666 360 1693 401 7

164 432 368 486 patefactis
391 430 505 473 Vtica
531 445 715 485 egressus
738 429 903 472 Caesari
934 429 1162 484 imperatori
1191 427 1344 469 obuiam
1368 428 1642 481 proficiscitur.

160 499 338 540 Messala
352 530 362 549 ,
398 507 439 539 ut
462 507 548 540 erat
567 500 797 553 imperatum
814 528 824 546 ‚
859 497 1015 539 Vticam
1046 496 1226 551 peruenit
1247 496 1504 549 omnibusque
1526 496 1647 549 portis

162 568 361 608 custodias
384 568 506 622 ponit.

276 632 428 676 Caesar
449 634 603 675 interim
627 647 649 673 a
671 632 834 685 Thapso
863 645 1098 686 progressus
1120 631 1307 673 Vssetam
1339 630 1546 686 peruenit,
1579 630 1644 670 uhi
1661 629 1721 673 89

163 700 295 755 Scipio
316 716 499 755 magnum
522 700 704 740 frumenti
727 713 949 748 numerum,
975 713 1187 749 armorum,
1214 700 1381 740 telorum
1404 706 1647 740 ceterarum-

162 783 236 822 que
263 783 396 809 rerum
427 783 512 809 cum
536 782 660 823 paruo
683 768 879 821 praesidio
902 766 1106 807 habuerat.
1150 765 1194 807 Id
1226 767 1440 808 adueniens
1472 766 1644 820 potitur,
1667 765 1695 806 2

163 836 302 877 deinde
324 836 583 876 Adrumetum
607 835 802 890 peruenit.
847 832 937 886 Quo
969 849 1057 875 cum
1080 834 1166 874 sine
1188 849 1298 875 mora
1319 835 1545 884 introisset,
1583 847 1647 874 ar-

159 905 256 955 mis,
292 905 488 944 frumento
521 904 763 958 pecuniaque
795 903 1045 944 considerata
1075 899 1127 954 Q.
1152 900 1342 955 Ligario,
1379 900 1428 942 C.
1454 900 1647 943 Considio

160 973 255 1020 filio,
280 973 344 1025 qui
367 979 445 1012 tum
466 971 519 1011 ibi
539 972 708 1021 fuerant,
732 971 851 1010 uitam
875 970 1087 1011 concessit.
1121 968 1275 1010 Deinde
1290 971 1424 1010 eodem
1441 970 1503 1010 die
1517 968 1647 1010 Adru—
1668 966 1694 1007 3

159 1047 264 1079 meto
286 1052 473 1093 egressus
494 1037 681 1079 Liuineio
703 1037 861 1091 Regulo
883 1052 970 1078 cum
992 1037 1148 1091 legione
1170 1036 1223 1078 ibi
1244 1038 1384 1078 relicto
1407 1036 1565 1079 Vticam
1589 1037 1648 1077 ire

160 1107 375 1148 contendit.
419 1104 492 1147 Cui
515 1106 556 1147 in
576 1106 721 1147 itinere
744 1107 786 1146 fit
807 1105 947 1146 obuius
967 1104 1019 1145 L.
1046 1103 1198 1146 Caesar
1227 1112 1266 1145 et
1295 1105 1422 1145 subito
1445 1119 1488 1146 se
1510 1106 1557 1145 ad
1580 1118 1648 1158 ge⁴

160 1188 238 1214 nua
272 1175 439 1228 proiecit
469 1175 667 1228 uitamque
699 1174 773 1214 sibi
804 1187 932 1228 neque
965 1173 1130 1228 amplius
1160 1173 1362 1227 quicquam
1396 1173 1644 1227 deprecatur.

159 1239 234 1282 Cui
249 1239 402 1282 Caesar
422 1243 537 1283 facile
558 1249 598 1283 et
620 1256 690 1296 pro
714 1249 855 1283 natura
876 1256 947 1282 sua
969 1248 1009 1282 et
1030 1255 1099 1295 pro
1116 1241 1298 1282 instituto
1312 1241 1523 1291 concessit,
1547 1240 1642 1280 item
1665 1239 1692 1279 4

160 1307 373 1361 Caecinae,
396 1311 426 1364 -l-
448 1308 606 1359 Ceteio‚
632 1309 680 1350 P.
705 1308 838 1360 Atrio,
861 1308 912 1350 L.
941 1306 1081 1350 Cellae
1103 1309 1205 1363 patri
1227 1316 1266 1350 et
1286 1309 1381 1360 filio,
1412 1307 1473 1348 M.
1497 1307 1642 1363 Eppio,

157 1375 218 1416 M.
234 1378 406 1430 Aquino,
432 1375 597 1418 Catonis
620 1378 698 1418 filio
710 1376 1018 1432 Damasippique
1040 1377 1175 1418 liberis
1198 1391 1251 1418 ex
1271 1391 1342 1417 sua
1360 1376 1647 1417 consuetudine

158 1445 290 1486 tribuit
311 1446 547 1500 circiterque
568 1446 780 1487 luminibus
803 1446 983 1486 accensis
1005 1445 1163 1487 Vticam
1187 1445 1369 1500 peruenit
1390 1451 1507 1498 atque
1529 1451 1646 1484 extra

158 1513 337 1566 oppidum
360 1527 407 1554 ea
428 1522 544 1555 nocte
572 1513 731 1555 mansit.
775 1512 944 1554 Postero
976 1513 1037 1554 die
1067 1527 1180 1554 mane
1211 1514 1251 1554 in
1283 1513 1463 1567 oppidum
1494 1511 1647 1552 introiit
1661 1511 1722 1556 90

157 1581 417 1634 contioneque
440 1582 632 1622 aduocata
654 1581 866 1623 Vticenses
888 1582 1038 1622 incolas
1062 1582 1292 1622 cohortatus
1314 1581 1463 1634 gratias
1486 1594 1556 1634 pro
1578 1593 1645 1620 eo-

156 1664 241 1690 rum
265 1663 359 1703 erga
381 1663 423 1690 se
446 1650 575 1690 studio
598 1650 693 1703 agit,
719 1650 824 1691 ciues
846 1657 975 1691 autem
989 1650 1190 1691 Romanos
1209 1649 1478 1703 negotiatores
1502 1655 1541 1689 et
1557 1661 1643 1698 eos,
1666 1647 1694 1688 2

155 1716 218 1770 qui
241 1717 345 1756 inter
366 1724 447 1757 CCC
470 1717 656 1771 pecunias
679 1718 931 1758 contulerant
943 1717 1054 1759 Varo
1076 1725 1115 1758 et
1139 1716 1334 1772 Scipioni,
1359 1716 1490 1756 multis
1512 1715 1645 1756 uerbis

156 1792 361 1826 accusatos
395 1793 435 1826 et
466 1786 517 1826 de'
544 1799 679 1826 eorum
710 1786 927 1827 sceleribus
949 1786 1129 1841 longiore
1151 1786 1283 1827 habita
1304 1784 1484 1826 oratione
1505 1784 1553 1824 ad
1575 1797 1646 1824 ex-

155 1860 346 1904 tremum,
378 1861 422 1894 ut
453 1854 538 1895 sine
561 1861 666 1895 metu
696 1854 923 1908 prodirent,
957 1855 1099 1896 edicit:
1133 1868 1176 1895 se
1208 1853 1265 1894 eis
1299 1853 1492 1893 duntaxat
1521 1852 1643 1892 uitam
1665 1850 1690 1892 3

107 1928 120 1935 ⁹
156 1935 461 1972 concessurum,
493 1922 596 1962 bona
618 1922 772 1975 quidem
796 1936 931 1963 eorum
954 1936 996 1963 se
1018 1923 1292 1971 uenditurum,
1317 1921 1373 1961 ita
1394 1928 1524 1961 tamen
1540 1950 1550 1969 ,
1576 1919 1641 1973 qui

156 2002 291 2028 eorum
313 1989 400 2044 ipse
428 2003 499 2030 sua
531 1990 632 2030 bona
664 1990 919 2040 redemisset,
951 2004 994 2031 se
1017 1991 1208 2031 bonorum
1237 1990 1505 2031 uenditionem
1532 1988 1643 2028 indu-

153 2062 308 2096 cturum
340 2063 377 2096 et
409 2058 613 2110 pecuniam
645 2058 788 2098 multae
817 2058 976 2098 nomine
996 2058 1236 2108 relaturum,
1270 2065 1314 2098 ut
1335 2055 1643 2097 incolumitatem

154 2123 330 2165 retinere
360 2133 510 2178 posset.
576 2125 730 2179 Quibus
762 2133 868 2166 metu
901 2126 1170 2180 exsanguibus
1203 2126 1249 2167 de
1291 2126 1448 2179 uitaque
1489 2139 1540 2165 ex
1573 2139 1645 2166 suo
1666 2126 1693 2166 4

299 2216 312 2248 1
335 2217 498 2248 concione
518 2216 585 2259 (a).
752 2218 882 2261 habita]
905 2218 997 2251 sacta
1014 2228 1048 2250 α.
1214 2217 1412 2249 cohortatus
1431 2227 1453 2248 α
1472 2218 1500 2248 b.

151 2266 173 2300 2
192 2265 228 2298 C.
251 2265 410 2299 Caesaris
429 2278 450 2299 a
471 2268 488 2299 b
508 2278 526 2299 c
543 2267 560 2299 3
581 2268 683 2309 dett„
706 2268 868 2301 Caesaris
887 2280 922 2301 u.
1132 2269 1151 2301 4
1170 2266 1322 2300 Messala
1340 2268 1405 2309 (a),
1427 2266 1594 2301 Messalla
1610 2279 1644 2300 u.

295 2319 313 2350 6
333 2319 375 2350 ab
398 2320 428 2351 b.
572 2319 708 2353 Thabso
724 2331 758 2353 a.
899 2320 1059 2353 Vssetam
1077 2331 1111 2362 α,
1130 2320 1291 2353 Vscetam
1309 2330 1332 2352 u
1351 2324 1386 2353 et
1406 2321 1468 2352 ‘sic
1485 2321 1544 2353 uel
1559 2319 1647 2353 Vze—

151 2374 233 2412 tam,
253 2369 426 2413 Vssetaln,
446 2370 586 2406 Vsetam
605 2372 702 2404 mss.⁷
868 2373 886 2405 9
904 2374 1117 2406 Adrimetum
1136 2384 1170 2405 a.
1332 2374 1373 2406 10
1393 2373 1591 2406 considerat
1606 2374 1647 2406 A

154 2421 194 2463 Q.
214 2433 248 2454 α.
391 2424 428 2458 11
452 2424 662 2467 fuerant({1)
683 2426 700 2456 b
719 2427 739 2460 2
761 2425 863 2466 dett„
887 2425 1001 2458 fuerat
1016 2426 1162 2467 reliqui.
1307 2426 1359 2458 die
1378 2437 1446 2458 om.
1469 2427 1499 2458 b.

155 2471 348 2507 lladrimeto
367 2486 400 2507 α.
545 2477 585 2509 12
598 2487 672 2508 cum
691 2477 826 2518 legione
846 2477 892 2510 ibi
912 2488 944 2519 a,
960 2477 1006 2509 ibi
1026 2487 1099 2509 cum
1118 2476 1250 2517 legione
1266 2477 1345 2509 edd.
1488 2476 1530 2509 13
1544 2475 1644 2508 ienua

161 2532 194 2553 a·
343 2527 383 2558 14
402 2526 580 2569 quicquam
599 2537 632 2567 α,
654 2538 722 2559 non
743 2527 858 2569 quidq.
1010 2528 1049 2560 15
1069 2532 1191 2559 natura
1210 2537 1271 2559 sua
1289 2537 1324 2568 α,
1345 2537 1405 2559 sua
1425 2532 1548 2559 natura
1566 2526 1644 2559 edd.

301 2577 341 2609 16
360 2577 478 2611 Ceteio
498 2579 613 2621 codd„
637 2579 674 2611 C.
695 2580 794 2612 Ateio
813 2579 929 2611 Aldus
947 2589 1056 2621 nepos
1074 2590 1110 2610 u.
1296 2579 1332 2612 P.
1349 2578 1459 2621 Atrio]
1478 2579 1588 2621 patrio
1607 2588 1641 2609 α.

304 2628 342 2660 17
360 2627 406 2661 Μ.
427 2640 494 2662 om.
515 2641 548 2663 a.
737 2632 870 2674 Aquino
890 2641 911 2663 a
931 2632 948 2664 b
967 2642 1002 2672 c,
1030 2631 1178 2673 Aquinio
1196 2640 1233 2662 u.
1434 2631 1646 2673 Damasippi-

155 2678 210 2720 qui
230 2688 263 2711 a.
459 2682 501 2715 18
519 2683 715 2726 circumque
735 2683 769 2716 d.
957 2682 1142 2715 luminibus
1160 2692 1181 2714 α
1202 2682 1219 2714 b
1238 2682 1262 2714 d
1278 2682 1296 2714 3
1316 2682 1419 2723 dett„
1440 2687 1573 2714 noctem
1592 2682 1644 2713 lu-

157 2730 303 2763 minibus
321 2740 357 2762 τι.
520 2733 562 2767 20
582 2735 812 2777 concinneque
832 2734 894 2775 (11).
1059 2733 1258 2766 cohortatur
1278 2734 1310 2764 b.
1459 2733 1498 2767 21
1522 2732 1592 2773 egit
1611 2733 1641 2764 b.

300 2783 532 2823 negotiatores
552 2795 620 2817 om.
643 2787 674 2818 b.
834 2787 877 2820 2'1
895 2787 923 2818 si
942 2797 976 2818 a.
1132 2786 1174 2818 ‘2ss
1194 2786 1266 2828 ipse
1289 2785 1471 2824 Clarlfins,
1491 2784 1565 2826 ipsa
1583 2795 1603 2816 a
1624 2785 1642 2816 b

155 2833 230 2865 eod.
251 2834 332 2866 srs.
353 2834 371 2866 3
392 2834 504 2875 dett.,·
524 2846 593 2867 om.
614 2837 726 2870 Aldus
745 2849 780 2870 u.
934 2848 996 2870 sua
1014 2837 1100 2869 bona
1120 2848 1140 2869 a
1160 2838 1235 2869 cod.
1257 2837 1353 2878 l'rs„
1376 2837 1461 2868 bona
1481 2846 1541 2867 sua
1561 2836 1639 2868 edd.

295 2889 336 2920 ⁴27
358 2888 626 2921 incolomitatem
645 2900 678 2921 α.
834 2891 877 2924 28
897 2891 1166 2931 exsanguinibus
1186 2901 1218 2921 a.
1369 2889 1438 2921 uita
1458 2899 1587 2932 quoque
1607 2890 1638 2922 b.
