1835 3240
82 895 122 928 10

81 1234 120 1267 15

77 1911 119 1944 25

690 165 879 210 CAPVT
908 165 962 209 55
974 191 1030 199 —-
1040 165 1113 209 58.
1629 167 1712 211 695

161 297 245 325 cum
267 279 507 322 aduersariis
529 280 714 335 colloqui.
767 280 867 323 Cum
890 280 1013 322 nihilo
1034 281 1163 321 minus
1186 279 1271 321 eius
1293 292 1514 322 sermonem
1537 296 1638 322 nun-

158 352 232 391 tius
264 349 312 389 ad
343 362 386 389 se
415 350 608 390 referret:
643 349 711 390 sed
741 357 917 399 restare,
951 356 992 389 ut
1024 348 1192 402 reliqua,
1226 361 1326 400 quae
1346 347 1490 402 :uellet,
1526 361 1638 401 pera-

155 424 283 472 geret,
307 416 436 458 uiator
455 424 660 471 praeterea
682 416 728 456 ab
750 414 846 457 Iuba
867 417 915 456 ad
938 430 1025 457 eum
1049 422 1111 456 est
1131 415 1289 465 missus,
1315 414 1380 468 qui
1401 414 1551 455 diceret
1571 429 1639 455 au-

157 485 289 525 diente
311 482 512 526 Saserna:
550 488 674 524 ‘uetat
695 490 733 523 te
754 497 828 523 rex
850 482 1063 537 conloqui'.
1127 480 1216 535 Quo
1247 482 1384 523 nuntio
1406 482 1638 536 perterritus
1660 482 1685 523 3

163 552 346 593 discessit
375 559 412 592 et
441 552 544 592 dicto
573 550 736 591 audiens
758 551 832 590 fuit
851 551 951 605 regi.
994 548 1081 591 Vsu
1102 550 1262 592 uenisse
1283 549 1356 590 hoc
1379 549 1455 590 ciui
1475 548 1658 589 Romano

155 626 195 659 et
217 619 279 669 ei,
313 620 376 672 qui
398 620 445 659 ab
469 619 609 671 populo
630 617 811 658 Romano
834 618 1007 658 honores
1030 618 1276 671 accepisset,
1308 617 1494 659 incolumi
1516 616 1642 670 patria

157 687 400 740 fortunisque
421 685 601 726 omnibus
614 683 735 725 Iubae
755 685 924 725 barbaro
947 686 1075 738 potius
1098 686 1343 727 obedientem
1365 685 1502 734 fuisse,
1527 697 1642 737 quam

156 761 224 794 aut
246 754 444 807 Scipionis
467 753 764 806 obtemperasse
794 752 932 792 nuntio
961 758 1031 792 aut
1052 751 1178 792 caesis
1201 752 1375 792 eiusdem
1397 752 1521 806 partis
1544 751 1641 792 ciui-

156 822 228 862 bus
244 821 478 861 incolumem
499 820 648 862 reuerti
670 821 806 861 malle!
839 820 972 873 Atque
994 819 1110 860 etiam
1133 819 1338 873 superbius
1355 817 1476 860 Iubae
1498 820 1643 860 factum
1663 818 1690 858 4

154 904 233 929 non
254 890 294 930 in
316 887 375 929 Μ.
400 888 615 942 Aquinum,
642 888 835 929 hominem
868 902 1013 928 nouum
1035 901 1274 941 paruumque
1296 893 1536 937 senatorem,
1570 886 1641 928 sed

156 957 195 996 in
219 955 468 1011 Scipionem,
502 957 697 997 hominem
728 956 795 996 illa
827 956 999 1006 familia,
1033 955 1248 1010 dignitate,
1283 955 1497 995 honoribus
1529 968 1642 1008 prae-

154 1031 341 1064 stantem.
402 1023 588 1076 Namque
610 1037 696 1063 cum
720 1020 854 1077 Scipio
879 1023 1016 1077 sagulo
1038 1036 1232 1077 purpureo
1254 1029 1344 1062 ante
1366 1023 1473 1075 regis
1495 1022 1640 1063 aduen-
1663 1021 1689 1062 5

156 1099 238 1132 tum
260 1091 316 1131 uti
338 1090 477 1131 solitus
500 1098 623 1139 esset,
657 1090 798 1131 dicitur
817 1088 914 1131 Iuba
942 1105 1030 1131 cum
1062 1103 1109 1131 eo
1136 1090 1269 1144 egisse
1291 1104 1369 1130 non
1392 1097 1575 1143 oportere
1596 1089 1642 1130 il-

154 1159 232 1200 lum
264 1159 399 1200 eodem
431 1159 489 1198 uti
520 1158 682 1209 uestitu,
717 1165 834 1212 atque
863 1159 947 1213 ipse
979 1165 1171 1199 uteretur.
1233 1156 1373 1211 ltaque
1397 1158 1540 1197 factum
1562 1164 1638 1207 est,
1662 1155 1689 1197 6

154 1234 196 1267 ut
217 1224 350 1280 Scipio
372 1227 420 1267 ad
442 1227 572 1266 album
594 1240 684 1267 sese
704 1226 890 1267 uestitum
912 1227 1151 1267 transferret
1171 1232 1211 1266 et
1230 1223 1368 1276 Iubae,
1402 1225 1550 1266 homini
1576 1239 1642 1265 su-

155 1294 388 1349 perbissimo
418 1294 762 1348 inertissimoque,
795 1294 1098 1349 obtemperaret.
1149 1292 1321 1334 Postero
1344 1293 1405 1333 die
1427 1293 1635 1334 uniuersas
1657 1292 1716 1338 58

154 1364 324 1402 omnium
348 1362 480 1416 copias
496 1362 541 1402 (le
565 1363 706 1403 castris
729 1362 908 1403 omnibus
930 1364 1105 1403 educunt
1125 1368 1164 1401 et
1185 1360 1435 1415 supercilium
1451 1361 1642 1414 quoddam

156 1431 355 1471 excelsum
379 1430 483 1471 nacti
506 1445 585 1470 non
605 1430 724 1485 longe
745 1445 768 1471 a
790 1428 979 1471 Caesaris
1002 1430 1144 1470 castris
1170 1429 1294 1470 aciem
1317 1430 1564 1469 constituunt
1584 1435 1643 1468 at-

155 1512 228 1550 que
249 1498 301 1537 ibi
325 1499 562 1538 consistunt.
626 1495 780 1539 Caesar
803 1499 896 1539 item
928 1498 1109 1553 producit
1138 1497 1271 1552 copias
1303 1496 1561 1549 celeriterque
1591 1496 1640 1537 iis
1662 1495 1690 1536 2

152 1565 356 1606 instructis
388 1573 480 1606 ante
512 1579 603 1606 suas
625 1567 882 1617 munitiones,
918 1580 1017 1619 quae
1049 1572 1163 1606 erant
1189 1566 1230 1605 in
1252 1578 1404 1619 campo,
1439 1563 1644 1604 constituit

153 1633 239 1674 sine
272 1633 388 1673 dubio
419 1633 653 1674 existimans
685 1634 789 1674 ultro
821 1634 1089 1684 aduersarios,
1125 1647 1212 1673 cum
1243 1639 1320 1673 tam
1343 1633 1495 1685 magnis
1518 1632 1641 1686 copiis

153 1701 394 1753 auxiliisque
421 1702 529 1755 regis
553 1708 688 1742 essent
709 1701 876 1755 praediti
898 1701 1192 1756 promptiusque
1221 1700 1515 1754 prosiluissent,
1550 1706 1641 1739 ante

153 1781 195 1809 se
218 1782 485 1808 concursuros
507 1769 743 1823 propiusque
765 1782 809 1810 se
831 1781 1079 1809 accessuros.
1135 1767 1250 1821 Equo
1275 1768 1564 1808 circumuectus
1585 1766 1642 1807 le·
1663 1766 1688 1808 3

152 1836 369 1890 gionesque
400 1836 629 1877 cohortatus
660 1837 775 1891 signo
804 1837 895 1877 dato
927 1849 1130 1877 accessum
1161 1836 1332 1876 hostium
1355 1835 1639 1889 aucupabatur.

151 1901 239 1957 Ipse
261 1904 364 1944 enim
386 1918 408 1944 a
431 1904 513 1944 suis
535 1904 819 1945 munitionibus
841 1905 998 1958 longius
1020 1919 1101 1945 non
1121 1904 1207 1945 sine
1228 1903 1382 1944 ratione
1404 1918 1484 1944 non
1504 1917 1642 1957 proce-

155 1970 283 2020 debat,
308 1972 409 2023 quod
429 1972 470 2011 in
493 1972 631 2025 oppido
654 1971 831 2023 Vzittae,
856 1973 957 2025 quod
980 1970 1112 2026 Scipio
1135 1971 1309 2021 tenebat,
1334 1971 1503 2012 hostium
1527 1977 1643 2012 erant

154 2038 338 2079 cohortes
368 2046 567 2090 armatae3
615 2039 739 2080 eidem
780 2047 911 2080 autem
942 2039 1081 2094 oppido
1121 2040 1169 2080 ad
1200 2039 1383 2079 dextrum
1415 2039 1516 2079 latus
1557 2038 1642 2079 eius
1664 2038 1691 2078 4

154 2120 276 2146 cornu
299 2113 387 2147 erat
408 2107 642 2160 oppositum,
677 2107 982 2160 uerebaturque,
1016 2121 1081 2157 ne,
1113 2108 1145 2147 si
1169 2113 1491 2160 praetergressus
1516 2113 1638 2154 esset,

154 2188 207 2215 ex
229 2174 368 2228 oppido
391 2175 598 2228 eruptione
614 2176 714 2216 sacta
736 2175 783 2216 ab
806 2176 932 2216 latere
953 2188 1042 2216 eum
1064 2175 1193 2216 adorti
1215 2174 1485 2216 conciderent.
1516 2172 1640 2216 Prae-
1662 2175 1687 2216 5

294 2347 315 2378 2
328 2344 430 2387 quae]
450 2346 478 2377 si
497 2346 579 2378 add.
601 2357 621 2378 a
642 2347 660 2378 b
678 2357 696 2378 c
714 2347 749 2379 d.
887 2346 906 2378 3
919 2351 1059 2389 praetea
1077 2356 1112 2378 a.
1253 2345 1442 2387 4conloqui
1459 2356 1494 2378 a.

153 2396 172 2428 6
185 2396 225 2428 ab
242 2407 276 2438 a,
290 2407 309 2428 a
327 2397 406 2429 cdd.
550 2397 570 2429 8
582 2398 692 2430 caesis
713 2399 752 2438 b,·
767 2397 929 2431 Caesaris
947 2409 968 2430 a
987 2402 1033 2439 et,
1047 2400 1112 2440 qui
1126 2398 1279 2430 eiusdem
1298 2416 1337 2421 -
1356 2398 1459 2430 malle
1477 2409 1560 2439 om„
1576 2399 1639 2431 cd.

294 2449 312 2481 9
332 2449 447 2491 etiam]
467 2455 502 2482 et
518 2450 600 2482 add.
621 2461 655 2482 a.
827 2451 984 2493 superius
1005 2451 1037 2482 b.
1213 2450 1253 2484 12
1273 2460 1415 2492 namque
1435 2461 1456 2482 a
1475 2451 1571 2483 ‘ms-5.
1594 2451 1638 2492 3’,

153 2508 228 2530 nam
247 2509 281 2531 u.
422 2500 461 2532 14
472 2501 521 2532 uti
539 2512 608 2533 om.
628 2512 650 2533 α
670 2502 766 2533 ‘ms-e.
780 2500 825 2533 3’.
967 2504 1083 2543 atque]
1103 2499 1206 2532 etiam
1224 2500 1308 2533 add.
1328 2501 1359 2533 b.
1499 2506 1553 2533 est
1569 2512 1638 2533 om.

153 2560 173 2581 (ι
193 2550 224 2581 b.
381 2552 419 2585 16
439 2558 578 2595 postera
596 2564 631 2586 a.
784 2554 824 2586 17
843 2554 993 2586 educunt
1012 2555 1111 2586 ‘ms-⁹.
1131 2553 1259 2586 omnes'
1274 2558 1423 2596 practer
1440 2565 1550 2587 unum
1568 2555 1638 2587 det.

154 2604 188 2634 et
206 2611 239 2641 α,
258 2604 322 2642 qui
338 2603 520 2636 deducunt.
726 2606 769 2638 20
788 2605 969 2638 constituit
986 2616 1007 2637 a
1028 2606 1123 2637 ‘ms-⁹.
1143 2604 1188 2646 3',
1209 2606 1365 2639 constitit
1383 2606 1584 2649 Stephanus
1601 2617 1637 2638 n.

295 2653 336 2686 21
357 2654 576 2688 aduersarios
595 2667 629 2689 a.
808 2657 852 2691 22
868 2655 1030 2699 praediti]
1049 2656 1159 2699 pretio
1178 2667 1199 2688 a
1219 2657 1237 2688 b
1255 2668 1285 2689 c.
1460 2658 1503 2691 23
1522 2665 1639 2688 secum

155 2714 382 2736 concursuros
401 2715 421 2735 α
441 2716 469 2737 c.
667 2708 874 2750 propiusque
893 2718 1097 2740 accessuros
1118 2708 1150 2740 b.
1334 2709 1377 2741 24
1396 2712 1586 2750 aucupatur
1604 2706 1636 2737 b.

296 2757 339 2789 25
351 2757 508 2790 alterum
525 2769 588 2791 non
600 2759 713 2792 Aldus
730 2761 926 2802 suppleuit,
939 2771 1009 2793 om.
1021 2770 1043 2792 a
1057 2760 1152 2793 ‘ms-s.
1161 2760 1352 2802 plerique’.
1488 2759 1531 2793 26
1544 2756 1640 2789 Vzit-

154 2813 209 2839 tac
227 2818 263 2849 a,
282 2807 404 2840 Vzitae
422 2819 456 2840 u.
602 2810 646 2844 28
664 2811 784 2854 cornu]
803 2822 920 2845 eorum
939 2823 969 2844 c.
1111 2812 1303 2855 appositum
1324 2812 1354 2843 b.
1496 2810 1638 2842 uereba-

154 2863 210 2890 tur
228 2869 268 2890 ne
288 2859 305 2890 b
325 2870 343 2890 c
360 2862 405 2900 et,
426 2861 489 2901 qui
507 2861 721 2904 uerberatur‚
742 2873 776 2896 a.
953 2864 996 2899 29
1015 2863 1234 2905 corruptione
1252 2873 1284 2894 a.
1462 2860 1584 2893 adortu
1603 2861 1633 2893 b,
