1835 3240
74 893 114 926 10

73 1232 112 1264 15

73 1570 116 1603 20

513 160 696 205 COMM.
723 160 820 205 VIII
844 158 968 203 CAP.
993 159 1115 202 48-
1132 158 1203 200 49.
1622 157 1706 200 489

147 287 238 335 petu
267 276 437 332 perculsi
466 275 729 316 uulnerantur
757 290 803 316 ac
835 274 1037 329 partimin
1065 274 1154 326 suga
1177 278 1457 325 proteruntur,
1490 273 1631 325 partim

148 345 478 398 intercipiuntur3
511 344 613 396 quod
644 345 787 385 malum
818 344 900 384 dux
922 342 1011 396 equi
1033 340 1246 381 uelocitate
1276 338 1464 379 euitauit:
1497 353 1542 378 ac
1573 341 1630 380 sic

147 413 296 468 proelio
318 412 489 452 secundo
512 412 689 465 grauiter
709 412 756 451 ab
779 424 825 450 eo
848 411 1081 451 uulneratus
1103 409 1351 462 praefectus,
1375 412 1418 445 ut
1439 405 1544 446 uitae
1566 420 1631 459 pe-

146 480 313 520 riculum
346 480 522 520 aditurus
554 481 779 528 uideretur,
813 479 987 518 refertur
1016 477 1057 516 in
1089 483 1233 516 castra.
1276 471 1478 515 Commius
1501 482 1630 513 autem
1651 473 1677 514 8

150 547 237 588 siue
259 548 418 601 expiato
450 562 520 588 suo
551 548 686 587 dolore
717 546 802 586 siue
834 559 977 598 magna
998 551 1108 598 parte
1130 544 1276 584 amissa
1297 555 1456 581 suorum
1480 542 1632 594 legatos

147 615 195 655 ad
216 614 433 655 Antonium
455 615 575 655 mittit
595 627 716 667 seque
738 621 778 654 et
798 613 850 653 ibi
875 615 1064 661 futurum,
1090 612 1152 651 ubi
1176 609 1503 665 praescripserit,
1528 616 1566 650 et
1587 623 1630 649 ea

147 684 366 733 facturum,
392 697 490 736 quae
512 683 738 736 imperarit,
774 681 973 721 obsidibus
997 681 1149 729 firmat,
1186 693 1303 718 unum
1326 677 1419 718 illud
1442 683 1555 723 orat,
1591 683 1634 716 ut
1653 676 1680 717 9

147 752 278 791 timori
302 765 373 790 suo
387 751 638 799 concedatur,
665 764 713 789 ne
735 750 1038 801 inconspectum
1054 747 1427 798 ueniatcuiusquam
1443 743 1629 785 Romani.

148 817 272 859 Cuius
286 819 587 872 postulationem
601 818 804 858 Antonius
825 831 912 857 cum
933 816 1128 856 iudicaret
1148 814 1195 854 ab
1218 814 1321 853 iusto
1345 813 1454 854 nasci
1474 812 1630 862 timore,

145 886 300 927 ueniam
324 887 473 939 petenti
495 886 614 935 dedit,
641 885 796 926 obsides
819 885 986 939 accepit.

259 952 352 994 Scio
376 953 591 994 Caesarem
624 953 867 1008 singulorum
901 966 1092 992 annorum
1126 950 1305 1005 singulos
1329 948 1634 989 commentarios
1657 946 1711 988 10

147 1022 393 1071 confecisse,
418 1022 517 1074 quod
542 1036 614 1077 ego
627 1036 705 1061 non
720 1020 946 1062 existimaui
969 1020 1063 1060 mihi
1086 1033 1173 1059 esse
1198 1018 1431 1066 faciendum,
1457 1024 1635 1070 propter-

148 1101 194 1128 ea
226 1090 328 1142 quod
362 1089 575 1142 insequens
608 1104 757 1139 annus,
802 1087 855 1129 L.
890 1087 1040 1137 Paulo,
1078 1085 1126 1128 C.
1161 1085 1355 1126 Marcello
1387 1085 1630 1134 consulibus,

147 1156 275 1196 nullas
299 1157 414 1197 habet
435 1171 672 1212 magnopere
695 1155 848 1197 Galliae
871 1170 935 1196 res
958 1163 1108 1209 gestas.
1170 1153 1238 1195 Ne
1261 1153 1346 1206 quis
1371 1160 1502 1192 tamen
1525 1152 1636 1205 igno·
1660 1151 1710 1191 1'1

146 1231 277 1272 raret‚
318 1225 455 1277 quibus
486 1226 526 1265 in
558 1226 654 1266 locis
679 1224 834 1266 Caesar
864 1225 1147 1276 exercitusque
1178 1236 1225 1262 eo
1256 1229 1430 1275 tempore
1452 1220 1635 1270 fuissent,

149 1306 270 1345 pauca
293 1305 381 1332 esse
403 1293 611 1333 scribenda
634 1293 985 1347 coniungendaque
1007 1293 1096 1332 huic
1118 1290 1401 1331 commentario
1423 1288 1558 1328 statui.

261 1355 414 1399 Caesar
433 1360 470 1399 in
485 1359 626 1414 Belgio
649 1375 733 1400 cum
758 1362 963 1407 hiemaret,
988 1374 1107 1400 unum
1130 1359 1223 1399 illud
1247 1356 1492 1412 propositum
1515 1355 1632 1395 habe-
1653 1353 1712 1399 49

149 1427 238 1477 bat,
272 1428 476 1468 continere
507 1429 547 1468 in
578 1429 750 1469 amicitia
783 1429 990 1477 ciuitates,
1025 1428 1121 1467 nulli
1142 1441 1250 1480 spem
1273 1432 1341 1465 aut
1362 1438 1520 1464 causam
1544 1423 1638 1463 dare

149 1509 361 1535 armorum.
404 1495 518 1536 Nihil
541 1496 644 1537 enim
667 1497 795 1536 minus
818 1496 999 1545 uolebat,
1035 1509 1147 1548 quam
1181 1494 1253 1534 sub
1287 1494 1454 1532 decessu
1477 1506 1548 1531 suo
1570 1504 1639 1531 ne·
1659 1489 1687 1531 2

147 1563 373 1604 cessitatem
396 1565 468 1604 sibi
491 1564 659 1617 aliquam
682 1565 819 1618 inponi
841 1564 928 1603 belli
963 1563 1150 1618 gerendi,
1190 1575 1261 1611 ne,
1298 1576 1382 1601 cum
1417 1559 1639 1600 exercitum

149 1631 388 1672 deducturus
412 1640 532 1682 esset,
557 1633 698 1672 bellum
723 1632 878 1685 aliquod
900 1632 1208 1683 relinqueretur,
1233 1629 1334 1682 quod
1357 1628 1483 1668 omnis
1508 1625 1639 1667 Gallia

146 1697 316 1738 libenter
338 1699 425 1740 sine
448 1700 645 1753 praesenti
671 1699 845 1754 periculo
867 1700 1101 1752 susciperet.
1146 1696 1284 1750 Itaque
1308 1696 1522 1736 honorifice
1545 1694 1640 1733 ciui·
1661 1693 1687 1734 3

148 1772 250 1806 tates
264 1767 511 1820 appellando,
538 1768 733 1822 principes
746 1767 931 1808 maximis
945 1767 1130 1821 praemiis
1145 1765 1378 1813 adficiendo,
1399 1763 1503 1803 nulla
1518 1775 1640 1802 onera

297 1939 308 1971 1
332 1949 370 1970 ac
389 1939 419 1971 B
440 1941 535 1973 ‘mss.
556 1945 592 1974 et
608 1941 686 1973 edd.
707 1941 816 1983 qddff,
839 1945 873 1973 et
892 1951 925 1973 ll.
1092 1940 1125 1971 iu
1147 1938 1258 1979 fugam
1281 1938 1364 1968 boe.
1529 1938 1642 1977 prote-

151 1989 287 2032 runtur]
310 1993 450 2032 ‘peterr.
473 1992 515 2023 b'.
655 1993 676 2025 2
695 1992 957 2033 intercipientur
968 1992 1009 2023 B.
1153 1986 1638 2032 quodlnalumNoruz'censz's,

151 2043 237 2083 quod
259 2042 314 2074 ubi
332 2043 455 2075 malum
475 2045 619 2085 reliqui.
760 2045 886 2076 uitauit
906 2045 923 2075 b
938 2055 966 2075 e.
1117 2052 1156 2073 ac
1176 2042 1224 2073 sie
1245 2040 1375 2083 proelio
1396 2038 1545 2070 secundo
1565 2046 1641 2077 gra-

152 2094 244 2125 uiter
261 2094 301 2126 ab
322 2105 361 2125 eo
382 2095 584 2127 uulneratus
602 2095 836 2128 Norm'ccnse's
853 2099 907 2136 et,
937 2097 1000 2137 qui
1027 2095 1056 2126 si
1077 2104 1146 2136 pro
1166 2094 1214 2124 sic
1230 2117 1238 2131 ,
1269 2093 1297 2124 B
1319 2090 1486 2132 ‘reliqui’
1507 2093 1544 2122 et
1570 2092 1637 2121 z'nt.

149 2145 305 2184 uer-s.A,·
325 2146 479 2185 grauiter
496 2148 699 2179 uulneratus
718 2158 738 2179 α
752 2159 768 2178 e
787 2151 821 2179 et
838 2158 882 2178 m.
900 2157 959 2189 pr.
973 2147 1017 2178 A.
1159 2145 1175 2175 5
1196 2154 1255 2175 suo
1269 2146 1335 2174 int.
1352 2152 1443 2173 mers.
1463 2141 1494 2172 b.

149 2196 168 2228 6
188 2207 293 2238 seque
313 2202 347 2229 et
367 2198 410 2230 ibi
428 2199 459 2230 B
475 2199 540 2231 CI)
555 2201 572 2231 b
586 2200 688 2239 cdxl,
709 2210 813 2241 seque
832 2199 878 2230 ibi
897 2210 926 2230 e.
1068 2197 1086 2230 7
1105 2196 1352 2238 imperaritBe
1374 2194 1553 2226 ‘meliores
1569 2193 1642 2234 ple-

149 2245 261 2289 re'que'
281 2259 303 2280 u
322 2249 472 2290 (suerat
488 2251 738 2292 imperauerit),
758 2252 904 2293 imperat
920 2250 966 2282 A.
1108 2248 1284 2280 obsidibus
1304 2247 1415 2278 firmat
1433 2246 1463 2277 B
1483 2244 1636 2285 ‘celeri‘7

151 2299 327 2331 obsidibus
348 2301 437 2332 datis
458 2301 570 2333 firmat
589 2303 606 2333 b
622 2302 749 2334 edeA.
950 2301 968 2333 9
989 2299 1085 2331 cuius
1104 2300 1176 2331 BA
1198 2297 1377 2340 ‘1·el1'qui⁷,
1400 2307 1497 2339 quam
1520 2296 1638 2328 bede.

295 2350 479 2394 iudicaret]
499 2353 701 2384 aestimaret
720 2353 751 2383 b.
993 2351 1035 2383 12
1054 2355 1235 2392 propterea
1253 2360 1321 2381 om.
1343 2360 1359 2379 e
1380 2349 1494 2380 Ooemz.

152 2399 191 2432 ’13
212 2400 250 2432 L.
269 2402 403 2441 Aldus,
432 2402 471 2434 T.
493 2404 551 2435 Be
570 2407 605 2435 et
622 2406 675 2434 sic
696 2404 776 2435 ‘seu
796 2403 875 2435 Tito
895 2413 979 2434 mss.
998 2402 1084 2443 sere
1102 2401 1263 2440 omnes’g
1283 2401 1420 2432 tribuno
1438 2410 1507 2431 sec.
1528 2408 1574 2429 777.
1594 2398 1637 2430 Β.

293 2452 398 2484 Paulo
418 2454 479 2494 (B)
499 2455 624 2495 Aldus,
647 2455 765 2487 Paullo
784 2456 823 2487 P.
845 2455 1032 2486 Manutius
1051 2464 1086 2485 u.
1230 2452 1287 2493 C.]
1301 2453 1483 2484 consulatu
1502 2462 1571 2483 sec.
1591 2460 1638 2482 m.

150 2499 191 2532 B·
345 2505 559 2547 consulibus]
580 2516 744 2537 concessa
767 2506 808 2537 B.
972 2505 1011 2537 14
1032 2504 1142 2535 nullas
1162 2504 1265 2535 habet
1282 2514 1484 2546 magnopere
1505 2502 1638 2534 Galliae

151 2561 206 2582 res
226 2556 382 2592 gestasB
396 2556 508 2588 ‘alic's
529 2558 641 2589 nullas
662 2568 715 2589 res
731 2556 864 2589 Galliae
884 2556 988 2588 habet
1006 2567 1125 2596 magno
1145 2567 1248 2598 opere
1267 2561 1382 2597 gestas
1404 2567 1436 2596 ll,
1458 2558 1522 2597 qnz·
1541 2554 1639 2586 ‘ordo

153 2605 290 2643 estfide
308 2610 479 2639 nostorum
498 2612 655 2641 omnium
674 2607 916 2650 aanuoram'
930 2611 945 2640 ,Ρ
963 2612 999 2640 et
1014 2619 1053 2648 θ,-
1080 2618 1199 2649 magno
1219 2619 1320 2651 opere
1341 2611 1393 2639 est
1412 2610 1449 2638 in
1471 2607 1542 2639 CD
1556 2606 1637 2638 eA:

152 2661 248 2697 gesta
270 2657 309 2697 C,
329 2665 464 2700 egestas
482 2662 526 2693 A.
693 2662 732 2694 15
753 2662 878 2694 suisset
894 2672 911 2692 e
932 2662 1027 2692 ‘ms-s.
1050 2661 1090 2692 5’.
1269 2660 1308 2693 16
1328 2670 1405 2692 esse
1424 2659 1454 2690 B
1476 2660 1571 2689 ‘mss.
1592 2658 1635 2698 9’,

152 2717 222 2739 0⁷71·
242 2718 277 2739 u·
442 2711 478 2742 17
500 2711 583 2743 illud
602 2722 670 2744 om.
694 2713 712 2744 b
726 2724 755 2744 e.
922 2712 963 2744 18
982 2710 1179 2744 continendi
1200 2711 1259 2742 be.
1417 2708 1602 2740 amicitiam
1621 2717 1639 2738 e

155 2760 268 2792 Ooeon.
413 2763 452 2794 19
472 2763 615 2795 decessu
634 2775 694 2796 suo
716 2765 755 2804 C,
778 2765 957 2796 decessum
975 2774 1072 2796 suum
1090 2774 1126 2803 e,·
1148 2763 1303 2794 discessu
1323 2772 1382 2793 suo
1396 2761 1426 2792 B
1441 2764 1477 2792 et
1493 2760 1635 2800 reliqui.

295 2812 337 2844 20
357 2812 470 2854 inponi
488 2814 529 2845 B.
670 2816 713 2848 22
732 2815 949 2857 susciperent
967 2825 996 2846 e.
1137 2814 1178 2847 23
1199 2812 1404 2855 (adficiendo
1416 2810 1458 2851 B)
1479 2809 1635 2842 donando

153 2862 197 2894 D.
340 2873 443 2894 onera
466 2864 492 2894 B
510 2866 556 2903 (is
574 2875 620 2895 m.
638 2875 695 2906 pr.
716 2865 859 2902 honera)
881 2864 1057 2906 ‘relz'quz'’,
1080 2873 1183 2895 onera
1201 2873 1289 2895 noua
1310 2864 1326 2894 b
1340 2862 1428 2893 cde.
