1835 3240
700 186 886 230 CAPVT
905 186 957 229 61
971 213 1026 218 —-
1037 186 1106 229 64.
1636 196 1719 239 657

161 300 278 342 Cassi
300 298 535 349 studebant,
571 300 702 353 plures
723 300 960 342 Marcellum
982 300 1181 342 fouehant.
1224 301 1393 343 Accedit
1414 319 1499 346 cum
1522 309 1643 363 copiis
1666 309 1691 351 3

159 368 296 422 Bogud
336 367 382 407 ad
427 367 650 408 exteriores
684 368 869 410 Marcelli
900 369 1152 410 munitiones.
1214 368 1420 424 Pugnatur
1450 375 1645 429 utrimque

155 436 300 476 acriter
320 465 330 485 ,
355 435 572 488 crebroque
594 435 630 476 id
653 436 795 476 accidit
817 438 975 477 fortuna
997 451 1116 491 saepe
1139 437 1186 478 ad
1208 445 1417 492 utrumque
1439 439 1644 483 uictoriam

157 504 425 543 transferente
442 521 450 552 ς
467 516 539 543 nec
562 510 692 543 tamen
715 517 895 557 umquam
919 504 966 544 ab
989 505 1171 559 operibus
1190 505 1642 560 depelliturMarcellus.

109 579 127 610 5
158 569 323 611 Interim
345 570 518 625 Lepidus
548 585 601 611 ex
627 571 810 611 citeriore
834 571 1037 624 prouincia
1060 586 1145 612 cum
1169 574 1393 615 cohortibus
1415 574 1644 628 legionariis
1667 578 1722 623 63

157 644 290 678 §LXXV
311 651 530 692 magnoque
560 652 722 679 numero
753 639 922 691 equitum
954 646 994 679 et
1014 639 1255 692 reliquorum
1279 643 1515 683 auxiliorum
1538 645 1648 685 uenit

157 720 204 746 ea
225 714 356 747 mente
374 704 518 755 Vliam,
542 713 583 745 ut
605 706 690 746 sine
713 706 791 746 ullo
814 706 943 746 studio
967 709 1243 749 contentiones
1258 708 1647 765 CassiMarcellique

156 781 424 827 componeret.
468 772 572 813 Huic
605 773 780 814 uenienti
809 774 895 815 sine
927 775 1171 816 dubitatione
1202 776 1416 819 Marcellus
1448 793 1492 820 se
1522 780 1692 822 credit2

157 848 272 894 atque
294 842 430 892 offert,
457 838 622 882 Cassius
647 849 786 882 contra
807 843 889 882 suis
912 857 956 882 se
978 850 1086 883 tenet
1107 845 1332 897 praesidiis,
1356 847 1440 888 siue
1463 861 1525 898 eo,
1546 849 1649 902 quod

80 915 120 947 10
152 909 236 962 plus
273 909 345 949 sibi
367 909 465 950 iuris
488 909 620 950 deberi
644 924 755 963 quam
778 908 972 950 Marcello
996 910 1275 963 existimabat,
1312 914 1398 954 siue
1421 929 1489 965 co,
1526 916 1643 970 quod,

156 990 204 1016 ne
237 985 549 1031 praeoccupatus
582 978 735 1017 animus
757 975 900 1031 Lepidi
932 985 1040 1018 esset
1061 978 1250 1034 obsequio
1273 981 1499 1033 aduersari,
1532 997 1646 1025 uere-

154 1043 285 1084 batur.
329 1043 448 1084 Ponit
478 1045 526 1084 ad
560 1043 691 1085 Vliam
724 1051 851 1085 castra
884 1043 1061 1099 Lepidus
1093 1059 1218 1099 neque
1250 1048 1367 1089 habet
1398 1064 1420 1089 a
1451 1049 1645 1093 Marcello
1667 1052 1693 1094 3

155 1112 358 1165 quicquam
384 1112 515 1153 diuisi.
558 1111 625 1153 Ne
647 1119 867 1167 pugnetur,
891 1113 1119 1165 interdicit3
1145 1115 1193 1154 ad
1215 1117 1438 1157 exeundum
1462 1116 1647 1160 Cassium

152 1180 297 1220 inuitat
330 1181 519 1234 fidemque
551 1195 662 1221 suam
685 1181 725 1220 iu
748 1195 791 1221 re
815 1181 920 1221 omui
941 1181 1173 1235 interponit.
1219 1180 1319 1223 Cum
1343 1184 1406 1225 diu
1429 1187 1648 1229 dubitasset
1668 1188 1696 1228 4

82 1256 122 1288 15
155 1245 320 1288 Cassius
336 1279 346 1298 ,
372 1248 461 1301 quid
484 1249 558 1289 sibi
580 1249 799 1289 faciendum
823 1250 964 1302 quidue
986 1248 1138 1303 Lepido
1161 1258 1268 1292 esset
1291 1253 1524 1294 credendum
1542 1286 1552 1305 ,
1578 1269 1648 1296 ne-

155 1330 229 1369 que
253 1315 371 1355 ullum
395 1316 544 1356 exitum
567 1316 720 1356 consilii
743 1317 803 1357 sui
826 1318 1034 1371 reperiret,
1051 1318 1084 1358 si
1107 1321 1409 1372 permaneretin
1427 1323 1644 1374 sententia,

154 1385 349 1437 postulat,
374 1384 431 1424 uti
454 1384 689 1425 munitiones
713 1385 989 1436 disicerentur,
1019 1386 1172 1440 sibique
1193 1387 1293 1428 liber
1314 1388 1444 1429 exitus
1468 1390 1643 1431 daretur.

152 1451 248 1492 Non
277 1458 427 1497 tantum
460 1452 621 1492 indutiis
653 1453 767 1492 factis
782 1484 792 1503 ,
826 1454 894 1494 sed
925 1468 1043 1508 prope
1065 1455 1142 1495 iam
1157 1470 1266 1510 pace
1288 1457 1503 1498 constituta
1526 1472 1647 1512 opera
1668 1458 1693 1499 5

153 1534 241 1560 cum
265 1520 576 1574 complanarent,
602 1522 882 1574 custodiaeque
904 1522 1164 1563 munitionum
1187 1531 1325 1564 esseut
1346 1525 1551 1577 deductae,
1576 1541 1646 1568 au-

77 1594 119 1628 20
151 1588 249 1628 xilia
280 1588 385 1643 regis
416 1588 457 1628 iu
488 1588 528 1628 id
560 1589 764 1629 castellum
786 1588 998 1641 Marcelli,
1032 1592 1133 1644 quod
1165 1592 1387 1645 proximum
1419 1601 1507 1635 erat
1536 1595 1645 1649 regis

154 1656 294 1696 castris
326 1670 453 1709 neque
476 1657 725 1710 opinantibus
747 1658 928 1698 omnibus
953 1659 1007 1711 (si
1030 1666 1162 1700 tamen
1183 1660 1223 1700 in
1246 1660 1425 1701 omnibus
1448 1661 1520 1702 fuit
1542 1660 1642 1704 Cas-

153 1724 259 1764 sius:
303 1738 393 1764 nam
433 1725 479 1764 de
519 1725 632 1765 huius
672 1726 915 1766 conscientia
946 1727 1225 1782 dubitabatur)
1247 1728 1434 1782 impetum
1466 1731 1646 1772 fecerunt

151 1792 448 1846 compluresque
469 1792 523 1832 ibi
544 1793 685 1834 milites
707 1802 1006 1848 oppresserunt.
1033 1793 1149 1848 Quod
1167 1796 1243 1836 nisi
1262 1797 1447 1838 celeriter
1464 1798 1644 1854 indigua·
1666 1798 1693 1840 6

153 1860 259 1901 tione
281 1868 320 1901 et
342 1860 491 1901 auxilio
513 1859 654 1915 Lepidi
677 1861 869 1915 proelium
893 1870 1002 1903 esset
1023 1863 1271 1917 diremptum,
1296 1866 1423 1906 maior
1443 1866 1645 1907 calamitas

76 1935 118 1969 25
152 1935 259 1968 esset
280 1935 454 1982 accepta.
488 1926 587 1968 Cum
610 1929 687 1969 iter
705 1926 849 1970 Cassio
872 1932 1110 1984 patefactum
1133 1939 1257 1982 esset,
1281 1940 1413 1974 castra
1424 1932 1643 1976 Marcellus
1661 1936 1721 1981 64

154 2010 241 2036 cum
273 1994 424 2049 Lepido
462 1997 681 2050 coniungit.
745 1996 919 2050 Lepidus
961 2000 1098 2039 eodem
1140 2007 1315 2054 tempore
1346 1999 1644 2056 Marcellusque

155 2060 379 2104 Cordubam
413 2079 497 2104 cum
528 2065 633 2115 suis,
660 2062 829 2105 Cassius
854 2066 1116 2118 proficiscitur
1137 2065 1394 2109 Carmonam.
1439 2067 1520 2110 Sub
1541 2070 1644 2112 idem
1665 2071 1693 2113 2

153 2138 304 2185 tempus
326 2130 551 2173 Trebonius
574 2132 785 2186 proconsul
807 2133 853 2172 ad
878 2134 1119 2187 prouinciam
1143 2136 1392 2190 optinendam
1416 2137 1540 2177 uenit.
1580 2137 1643 2179 De.

153 2200 263 2240 cuius
284 2200 455 2240 aduentu
479 2207 520 2240 ut
541 2201 728 2253 cognouit
747 2199 927 2252 Cassius,
948 2203 1142 2257 legiones,
1164 2218 1258 2257 quas
1282 2218 1414 2245 secum
1432 2205 1639 2257 habuerat,

78 2274 120 2307 30
151 2268 444 2322 equitatumque
474 2267 515 2308 iu
537 2269 700 2310 hiberna
723 2269 946 2321 distribuit,
980 2271 1063 2324 ipse
1087 2272 1267 2313 omnibus
1291 2274 1375 2314 suis
1397 2273 1515 2314 rebus
1538 2275 1641 2317 cele-
1663 2276 1689 2317 3

297 2417 312 2450 1
334 2416 431 2449 Cassi
451 2428 485 2450 α.
668 2418 868 2451 Marcellum
889 2419 1050 2452 fouebant
1068 2432 1088 2453 α
1109 2422 1126 2452 b
1146 2432 1163 2453 c
1181 2422 1214 2463 d,
1237 2421 1401 2454 Marcello
1424 2422 1586 2456 sauebant
1603 2434 1640 2456 u.

297 2468 424 2500 accidit
443 2479 477 2500 a.
630 2470 650 2503 2
668 2469 778 2510 Bogus
798 2470 900 2503 codd.
1040 2470 1197 2504 Marcelli
1216 2484 1285 2505 om.
1305 2484 1338 2505 α.
1481 2475 1641 2517 utrinque

152 2516 218 2558 (a).
358 2518 376 2550 3
391 2519 432 2550 ad
451 2519 621 2561 utrimque
640 2530 675 2551 α.
816 2522 836 2553 4
849 2521 1116 2554 transferentem
1136 2534 1169 2555 α.
1311 2534 1457 2566 unquam
1475 2529 1586 2556 tumen
1605 2536 1639 2557 α.

296 2569 315 2601 7
333 2570 432 2603 Cassi
450 2581 484 2603 α.
671 2572 688 2604 9
708 2582 743 2603 se
763 2574 895 2615 recepit
913 2578 1073 2616 tenetque
1091 2585 1112 2606 α
1131 2585 1161 2606 c.
1346 2576 1383 2608 11
1406 2576 1638 2608 aduersaria.

298 2620 338 2653 13
359 2623 536 2664 quicquam
555 2634 589 2665 α,
610 2635 680 2656 non
700 2625 814 2667 quidq.
961 2627 999 2658 15
1012 2626 1141 2669 Lipodo
1160 2637 1194 2659 α.
1336 2627 1376 2660 17
1391 2628 1642 2660 dissicerentur

154 2683 174 2703 a
194 2672 228 2704 d.
428 2675 468 2707 18
487 2676 635 2708 induciis
655 2676 720 2718 (a).
906 2688 988 2720 pace
1009 2689 1073 2720 ego
1091 2679 1267 2721 supplevi,
1289 2690 1358 2711 om.
1379 2680 1480 2712 codd.
1499 2681 1539 2712 P.
1560 2681 1640 2713 200.

301 2722 340 2754 19
360 2733 433 2755 cum
452 2726 577 2767 Aldus,
598 2738 666 2760 om.
687 2728 787 2760 codd.
928 2729 970 2763 20
989 2729 1081 2770 regis
1101 2729 1226 2762 castris
1244 2741 1265 2762 a
1285 2731 1315 2771 b,
1337 2731 1443 2771 regiis
1462 2731 1586 2762 eastris
1603 2741 1640 2764 u.

296 2773 341 2807 22
359 2774 535 2807 dubitatur
554 2778 585 2809 b.
740 2779 784 2815 24
804 2779 973 2821 direptum
993 2781 1024 2812 b.
1181 2780 1223 2815 27
1243 2792 1317 2813 cum
1336 2782 1406 2812 suis
1425 2780 1563 2813 Cassius
1582 2792 1604 2814 α
1624 2783 1643 2813 b

157 2824 192 2865 d,
214 2823 352 2856 Cassius
372 2836 447 2857 cum
466 2828 536 2862 suis
555 2839 572 2859 c
590 2839 624 2862 u.
783 2830 985 2863 Carluonam
1006 2831 1270 2874 Glandorpz‘us5
1288 2831 1480 2865 Narbonaui
1499 2843 1520 2864 α
1541 2834 1637 2866 ‘mss.

155 2880 383 2920 uetustiores,
400 2878 592 2912 Narbonem
611 2881 705 2914 ale‘i'.
845 2883 888 2917 28
904 2884 1119 2926 optinendam
1138 2895 1171 2916 α.
1312 2884 1409 2915 uenit
1426 2893 1494 2916 om.
1512 2894 1547 2916 a.

203 2942 323 2979 Caesar,
338 2943 383 2971 ed.
406 2942 546 2980 Nipperd.
1386 2938 1441 2979 42
