1835 3240
808 180 889 223 251
951 207 1063 213 —

117 296 286 338 rioribus
309 294 443 335 uerbis
464 294 713 348 adiungenda
742 302 842 336 erat.
888 295 977 336 Huc
1004 296 1127 350 igitur
1156 296 1357 349 pertinere
1386 307 1477 351 puto
1508 300 1602 341 illud

120 363 255 413 ‘nam'‚
280 362 381 416 quod
402 376 521 415 supra
545 362 774 402 deleuimus.
819 360 897 404 Sed
922 363 1012 417 quid
1034 363 1227 417 particula
1262 364 1353 403 ‘ac’
1388 365 1605 406 faciemus?

116 429 161 470 In
183 430 231 470 iis
255 429 400 480 uerbis,
425 444 447 469 a
468 429 605 482 quibus
627 429 740 469 modo
763 430 931 483 digressi
953 445 1103 482 sumus,
1127 432 1168 472 iu
1190 429 1296 472 Scal.
1323 439 1362 472 et
1380 430 1495 472 Leid.
1521 447 1601 473 sec.

117 511 196 537 non
221 498 329 552 ‘agi',
355 497 422 537 sed
456 502 466 520 ⁶
481 496 541 536 et'
572 497 761 550 scriptum
784 505 858 538 est.
902 497 947 538 Id
968 499 1060 538 mihi
1083 499 1240 539 uidetur
1259 499 1402 540 indicio
1425 514 1512 541 esse
1535 515 1604 553 pro

115 566 183 606 illo
218 565 327 619 ‘agi'
357 565 578 618 ponendum
609 578 697 604 esse
731 566 839 615 ‘ac',
884 573 973 620 post
1004 567 1104 606 hanc
1136 567 1367 620 particulam
1408 573 1537 607 autem
1568 575 1607 607 et

118 633 528 673 commemorationem
551 632 712 673 alterius
735 634 818 683 rei,
853 648 952 687 quae
980 635 1145 674 materia
1167 634 1250 673 fieri
1273 635 1421 675 soleret
1443 634 1606 686 (uineas

118 702 242 741 fuisse
264 702 410 754 puto),
445 707 483 740 et
504 701 664 740 uerbum
687 701 860 742 actiuum
882 701 1095 743 excidisse.
1143 701 1292 742 ‘Nam'
1326 709 1365 742 et
1388 703 1464 742 ‘ac'
1487 703 1608 757 parti-

121 770 253 818 culae,
280 784 366 809 cum
388 768 429 808 iu
449 769 627 821 margine
649 768 819 809 fuissent
840 770 1057 823 ascriptae,
1083 769 1212 810 alieno
1233 770 1320 810 loco
1342 770 1476 811 illatae
1497 778 1604 811 sunt.

234 835 283 877 C.
308 837 378 887 42,
402 836 443 884 7,
468 836 533 876 ubi
556 837 651 876 haec
672 836 713 876 in
735 837 846 877 codd.
873 838 1020 891 scripta
1042 844 1156 878 sunt:
1195 837 1275 878 ‘An
1297 852 1359 879 me
1380 838 1508 879 deleto
1531 852 1610 878 non

121 903 494 946 animaduertebatis
517 905 648 944 decem
672 904 816 945 habere
837 905 1014 959 legiones
1037 906 1217 959 populum
1240 904 1486 954 Romanum,
1512 920 1611 959 quae

122 987 201 1014 non
229 974 354 1013 solum
386 972 495 1012 uobis
528 973 745 1020 obsistere,
781 973 851 1013 sed
882 973 1000 1013 etiam
1031 973 1181 1014 caelum
1205 974 1358 1014 diruere
1381 973 1608 1027 possent?',

123 1041 324 1082 denarium
348 1054 557 1082 ⁴numerum
590 1041 732 1081 deleui.
782 1039 888 1080 Nam
919 1055 1007 1081 cum
1038 1038 1116 1081 Cn.
1141 1040 1352 1095 Pompeius
1380 1042 1612 1082 adolescens

122 1109 162 1149 in
174 1108 405 1163 Hispaniam
426 1109 600 1158 ueniret,
629 1109 732 1162 quod
754 1109 897 1148 factum
921 1116 981 1149 est
999 1109 1112 1149 initio
1134 1108 1225 1149 belli
1247 1108 1427 1150 Africani
1449 1109 1503 1162 (b.
1519 1108 1611 1149 Afr.

123 1176 204 1229 23)
220 1207 230 1226 ,
265 1190 400 1217 omnes
432 1176 658 1230 prouinciae
690 1183 849 1231 praeter
868 1176 1048 1218 Africam
1071 1184 1110 1218 et
1130 1177 1362 1232 Hispaniam
1384 1177 1615 1217 ulteriorem

124 1246 165 1285 in
187 1241 374 1285 Caesaris
396 1251 590 1297 potestate
614 1252 741 1285 erant.
794 1244 839 1285 In
871 1245 931 1286 his
961 1245 1084 1300 igitur
1114 1246 1245 1299 plures
1268 1259 1380 1299 quam
1404 1245 1538 1285 decem
1559 1244 1615 1284 le-

126 1313 264 1366 giones
288 1313 408 1352 fuisse
431 1312 520 1365 quid
543 1313 806 1353 demonstrari
829 1328 923 1368 opus
947 1315 1031 1355 est?
1069 1312 1273 1355 Numerus
1296 1320 1362 1354 aut
1381 1313 1481 1353 male
1502 1326 1615 1366 repe-

127 1380 200 1420 tita
222 1381 402 1434 proxima
424 1381 629 1434 superiore
650 1381 784 1421 littera
806 1389 916 1422 ortus
939 1389 1015 1430 est,
1050 1390 1117 1423 aut
1138 1397 1160 1423 a
1190 1383 1379 1437 magistro
1400 1380 1615 1434 interpola-

129 1455 206 1496 tus,
233 1449 296 1500 qui
318 1448 355 1487 b.
382 1446 487 1488 Gall.
513 1446 634 1498 VIII,
660 1447 738 1498 39,
762 1449 789 1488 4
810 1449 903 1489 item
925 1450 1123 1504 legionum
1146 1463 1351 1491 numerum
1367 1479 1376 1497 ,
1408 1446 1471 1498 ll,
1501 1446 1553 1497 2,
1588 1444 1612 1486 5

129 1515 247 1556 uerba
273 1515 516 1556 ‘duodecimo
540 1516 614 1556 die'
637 1516 794 1556 adiecit.
