1835 3240
694 162 1119 203 —143--

163 290 238 322 tem
261 280 333 320 boc
354 278 439 318 loco
462 278 577 332 plane
599 276 841 318 contrarium
864 284 949 328 est,
975 291 1060 318 cum
1081 275 1358 319 Massilienses
1381 277 1646 325 Caesarianos

161 348 362 389 celeritate
393 346 551 386 nauium
585 346 770 396 eludere,
813 352 1134 386 transcurrentes
1175 358 1307 388 remos
1345 347 1576 401 detergere,
1607 352 1647 391 in

159 428 310 457 summa
330 415 506 456 artificiis
530 421 570 455 et
590 414 756 455 scientia
777 414 1084 468 gubernatorum
1106 428 1281 468 pugnare
1304 414 1509 465 dicantur,
1545 432 1648 458 com-

159 484 287 524 minus
317 483 506 537 congredi
537 490 618 524 tum
650 483 828 532 demum,
863 498 950 523 cum
983 482 1099 536 spatii
1129 483 1322 536 angustiis
1355 485 1581 524 necessario
1611 486 1647 525 id

159 554 290 593 facere
321 559 527 605 cogantur.
580 549 841 592 Scribendum
864 558 951 591 erat
971 550 1093 604 igitur
1126 551 1393 605 ‘impetusque
1425 565 1561 592 eorum
1585 554 1649 593 de-

160 619 385 673 cipiebant'.
440 618 686 660 simulabant
716 619 819 660 enim
842 633 884 660 se
907 619 1091 673 impetum
1116 626 1354 673 excepturos
1377 626 1430 670 et,
1457 634 1543 660 cum
1566 619 1649 660 Ro-

158 689 263 728 mani
285 687 416 728 nanim
438 687 738 737 incitauissent,
770 694 811 727 ut
841 687 984 727 rostris
1008 694 1320 737 concurrerent,
1346 688 1589 730 declinantes
1613 696 1651 729 et

159 755 260 796 latus
283 755 538 796 aduersariae
560 755 672 796 nauis
695 756 1046 809 praeteruehentes
1067 769 1199 796 remos
1221 755 1493 809 detergebant.

273 821 322 865 C.
347 822 402 864 64
433 823 689 874 describitur,
715 824 1036 877 quemadmodum
1058 823 1266 864 Afraniani
1289 838 1313 864 a
1334 821 1521 865 Caesaris
1545 825 1654 877 equi—

159 899 243 932 tatu
272 892 314 932 in
343 892 500 947 agmine
531 892 655 946 carpti
687 899 726 932 et
757 892 858 932 male
887 890 1009 931 habiti
1041 891 1135 931 sint.
1193 891 1344 932 ‘Prima
1374 892 1493 942 luce’,
1528 892 1653 945 inquit

161 957 340 1011 Caesar,
378 966 448 1001 ‘ex
469 960 740 1014 superioribus
762 960 860 1000 locis
875 990 885 1009 ,
913 973 1012 1013 quae
1037 957 1227 1000 Caesaris
1250 961 1392 1001 castris
1423 968 1538 1001 erant
1559 975 1652 1001 con-

158 1028 318 1079 iuncta,
359 1028 595 1069 cernebatur
633 1029 832 1083 equitatus
872 1028 998 1068 nostri
1032 1027 1180 1082 proelio
1223 1029 1462 1070 nouissimos
1495 1029 1652 1070 illorum

160 1096 282 1150 premi
317 1096 598 1147 uehementer,
635 1111 681 1137 ac
710 1111 1004 1150 nonnumquam
1037 1096 1237 1137 sustinere
1268 1104 1488 1137 extremum
1512 1111 1654 1152 agmen

161 1170 276 1218 atque
298 1165 544 1219 interrumpi,
569 1165 667 1206 alias
689 1165 828 1206 inferri
851 1165 965 1219 signa
979 1172 1018 1205 et
1040 1165 1317 1205 uniuersarum
1339 1164 1559 1206 cohortium
1581 1166 1654 1206 im-

161 1239 253 1286 petu
274 1239 431 1273 nostros
454 1233 647 1288 propelli⁷.
682 1231 932 1274 Sustinuisse
955 1239 1174 1276 extremum
1199 1247 1341 1286 agmen
1362 1240 1473 1274 recte
1494 1233 1652 1283 dicitur,

164 1314 248 1339 cum
280 1300 514 1342 subsisteret
543 1302 791 1355 impetusque
830 1303 1005 1355 equitum
1048 1302 1252 1356 exciperet
1292 1308 1407 1356 atque
1439 1303 1652 1356 perferret.

164 1366 244 1408 Sed
265 1368 525 1422 interruptum
556 1383 645 1410 esse
677 1383 817 1424 agmen
839 1370 1026 1410 credibile
1048 1384 1127 1410 non
1150 1377 1232 1410 est:
1259 1371 1360 1423 quod
1383 1384 1467 1410 cum
1490 1370 1657 1411 accidis-

165 1443 251 1485 set,
288 1437 452 1476 alteram
483 1442 633 1490 partem
666 1437 713 1477 ab
745 1439 869 1478 altera
900 1438 1059 1478 excludi
1101 1446 1140 1478 et
1181 1438 1460 1478 circumueniri
1489 1451 1655 1479 necesse

166 1511 274 1553 erat,
308 1518 408 1557 quae
437 1517 502 1544 res
535 1505 694 1546 minime
715 1505 763 1545 iis
788 1506 949 1546 euenire
972 1512 1152 1559 poterat,
1186 1506 1249 1559 qui
1271 1506 1457 1560 impetum
1481 1507 1655 1560 equitum

164 1570 425 1611 sustinebant..
459 1569 598 1625 Itaque
622 1572 841 1628 ‘inrumpi'
864 1573 991 1626 posui.
1042 1573 1232 1626 Equestri
1269 1573 1372 1614 enim
1403 1575 1576 1628 procella
1596 1575 1657 1615 in-

163 1646 329 1692 gruente
351 1639 490 1680 alicubi
513 1640 660 1692 primos
682 1640 829 1693 proteri
852 1647 891 1680 et
913 1641 1012 1680 deici
1035 1654 1202 1681 necesse
1216 1648 1328 1692 erat,
1354 1642 1422 1682 sed
1444 1649 1524 1682 tum
1537 1641 1659 1683 Afra-

163 1707 270 1748 niani
293 1707 412 1748 illatis
435 1707 559 1761 signis
584 1708 735 1761 equites
757 1721 896 1748 rursus
914 1708 1197 1762 propellebant.

277 1773 326 1816 C.
351 1773 422 1826 65,
447 1774 471 1816 3
503 1776 601 1817 haec
630 1776 868 1817 edebantur:
907 1774 985 1816 ‘Illi
1017 1776 1244 1817 necessario
1285 1776 1506 1828 maturius,
1543 1792 1657 1832 quam

163 1844 470 1893 constituerant,
496 1851 626 1885 castra
649 1851 814 1900 ponunt.
850 1842 1049 1885 Suberant
1071 1846 1175 1886 enim
1197 1852 1351 1886 montes
1374 1853 1491 1900 atque
1513 1861 1535 1887 a
1557 1846 1662 1886 mili-

165 1912 235 1952 bus
264 1926 450 1966 passuum
483 1913 653 1966 quinque
685 1913 828 1954 itinera
861 1913 1030 1953 difficilia
1061 1920 1176 1967 atque
1199 1921 1368 1969 angusta
1391 1914 1657 1968 excipiebant.

164 1979 247 2020 Hos
269 1980 375 2020 intra
396 1987 549 2022 montes
572 1995 614 2021 se
636 1981 894 2035 recipiebant,
920 1989 963 2021 ut
985 1983 1202 2035 equitatum
1225 1983 1448 2037 effugerent
1470 1981 1659 2024 Caesaris

164 2049 449 2104 praesidiisque
487 2050 528 2089 in
569 2050 764 2103 angustiis
801 2050 1004 2090 collocatis
1039 2051 1258 2090 exercitum
1302 2051 1446 2092 itinere
1478 2051 1660 2106 prohibe-

162 2125 276 2168 rent,
321 2118 397 2172 ipsi
438 2117 525 2158 sine
557 2117 731 2172 periculo
764 2132 809 2158 ac
847 2118 987 2158 timore
1018 2116 1176 2159 Iberum
1218 2120 1351 2173 copias
1391 2121 1657 2161 traducerent.

165 2183 279 2238 Quod
309 2186 381 2226 fuit
410 2185 488 2226 illis
521 2186 739 2226 conandum
771 2192 889 2242 atque
911 2186 1016 2226 omni
1037 2186 1192 2227 ratione
1215 2188 1459 2228 efficiendum
1475 2219 1485 2238 ,
1510 2189 1578 2229 sed
1602 2195 1661 2228 to-

164 2254 243 2294 tius
266 2253 342 2295 diei
364 2267 495 2308 pugna
517 2260 635 2307 atque
656 2254 811 2296 itineris
834 2253 969 2295 labore
988 2255 1133 2296 defessi
1165 2270 1247 2297 rem
1270 2257 1310 2296 in
1334 2264 1534 2311 posterum
1558 2256 1659 2297 diem

165 2321 430 2363 distulerunt’.
484 2321 634 2365 Verum
666 2323 768 2377 quod
788 2323 996 2364 Afraniani
1027 2337 1070 2364 se
1091 2323 1195 2364 intra
1218 2331 1372 2366 montes
1404 2325 1583 2379 recipere
1605 2324 1661 2364 di-

166 2398 331 2441 cuntur,
356 2399 547 2446 repugnat
569 2390 840 2446 superioribus
862 2391 1016 2441 uerbis,
1042 2391 1180 2444 quibus
1204 2405 1272 2433 eos
1296 2400 1426 2434 castra
1447 2393 1523 2434 iam
1546 2407 1662 2448 posu-

167 2456 246 2498 isse
269 2459 506 2500 declaratum
529 2467 612 2510 est,
637 2473 765 2513 neque
787 2460 915 2500 minus
937 2459 1260 2512 insequentibus,
1287 2461 1425 2515 quihus
1447 2462 1662 2516 reprehen-

168 2524 330 2576 duntur,
365 2528 468 2580 quod
500 2528 578 2568 iter
607 2528 655 2568 ad
687 2535 841 2568 montes
872 2527 912 2568 in
944 2535 1145 2582 posterum
1179 2530 1281 2570 diem
1303 2530 1562 2571 distulissent.
1615 2527 1662 2570 In

170 2593 346 2634 omnibus
377 2603 506 2636 autem
537 2596 650 2637 codd.
676 2597 772 2637 haec
804 2597 860 2636 ita
892 2596 1038 2650 scripta
1061 2604 1177 2637 sunt:
1206 2598 1292 2638 ‘hos
1315 2605 1469 2639 montes
1490 2599 1595 2639 intra
1617 2610 1660 2638 se

171 2660 438 2713 recipiebatur.
491 2661 605 2716 Quae
635 2665 692 2706 sic
721 2664 922 2718 corrigere
955 2679 1034 2705 non
1067 2665 1265 2706 dubitaui:
1295 2666 1382 2706 ‘hos
1414 2674 1568 2707 montes
1600 2666 1660 2706 in-

172 2733 276 2767 trare
299 2729 536 2783 cupiebant'.
589 2731 637 2773 In
661 2733 916 2787 sequentibus
940 2740 1071 2774 autem
1093 2734 1228 2775 uerbis
1251 2734 1467 2788 genitiuum
1493 2731 1659 2774 ‘Caesa-

170 2794 252 2833 ris'
290 2803 380 2837 ante
410 2800 680 2841 ‘exercitum'
713 2801 985 2842 collocandum
1018 2809 1110 2856 puto
1152 2810 1312 2856 propter
1352 2802 1659 2856 oppositionem,

171 2876 282 2916 quam
306 2865 484 2917 proxima
503 2867 675 2909 habent:
703 2869 1005 2923 ‘praesidiisque
1034 2871 1075 2911 in
1105 2871 1297 2924 angustiis
1329 2870 1532 2911 collocatis
1556 2866 1660 2910 Cae-
