1835 3240
102 166 185 210 678
701 170 873 214 BELLI
895 167 1141 212 AFRICAE

176 293 293 334 pere,
338 288 453 335 atque
481 283 632 325 auxilia
664 285 782 324 etiam
804 283 850 323 ab
873 281 1058 336 Scipione
1080 281 1239 321 abduxit
1262 282 1337 323 sibi
1357 284 1518 336 suisque
1539 282 1658 324 rebus

175 348 317 390 timens
339 349 631 404 elephantisque
652 356 754 390 XXX
774 350 921 390 relictis
943 350 1025 390 suis
1047 348 1189 390 finibus
1211 349 1438 403 oppidisque
1459 351 1657 404 suppetias

99 414 155 459 26
177 416 376 470 profectus
404 425 479 457 est.
544 417 696 458 Caesar
724 417 880 458 interim
897 448 908 467 ,
942 432 1028 458 cum
1051 417 1097 457 de
1119 430 1190 456 suo
1213 416 1383 456 aduentu
1405 418 1596 458 dubitatio
1617 418 1658 458 in

175 482 380 537 prouincia
403 491 529 531 esset,
564 496 691 537 neque
712 485 915 538 quisquam
939 485 1122 525 erederet
1141 483 1290 536 ipsum,
1325 484 1393 523 sed
1416 484 1579 537 aliquem
1601 486 1657 526 le-

175 558 309 605 gatum
339 552 379 591 iu
400 550 575 591 Africam
607 566 693 592 cum
727 553 849 606 copiis
873 553 1048 602 uenisse,
1083 550 1318 604 conscriptis
1340 551 1482 592 litteris
1506 553 1652 594 circum

127 618 155 658 2
176 619 414 672 prouinciam
438 632 573 659 omnes
597 619 778 660 ciuitates
801 620 892 660 facit
913 621 959 660 de
991 633 1063 660 suo
1091 619 1261 659 aduentu
1284 618 1490 659 certiores.
1551 617 1657 660 Inte-

175 686 248 726 rim
271 685 420 725 nobiles
443 685 620 727 homines
643 701 694 728 ex
716 688 799 729 suis
824 688 970 742 oppidis
993 688 1204 741 profugere
1226 691 1265 725 et
1295 685 1335 725 in
1358 692 1488 726 castra
1510 683 1658 726 Caesa-

175 754 230 794 ris
262 752 450 793 deuenire
483 760 522 792 et
554 753 601 795 de
633 755 951 796 aduersariorum
984 755 1068 796 eius
1100 753 1332 794 crudelitate
1362 753 1658 806 acerbitateque

128 819 152 860 3
175 833 484 861 commemorare
515 830 745 875 coeperunt.
809 821 987 876 Quorum
1025 821 1198 862 lacrimis
1230 821 1477 874 querelisque
1509 817 1661 861 Caesar

177 894 393 928 commotus
426 902 511 929 cum
543 897 659 930 antea
691 891 966 932 constituisset
997 904 1017 930 e
1049 889 1206 930 statiuis
1229 888 1370 929 castris
1393 894 1544 929 aestate
1565 887 1662 928 inita

176 955 329 995 cunctis
352 955 474 1010 copiis
496 956 735 1011 auxiliisque
757 958 894 999 accitis
921 987 1118 998 ......
1143 956 1284 997 bellum
1309 971 1395 996 cum
1418 957 1500 996 suis
1523 956 1661 996 aduer-

174 1022 290 1063 sariis
321 1037 462 1076 gerere
493 1024 659 1065 iustituit
688 1026 907 1079 litterisque
938 1026 1123 1067 celeriter
1150 1025 1190 1064 in
1214 1022 1387 1064 Siciliam
1413 1023 1581 1078 [missis]
1611 1022 1659 1062 ad

177 1090 362 1131 Alienum
387 1099 425 1132 et
445 1091 651 1133 Rabirium
673 1092 901 1134 Postumum
934 1092 1170 1146 conscriptis
1203 1092 1277 1146 [et]
1313 1105 1381 1145 per
1412 1099 1660 1144 catascopum

174 1158 317 1208 mittit,
361 1166 403 1199 ut
433 1160 520 1200 sine
555 1174 667 1200 mora
697 1175 742 1201 ac
774 1161 880 1201 nulla
911 1160 1170 1201 excusatione
1202 1159 1339 1198 hiemis
1373 1166 1659 1210 uentorumque

127 1224 154 1265 4
176 1240 288 1279 quam
321 1227 525 1267 celerrime
557 1228 758 1268 exercitus
789 1228 864 1267 sibi
895 1233 1260 1280 transportaretur:
1293 1225 1470 1265 Africam
1502 1225 1658 1279 prouin-

175 1294 273 1333 ciam
289 1294 418 1347 perire
440 1294 691 1347 funditusque
714 1295 839 1335 euerti
862 1295 908 1335 ab
932 1294 1014 1335 suis
1036 1293 1230 1343 inimicis,
1256 1292 1354 1345 quod
1378 1293 1453 1332 nisi
1476 1292 1661 1333 celeriter

174 1361 292 1401 sociis
316 1361 418 1402 soret
438 1361 688 1411 subuentum,
715 1370 872 1416 praeter
892 1363 1014 1416 ipsam
1027 1361 1206 1401 Africam
1230 1367 1375 1401 terram
1397 1360 1505 1410 nihil,
1531 1374 1580 1401 ne
1603 1367 1660 1400 te-

175 1435 277 1468 ctum
291 1429 460 1482 quidem,
477 1444 552 1483 quo
575 1444 618 1470 se
639 1430 877 1485 reciperent,
902 1430 949 1471 ab
971 1430 1125 1470 illorum
1148 1429 1297 1469 scelere
1318 1428 1549 1481 insidiisque
1570 1427 1663 1468 reli-

129 1494 152 1535 5
176 1511 290 1537 cuum
305 1497 493 1537 futurum.
518 1497 652 1553 Atque
665 1498 748 1551 ipse
769 1498 930 1539 intanta
946 1505 1031 1539 erat
1048 1496 1300 1537 festinatione
1314 1496 1656 1550 etexpectatione,

176 1571 216 1605 ut
238 1572 397 1619 postero
420 1565 496 1616 die,
521 1579 635 1619 quam
659 1566 832 1607 misisset
852 1566 1003 1607 litteras
1026 1565 1294 1618 nuntiumque,
1320 1565 1486 1605 classem
1509 1563 1663 1604 exerci-

177 1640 337 1686 tumque
357 1633 503 1673 morari
526 1634 690 1684 diceret,
717 1634 798 1675 dies
821 1641 1034 1686 noctesque
1056 1633 1190 1673 oculos
1213 1640 1462 1685 mentemque
1484 1632 1531 1671 ad
1552 1644 1661 1672 mare

128 1699 154 1740 6
177 1701 388 1754 dispositos
413 1701 660 1755 directosque
678 1702 853 1743 haberet.
890 1701 979 1743 Nec
994 1701 1149 1741 mirum.
1182 1699 1537 1740 Animaduertebat
1557 1699 1659 1739 enim

179 1768 293 1809 uillas
317 1769 446 1819 exuri,
480 1783 598 1823 agros
621 1769 788 1819 uastari,
822 1783 939 1822 pecus
963 1768 1091 1822 diripi,
1124 1768 1329 1817 trucidari,
1360 1767 1497 1821 oppida
1519 1767 1660 1806 castel-

177 1837 290 1888 laque
313 1836 414 1876 dirui
438 1837 643 1890 deserique
658 1868 668 1887 ,
704 1837 898 1891 principes
931 1837 1132 1877 ciuitatum
1164 1842 1230 1876 aut
1257 1835 1425 1876 interfici
1448 1841 1515 1874 aut
1534 1835 1575 1874 in
1597 1848 1661 1874 ca-

179 1903 281 1944 tenis
304 1905 457 1954 teneri,
491 1904 636 1946 liberos
660 1919 794 1945 eorum
818 1905 993 1945 obsidum
1017 1904 1173 1944 nomine
1195 1904 1235 1943 in
1256 1903 1487 1943 seruitutem
1510 1902 1660 1956 abripi,

128 1970 154 2011 7
177 1970 224 2011 iis
256 1985 298 2011 se
329 1971 370 2011 in
391 1971 560 2013 miseriis
583 1987 770 2026 suamque
792 1973 903 2013 fidem
926 1970 1221 2026 implorantibus
1245 1971 1395 2011 auxilio
1418 1976 1575 2024 propter
1596 1983 1660 2010 00-

129 2037 156 2079 8
178 2039 328 2093 piarum
358 2040 593 2093 paucitatem
625 2055 714 2082 esse
743 2055 820 2081 non
843 2054 974 2094 posse.
1035 2038 1188 2080 Milites
1210 2039 1366 2080 interim
1388 2038 1428 2078 in
1450 2052 1567 2091 opere
1591 2051 1662 2078 ex-

179 2121 314 2148 ercere
345 2114 460 2160 atque
483 2116 613 2149 castra
640 2109 793 2150 munire
808 2139 818 2158 ,
854 2116 984 2149 turres
1000 2139 1010 2157 ,
1045 2108 1205 2148 castella
1230 2108 1358 2148 facere
1381 2106 1582 2158 molesque
1604 2106 1660 2145 ia-

100 2174 155 2219 27
177 2189 267 2215 cere
297 2175 338 2215 in
369 2188 477 2216 mare
511 2190 590 2216 non
619 2177 899 2217 intermittere.
978 2174 1111 2229 Scipio
1141 2175 1299 2215 interim
1331 2174 1557 2228 elephantos
1589 2173 1662 2213 boc

177 2243 289 2283 modo
313 2244 620 2285 condocefacere
640 2244 826 2285 instituit.
890 2243 1001 2284 Duas
1024 2243 1217 2283 instruxit
1244 2242 1364 2291 acies,
1399 2255 1513 2281 unam
1537 2241 1663 2281 fundi-

319 2357 338 2389 5
357 2357 391 2388 in
410 2356 562 2389 Africam
581 2368 655 2390 cum
674 2358 780 2401 copiis
797 2369 829 2399 α,
846 2369 919 2390 011111
939 2357 1047 2399 copiis
1067 2357 1099 2388 in
1119 2356 1270 2388 Africam
1290 2355 1367 2387 edd.
1509 2354 1528 2386 7
1543 2353 1661 2394 fugere

176 2408 205 2438 b.
349 2407 390 2439 10
403 2408 642 2441 constituisset
660 2420 677 2441 e
695 2419 716 2440 a
736 2409 754 2440 b
773 2419 801 2450 c,
823 2408 1039 2441 constitisset
1057 2408 1089 2438 in
1109 2418 1144 2438 u.
1288 2407 1324 2438 11
1340 2405 1462 2437 accitis
1481 2404 1659 2445 Scaliger,

174 2460 275 2500 agitis
294 2470 314 2491 α
327 2471 365 2500 0,·
385 2461 580 2502 aggregatis
601 2462 632 2492 b.
645 2461 827 2494 Lacunam
848 2472 911 2504 ego
931 2463 1068 2493 notaui.
1088 2459 1219 2494 P.208.
1360 2458 1431 2489 suis
1450 2457 1661 2488 aduersariis

175 2521 209 2551 a,
223 2511 434 2543 aduersariis
454 2513 525 2544 suis
545 2512 623 2544 edd.
767 2514 934 2547 121nissis
954 2524 974 2544 a
995 2513 1012 2544 b
1033 2523 1061 2552 c,
1083 2522 1153 2544 om.
1173 2521 1209 2542 u.
1230 2510 1268 2542 P.
1281 2509 1360 2543 209.
1502 2509 1540 2542 13
1554 2509 1661 2541 Allie-

176 2572 251 2593 num
272 2561 324 2603 (a)
343 2572 379 2594 u.
522 2568 556 2595 et
575 2565 614 2595 ad
629 2564 804 2597 Rabirium
819 2566 850 2597 b.
992 2569 1209 2604 catoscopum
1224 2562 1253 2593 b.
1398 2561 1437 2593 14
1449 2561 1554 2593 mittit
1566 2571 1586 2592 a
1601 2563 1618 2593 b
1629 2572 1659 2601 c,

175 2607 289 2639 missis
307 2617 343 2638 u.
515 2618 554 2640 ac
574 2610 667 2641 nulla
687 2621 720 2651 a,
742 2615 775 2642 et
793 2610 886 2642 nulla
907 2611 947 2649 b,-
967 2614 1027 2640 aut
1044 2608 1116 2640 ulla
1135 2607 1250 2639 Aldus
1270 2617 1305 2637 u.
1478 2607 1607 2649 hyemis
1625 2616 1659 2638 a.

319 2658 359 2690 15
378 2657 503 2689 celerri
519 2669 552 2699 a,
574 2660 737 2691 celeriter
756 2661 787 2692 b.
938 2662 1021 2690 ante
1038 2657 1191 2690 Al'ricam
1210 2657 1292 2688 add.
1313 2657 1345 2688 in
1368 2657 1399 2688 b.
1552 2657 1592 2690 18
1610 2666 1663 2688 re·-

175 2708 346 2741 lienuma.
486 2709 526 2742 19
541 2712 781 2752 expectatione
792 2721 826 2744 α,
967 2710 1009 2744 20
1022 2709 1242 2749 nuntiumque
1254 2719 1274 2739 (ι
1289 2709 1318 2748 b,
1333 2708 1597 2750 nuntiumquein
1609 2707 1660 2739 Si-

177 2762 288 2794 ciliam
306 2771 343 2793 u.
482 2762 527 2797 22
544 2762 716 2804 depositos
734 2773 755 2794 a
774 2774 792 2794 c
809 2763 843 2795 d.
996 2762 1039 2795 24
1058 2761 1230 2803 principes
1252 2761 1346 2792 ί111311.
1363 2759 1547 2803 plurz'mi',
1568 2760 1660 2802 prin-

176 2813 336 2855 cipesque
354 2813 418 2855 (a).
559 2813 602 2848 25
620 2813 814 2857 abripuisse
832 2812 866 2844 in
884 2822 917 2844 a.
1059 2812 1102 2846 27
1114 2812 1208 2852 csse]
1228 2822 1303 2844 sese
1323 2822 1356 2844 α.
1498 2811 1541 2846 28
1555 2815 1655 2853 atque

175 2875 197 2895 a
219 2865 313 2896 ‘msa
336 2864 380 2905 6³,
401 2875 468 2897 om.
488 2864 601 2897 Aldus
619 2874 653 2896 tl.
796 2863 838 2896 30
857 2863 1047 2895 condecere
1069 2861 1184 2895 facere
1201 2873 1235 2895 α.

1696 894 1734 927 10

1692 1231 1732 1264 15

1693 1569 1736 1602 20

1693 1909 1736 1943 25

1694 2247 1736 2280 30
