1835 3240
733 159 1159 201 ——168—

197 282 303 317 recte
318 274 496 330 Coponio
518 276 831 332 appropinquare
852 274 1047 324 dicuntur,
1072 288 1168 327 quos
1191 287 1317 327 neque
1335 274 1521 328 sponteid
1538 274 1679 314 secisse

195 344 394 398 probabile
416 352 491 395 est,
517 358 604 384 cum
626 357 816 383 summum
837 342 1050 395 periculum
1074 343 1250 392 afferret,
1275 356 1399 396 neque
1421 343 1497 383 ulla
1519 356 1601 390 res,
1638 349 1680 381 ut

195 413 390 463 facerent,
426 413 605 468 cogebat.
647 411 754 451 Ante
778 409 907 450 omnia
922 439 933 459 ,
968 417 1010 449 nt
1038 417 1144 450 recte
1166 411 1211 450 de
1234 410 1291 450 his
1313 410 1445 450 uerbis
1467 410 1676 459 iudicetur,

194 480 394 521 sciendum
427 488 488 522 est
519 478 739 534 Coponium
767 479 905 532 longas
937 491 1058 518 naues
1090 478 1297 527 habuisse,
1324 478 1538 518 Antonium
1562 478 1679 531 longe

194 548 405 588 maximam
428 556 575 602 partem
599 547 820 588 onerarias.
862 544 922 585 De
944 545 1011 585 illo
1033 546 1133 599 quod
1155 546 1252 595 dixi,
1285 552 1324 585 et
1344 545 1427 598 ipsa
1449 559 1514 585 res
1537 552 1577 585 et
1597 545 1679 598 Ap-

194 615 333 668 pianus
356 616 394 656 b,
420 616 496 656 eiu.
521 614 577 665 II,
603 613 656 655 59
679 616 937 655 demonstrat.
971 612 1187 653 Antonium
1214 626 1428 667 perpaucas
1449 613 1588 665 longas
1611 614 1679 653 ha-

192 682 325 724 buisse
348 684 436 724 inde
458 683 707 737 perspicitur,
733 682 833 735 quod
847 678 1013 730 Caesar,
1038 681 1102 734 qui
1119 681 1256 722 iisdem
1272 681 1436 721 nauibus
1450 680 1677 730 traiecerat,

195 751 234 791 h.
259 752 286 791 l.
312 766 347 791 c.
372 750 398 791 7
429 750 630 790 duodecim
662 756 816 790 tantum
847 749 986 802 longas
1017 762 1151 789 secum
1182 749 1301 789 fuisse
1334 748 1471 788 scribit
1502 755 1541 789 et
1569 748 1680 788 iniis

193 826 417 859 constratas
436 832 515 858 non
529 818 660 872 plures
672 832 784 870 quani
801 823 1000 870 quattuor.
1025 814 1163 870 Itaque
1179 815 1347 871 Coponii
1362 830 1484 857 naues
1499 816 1681 856 omnibus

198 886 316 926 rebus
338 886 556 926 instructae
579 893 619 926 et
639 885 787 925 habiles
801 891 915 925 erant
936 885 981 924 ad
1000 885 1285 939 remigandum,
1310 885 1627 925 Antonianarum
1642 899 1684 924 o-

191 955 292 993 mnis
313 954 373 994 uis
395 950 435 994 in
457 953 559 994 uel-is
584 953 844 1003 consistebat,
868 966 992 1005 eaque
1012 951 1185 1009 μεγάλα
1209 953 1540 1007 ἴστιαΑρΡίειιπιε
1559 953 1597 993 in
1622 952 1682 992 his

192 1029 486 1062 commemorat.
540 1019 620 1062 Iam
659 1020 1059 1075 appropinquantibus
1097 1019 1388 1075 Dyrrhachium
1425 1019 1682 1062 Caesarianis

192 1103 276 1128 cum
301 1086 506 1144 Coponius
529 1090 576 1129 ad
598 1103 667 1129 eos
690 1089 981 1136 contendisset,
1015 1089 1166 1129 leniore
1190 1096 1306 1129 uento
1330 1089 1443 1130 fiebat
1459 1120 1470 1139 ,
1505 1096 1549 1129 ut
1578 1086 1681 1128 Cae-

191 1156 339 1196 sariani
361 1157 512 1197 tardius
535 1158 809 1210 procederent,
835 1164 873 1198 et
889 1154 1091 1211 Coponius
1115 1171 1182 1197 eos
1204 1171 1329 1211 paene
1351 1164 1679 1213 consequeretur,

189 1223 258 1264 sed
271 1238 355 1264 cum
369 1231 512 1265 uentus
524 1239 665 1265 rursus
678 1225 977 1275 increbruisset,
1003 1225 1110 1279 prius
1123 1239 1208 1265 eum
1223 1225 1543 1279 praeuertebant,
1567 1238 1682 1278 quam

190 1292 238 1332 ad
259 1306 328 1332 eos
350 1293 600 1346 perueniret,
638 1300 678 1333 et
708 1293 874 1333 durante
906 1293 1041 1332 eodem
1074 1299 1191 1332 uento
1215 1300 1303 1346 post
1324 1306 1367 1334 se
1387 1292 1680 1345 relinquebant.

192 1357 393 1414 Coponius
416 1368 546 1401 autem
576 1361 697 1401 nihilo
719 1361 849 1401 minus
883 1360 1043 1400 ‘labore
1074 1367 1114 1400 et
1144 1360 1444 1414 perseuerantia
1475 1366 1682 1400 nautarum

189 1429 265 1468 uim
301 1428 543 1482 tempestatis
576 1428 756 1482 superari
788 1442 903 1482 posse
936 1427 1144 1482 sperabat’
1166 1428 1239 1467 hoc
1270 1433 1352 1476 est,
1387 1427 1620 1481 remigando
1640 1441 1686 1468 se

191 1497 360 1537 celerius
391 1496 562 1546 iturum,
596 1510 711 1550 quam
742 1496 964 1536 Antoniani
996 1495 1104 1536 uenti
1133 1495 1402 1549 magnitudine
1434 1495 1681 1538 ferebantur.

188 1561 249 1604 Ita
273 1565 369 1604 haee
389 1564 656 1619 intellegenda
679 1577 770 1604 esse
792 1570 829 1604 et
845 1563 1019 1617 Appiani
1041 1563 1217 1604 narratio
1239 1563 1412 1603 ostendit
1434 1570 1473 1603 et
1495 1561 1683 1605 Caesaris

189 1633 326 1680 uerba,
353 1645 452 1684 quae
474 1633 607 1672 statim
629 1637 871 1685 sequuntur,
900 1630 1059 1671 ‘Nostri
1081 1629 1537 1671 usifortunaebeneficio
1550 1637 1682 1672 tamen

189 1700 374 1754 impetum
397 1699 537 1739 classis
559 1699 764 1749 timebant,
788 1699 823 1739 si
846 1699 947 1738 forte
969 1704 1111 1738 uentus
1133 1696 1384 1738 remisisset'.

304 1764 354 1807 C.
379 1765 431 1807 35
446 1796 457 1815 ,
485 1765 506 1805 1
531 1766 571 1806 in
593 1766 704 1806 codd.
730 1766 785 1806 ita
807 1766 993 1819 scriptum
1016 1771 1101 1806 est:
1137 1770 1147 1789 ‘
1163 1764 1231 1805 Ex
1253 1765 1312 1806 his
1335 1763 1535 1807 Caluisius
1557 1766 1684 1820 primo

189 1834 361 1876 aduentu
391 1848 543 1874 summa
571 1834 741 1873 omnium
774 1833 1007 1874 Aetolorum
1036 1839 1217 1887 receptus
1249 1835 1453 1875 uoluntate
1476 1834 1684 1888 praesidiis

190 1902 509 1943 aduersariorum
532 1899 735 1956 Calydone
757 1908 796 1942 et
818 1899 1027 1954 Naupacto
1048 1901 1196 1942 relictis
1225 1903 1329 1942 omni
1351 1901 1510 1943 Aetolia
1534 1903 1684 1957 potitus

193 1970 283 2011 est'.
318 1969 456 2023 Itaque
480 1975 518 2010 ‘a
542 1969 761 2024 praesidiis'
784 1968 939 2023 scripsi.
975 1967 1182 2010 ‘Reiectis'
1205 1969 1323 2020 enim,
1356 1971 1458 2023 quod
1480 1984 1550 2024 pro
1575 1971 1687 2012 ‘reli‘

193 2037 290 2078 ctis'
321 2038 473 2088 editur,
507 2037 545 2078 in
580 2051 659 2078 uno
680 2035 774 2078 Par.
809 2044 899 2078 tert.
935 2036 1123 2091 scriptum
1155 2044 1240 2086 est,
1282 2037 1396 2090 idque
1430 2036 1683 2080 alienissimis

194 2106 384 2159 exemplis
398 2104 700 2160 Oudendorpius
723 2106 910 2146 defendit.
945 2102 989 2145 Si
1014 2102 1202 2146 ‘reiectis’
1226 2105 1265 2145 in
1288 2105 1466 2145 omnibus
1489 2107 1602 2146 codd.
1627 2107 1685 2148 le-

192 2179 376 2226 geretur,
411 2174 707 2214 assentiendum
738 2179 843 2214 esset
865 2170 1103 2222 Ciacconi0,
1139 2172 1203 2225 qui
1228 2172 1418 2212 ‘deiectis'
1443 2174 1680 2215 coniciebat.

192 2238 318 2280 Paulo
350 2247 438 2294 post
468 2241 509 2280 in
539 2241 600 2282 his
632 2240 791 2281 uerbis:
830 2240 1133 2294 ‘HegesaretuS,
1159 2240 1306 2281 ueteris
1330 2241 1444 2281 homo
1466 2242 1681 2295 potentiae,

194 2307 447 2362 Pompeianis
479 2308 597 2349 rebus
619 2309 825 2350 studebat:
860 2306 1066 2357 Petreius,
1099 2322 1273 2348 summae
1305 2308 1520 2349 nobilitatis
1553 2309 1685 2350 adole-

195 2388 336 2426 scens,
371 2376 452 2416 snis
483 2391 528 2417 ac
559 2391 718 2418 suorum
752 2376 888 2430 opibus
911 2374 1125 2417 Caesarem
1160 2377 1278 2417 enixe
1312 2376 1503 2425 iuuabat',
1541 2390 1684 2417 nomen

194 2441 395 2484 Petreium
428 2458 507 2484 non
539 2444 753 2485 conuenire
784 2445 931 2485 homini
952 2443 1148 2485 Thessalo
1169 2444 1410 2485 intellectum
1441 2451 1515 2485 est.
1567 2438 1684 2499 Apud

197 2508 285 2552 Cic.
309 2510 416 2552 Phil.
439 2509 571 2562 XIII,
606 2511 683 2561 16,
719 2510 773 2552 33
804 2512 1000 2552 Antonius
1031 2512 1072 2553 in
1103 2512 1247 2553 litteris
1276 2512 1322 2552 ad
1352 2519 1530 2553 senatum
1554 2512 1684 2553 missis

196 2579 292 2620 haee
315 2579 518 2632 queritur:
556 2579 703 2620 ‘securi
726 2593 936 2633 percussos
959 2578 1122 2620 Paetum
1146 2587 1184 2620 et
1204 2578 1498 2630 Menedemum,
1524 2581 1685 2621 ciuitate

197 2647 363 2687 donatos
386 2654 423 2687 et
444 2648 616 2701 hospites
639 2645 844 2699 Caesaris,
869 2648 1086 2689 laudastis'.
1126 2646 1171 2688 In
1204 2649 1316 2689 codd.
1341 2649 1393 2688 ibi
1415 2649 1602 2702 scriptum
1624 2655 1687 2689 est

199 2714 427 2756 ‘Petrum'.
486 2713 589 2754 Eum
633 2716 798 2756 eundem
831 2716 1025 2756 hominem
1069 2729 1158 2757 esse
1198 2724 1315 2769 atque
1350 2715 1450 2756 hunc
1480 2714 1683 2757 Petreium

198 2783 423 2825 coniunctio
459 2797 546 2823 cum
574 2781 812 2824 Menedemo
853 2783 983 2833 docet,
1008 2797 1123 2837 quem
1164 2783 1379 2838 principem
1418 2783 1685 2825 Macedoniae

198 2851 347 2892 liberae
387 2850 429 2891 in
469 2850 551 2891 suis
593 2851 769 2904 partibus
811 2848 933 2892 fuisse
968 2848 1123 2892 Caesar
1164 2858 1344 2892 extremo
1384 2852 1589 2907 superiore
1617 2865 1682 2892 ca-
