1835 3240
560 151 744 195 comi.
769 151 808 194 11
830 149 954 193 car.
977 149 1178 192 21-23.
1632 153 1713 195 549

155 282 288 310 omnes
311 267 538 315 alebantur,
572 268 673 320 quod
706 266 752 307 ad
782 265 1001 307 huiusmodi
1025 278 1138 305 casus
1161 263 1375 317 antiquitus
1399 273 1570 317 paratum
1594 268 1634 308 in

153 337 340 391 publicum
363 336 630 387 contulerant)
655 336 805 376 deiecta
828 334 954 383 turri,
988 332 1178 375 labefacta
1212 346 1352 385 magna
1383 340 1492 385 parte
1516 336 1633 384 muri,

154 403 313 445 auxiliis
336 404 628 457 prouinciarum
651 411 690 444 et
710 403 955 443 exercituum
980 400 1220 455 desperatiS,
1255 413 1352 453 quos
1383 399 1422 438 in
1446 397 1635 441 Caesaris

154 478 387 525 potestatem
410 472 568 511 uenisse
590 476 877 524 cognouerant,
901 482 990 509 sese
1013 470 1155 509 dedere
1178 468 1264 508 sine
1289 467 1424 507 fraude
1446 468 1636 508 eonstitu-

107 548 124 579 5
156 546 239 579 unt.
285 537 364 579 Sed
397 540 531 593 paucis
562 546 654 579 ante
685 538 819 579 diebus
850 536 900 577 L.
931 536 1125 577 Domitius
1148 536 1305 589 cognita
1327 534 1635 575 Massiliensium
1659 536 1685 575 2

153 608 355 647 uoluntate
379 608 545 648 nauibus
569 615 612 646 111
635 606 870 660 comparatis
886 636 896 654 ,
921 618 973 644 ex
996 603 1134 657 quibus
1157 605 1253 644 duas
1277 603 1531 643 familiaribus
1555 603 1637 643 suis

154 677 402 725 attribuerat,
429 690 543 715 unam
566 675 650 728 ipse
671 674 975 722 conscenderat,
1001 679 1140 712 nactus
1155 672 1346 711 turbidam
1364 677 1635 724 tempestatem

154 745 352 798 profectus
375 751 448 783 est.
494 742 610 783 Hunc
632 742 883 796 conspicatae
906 734 1045 789 naues,
1071 753 1169 792 quae
1192 741 1314 779 missu
1334 737 1448 779 Bruti
1471 751 1637 778 consue·
1660 738 1684 778 3

154 813 285 852 tudine
308 812 502 851 cotidiana
524 812 571 851 ad
593 817 743 865 portum
767 808 1032 857 excubabant,
1059 807 1224 847 sublatis
1247 807 1404 847 ancoris
1427 807 1640 860 sequieoe-

83 887 120 918 10
154 887 309 932 perunt.
354 879 419 919 Ex
451 879 509 919 his
544 893 662 919 unum
694 879 816 931 ipsius
841 876 1040 930 nauigium
1064 876 1266 915 contendit
1288 883 1325 916 et
1349 877 1483 930 fugere
1505 889 1639 929 perse-
1660 875 1686 914 4

156 948 310 988 uerauit
338 947 567 1000 auxilioque
591 946 836 999 tempestatis
858 958 910 985 ex
933 950 1146 997 conspectu
1169 943 1288 992 abiit,
1321 944 1395 983 duo
1430 944 1640 997 perterrita

155 1029 349 1055 concursu
383 1022 607 1055 nostrarum
639 1015 798 1054 nauium
829 1026 918 1053 sese
940 1012 979 1052 in
1003 1018 1155 1065 portum
1179 1019 1429 1066 receperunt.
1493 1009 1639 1051 Massi·
1661 1010 1685 1050 5

153 1083 298 1123 lienses
321 1097 431 1123 arma
454 1089 726 1135 tormentaque
750 1095 801 1122 ex
816 1081 972 1135 oppido,
997 1087 1040 1120 ut
1062 1087 1123 1120 est
1143 1080 1391 1133 imperatum,
1418 1080 1638 1132 proferunt,

154 1151 267 1191 nauis
290 1165 342 1191 ex
354 1157 471 1205 portu
484 1150 768 1203 naualibusque
791 1150 976 1198 educunt,
1003 1148 1205 1202 pecuniam
1230 1161 1280 1188 ex
1294 1147 1448 1201 publico
1464 1147 1638 1186 tradunt.

83 1226 121 1258 15
155 1217 307 1271 Quibus
329 1219 448 1258 rebus
479 1218 668 1259 confectis
693 1215 848 1258 Caesar
869 1217 993 1272 magis
1017 1230 1084 1257 eos
1109 1230 1177 1270 pro
1202 1216 1359 1255 nomine
1381 1222 1420 1255 et
1442 1222 1641 1255 uetustate
1663 1215 1689 1255 6

156 1302 268 1339 quam
291 1301 360 1340 pro
383 1287 533 1327 meritis
554 1287 594 1326 in
617 1300 659 1326 se
683 1286 856 1326 ciuitatis
879 1299 1121 1326 conseruans
1146 1285 1240 1324 duas
1262 1284 1313 1324 ihi
1337 1284 1514 1337 legiones
1529 1297 1643 1336 prae-

157 1355 254 1395 sidio
277 1355 450 1408 reliquit,
476 1361 630 1395 ceteras
652 1355 693 1394 in
706 1352 857 1394 Italiam
872 1354 1015 1403 mittit3
1040 1353 1124 1408 ipse
1147 1354 1194 1393 ad
1216 1352 1348 1392 urbem
1365 1352 1639 1405 proficiscitur.

270 1421 399 1463 Isdem
431 1423 670 1477 temporibus
693 1420 742 1462 C.
769 1419 894 1463 Curio
926 1422 966 1461 in
990 1421 1166 1461 Africam
1201 1422 1398 1474 profectus
1431 1434 1483 1460 ex
1506 1417 1639 1459 Sicilia
1664 1418 1721 1462 23

157 1498 196 1531 et
219 1492 292 1531 iam
327 1492 373 1531 ab
406 1492 517 1531 initio
548 1491 681 1545 copias
704 1489 750 1531 P.
775 1490 862 1530 Atti
888 1489 987 1531 Vari
1018 1488 1239 1543 despiciens
1272 1489 1367 1528 duas
1391 1489 1568 1541 legiones
1592 1502 1645 1527 ex

83 1565 125 1598 ‘20
161 1566 236 1608 1111,
263 1573 357 1612 quas
379 1556 591 1600 aCaesare
613 1566 834 1613 acceperat,
860 1567 887 1598 D
902 1558 1054 1611 equites
1078 1556 1371 1610 transportabat
1390 1556 1584 1609 biduoque
1607 1562 1647 1595 et

159 1627 339 1667 noctibus
362 1627 485 1667 tribus
508 1628 762 1681 nauigatione
785 1626 1027 1680 consumptis
1051 1625 1209 1679 adpellit
1230 1625 1275 1664 ad
1300 1638 1386 1664 eum
1409 1625 1551 1673 locum,
1582 1623 1644 1676 qui

156 1696 376 1748 appellatur
396 1696 617 1749 Aquilaria.
662 1694 738 1735 Hic
760 1696 867 1734 locus
891 1695 1003 1735 abest
1024 1709 1045 1734 a
1069 1691 1230 1747 Clupeis
1253 1707 1436 1747 passuum
1454 1699 1553 1731 XXll
1576 1691 1645 1731 mi.-
1668 1690 1694 1729 2

158 1763 207 1802 lia
232 1763 424 1817 habetque
440 1778 517 1804 non
540 1764 825 1805 incommodam
839 1769 991 1803 aestate
1014 1762 1222 1802 stationem
1240 1767 1278 1801 et
1300 1760 1450 1800 duobus
1474 1759 1648 1799 eminen-

159 1831 262 1871 tibus
285 1833 566 1885 promuutoriis
590 1832 829 1873 continetur.
893 1830 1019 1870 Huius
1049 1831 1261 1871 aduentum
1284 1828 1335 1869 L.
1361 1825 1517 1868 Caesar
1547 1827 1649 1867 filius
1670 1823 1694 1865 3

83 1906 125 1938 ‘25
159 1913 244 1939 cum
266 1906 299 1939 X
320 1901 447 1954 longis
471 1901 638 1941 nauibus
661 1901 708 1941 ad
731 1899 920 1954 Clupeam
943 1898 1190 1953 praestolans
1207 1929 1217 1946 ,
1242 1911 1338 1950 quas
1361 1910 1483 1937 naues
1506 1894 1650 1937 Vticae

162 1981 214 2007 ex
246 1968 484 2021 praedonum
513 1968 614 2009 bello
646 1968 857 2009 subductas
896 1966 944 2008 P.
978 1967 1114 2007 Attius
1144 1967 1378 2006 reficiendas
1412 1964 1525 2004 huius
1556 1962 1648 2002 belli

163 2050 281 2075 causa
305 2043 538 2086 eurauerat,
572 2038 722 2077 ueritus
754 2037 913 2077 nauium
946 2035 1233 2076 multitudinem
1264 2048 1315 2074 ex
1345 2034 1424 2074 alto
1447 2033 1650 2085 refugerat

162 2104 398 2157 adpulsaque
413 2105 460 2144 ad
483 2105 704 2159 proximum
729 2105 820 2145 litus
845 2105 1006 2145 trireme
1030 2109 1232 2144 constrata
1255 2109 1294 2141 et
1315 2102 1355 2142 in
1378 2101 1493 2140 litore
1511 2098 1651 2139 relicta

305 2244 323 2275 2
344 2254 463 2284 magna
483 2254 551 2275 om.
574 2244 604 2275 b.
772 2245 789 2275 5
810 2240 1087 2275 Massiliensibus
1106 2250 1140 2272 α.
1326 2238 1345 2270 8
1366 2236 1542 2280 profectus
1562 2242 1653 2268 esta

165 2296 257 2326 ‘mss
278 2295 464 2338 plerique',
487 2301 539 2327 est
561 2296 734 2337 profectus
749 2306 784 2326 ιι.
927 2303 1099 2336 nauesque
1111 2304 1145 2324 α.
1287 2291 1393 2323 missu
1412 2300 1432 2322 a
1448 2291 1465 2321 b
1487 2290 1535 2321 ‘ec
1551 2290 1651 2330 oliv,

165 2345 259 2377 iussu
280 2357 314 2377 υ.
456 2348 474 2379 9
495 2347 657 2378 anchoris
677 2346 727 2387 (a)
741 2356 775 2378 u.
930 2345 968 2377 10
988 2344 1039 2376 his
1058 2354 1079 2374 α
1098 2342 1177 2375 edd.
1199 2345 1283 2374 aule
1300 2341 1400 2381 Ald„
1423 2341 1464 2373 iis
1483 2340 1597 2372 Aldus
1617 2351 1652 2372 u.

310 2398 345 2430 ll
369 2398 581 2440 tempestatis
600 2408 669 2429 om.
689 2407 724 2428 α.
894 2400 1079 2437 conspecto
1099 2395 1170 2426 abit
1190 2395 1222 2426 b.
1407 2393 1449 2426 14
1468 2393 1567 2424 nauis
1586 2402 1606 2423 a
1621 2393 1652 2423 b.

311 2448 348 2480 17
369 2449 507 2491 reliquit
524 2460 544 2481 α
562 2450 592 2489 Ι),
615 2448 779 2489 relinquit
799 2458 832 2480 tl.
1002 2447 1041 2479 18
1060 2446 1168 2478 isdem
1187 2456 1220 2485 ιι,
1244 2444 1374 2475 hisdem
1396 2443 1450 2475 ‘dc
1467 2453 1565 2475 more
1578 2443 1654 2485 plc-

166 2499 301 2539 1'1'q11e'5
321 2499 440 2531 iisdem
460 2510 494 2531 u.
638 2498 756 2540 Curio]
777 2498 933 2530 centurio
956 2498 973 2528 b
987 2508 1016 2529 e.
1159 2497 1318 2528 Affricam
1339 2505 1372 2526 a.
1527 2494 1565 2526 19
1584 2494 1655 2525 Atti

167 2550 231 2581 ab.
381 2551 481 2582 Varri
500 2563 519 2582 a
542 2551 736 2593 ‘plut-[mik
900 2551 943 2584 20
962 2555 1148 2592 acceperat
1166 2560 1249 2591 quas
1269 2559 1288 2580 a
1307 2549 1456 2580 Caesare
1476 2557 1509 2578 (ι.

170 2614 187 2633 υ
208 2603 339 2644 equites
358 2613 378 2634 α
399 2605 495 2636 ‘nisan
516 2603 559 2644 7’,
581 2609 616 2636 et
635 2615 652 2635 n
671 2604 804 2646 equites
825 2614 859 2634 ιι.
1002 2603 1040 2635 21
1063 2603 1208 2644 adpellit
1226 2612 1259 2633 ιι.
1401 2599 1445 2634 22
1462 2598 1655 2640 Aquillaria

172 2655 211 2689 b,-
231 2654 430 2696 Anquilaria
450 2665 491 2695 a,
521 2655 735 2697 Anquillaria
763 2666 803 2695 c,-
832 2655 1052 2695 Auguillaria
1072 2657 1088 2686 ἴ)
1109 2655 1198 2687 dett.
1230 2658 1266 2685 et
1288 2653 1398 2685 schol.
1429 2652 1565 2683 Lucan.
1591 2650 1653 2690 JV,

171 2708 246 2738 586.
388 2717 508 2749 passus
529 2709 559 2738 b.
698 2708 741 2741 23
761 2708 971 2739 incommoda
991 2718 1011 2739 α
1027 2708 1057 2738 b.
1201 2708 1244 2739 24
1266 2703 1508 2749 promunturiis
1527 2714 1560 2741 a,
1589 2713 1656 2733 non

170 2762 336 2799 promont.
499 2758 623 2789 filicum
642 2768 661 2789 x
681 2769 714 2790 α.
875 2759 918 2793 25
939 2758 1112 2801 Clippeam
1132 2769 1166 2790 α.
1354 2757 1396 2789 26
1416 2754 1601 2786 subductos
1620 2764 1654 2783 (ι.

314 2807 350 2840 Ρ.
372 2807 501 2849 Attius]
523 2807 651 2840 Varrus
672 2811 703 2842 I).
882 2810 925 2845 27
945 2811 1078 2843 ueritus
1101 2810 1362 2848 Cari-arienses,
1385 2806 1586 2847 neritusque
1604 2816 1657 2837 rc·

175 2860 277 2900 liqui.
419 2859 462 2891 ‘28
480 2859 690 2901 adpulsaque
711 2871 744 2892 α.
886 2860 1003 2892 littore
1023 2871 1055 2891 α.
