<?xml version="1.0" encoding="UTF-8"?>
<!DOCTYPE html PUBLIC "-//W3C//DTD XHTML 1.0 Transitional//EN"
    "http://www.w3.org/TR/xhtml1/DTD/xhtml1-transitional.dtd">
<html xmlns="http://www.w3.org/1999/xhtml" xml:lang="en" lang="en">
 <head>
  <title>
</title>
<meta http-equiv="Content-Type" content="text/html;charset=utf-8" />
  <meta name='ocr-system' content='tesseract 3.04.00' />
  <meta name='ocr-capabilities' content='ocr_page ocr_carea ocr_par ocr_line ocrx_word'/>
</head>
<body>
  <div class='ocr_page' id='page_1' title='image "./commentarii00caesuoft_0638.png"; bbox 0 0 1835 3240; ppageno 0'>
   <div class='ocr_carea' id='block_1_1' title="bbox 88 151 1217 201">
    <p class='ocr_par' dir='ltr' id='par_1_1' title="bbox 88 151 1217 201">
     <span class='ocr_line' id='line_1_1' title="bbox 88 151 1217 201; baseline -0.006 0"><span class='ocrx_word' id='word_1_1' title='bbox 88 158 172 201; x_wconf 80' lang='grc'>628</span> <span class='ocrx_word' id='word_1_2' title='bbox 615 154 789 198; x_wconf 89' lang='lat' dir='ltr'>BELLI</span> <span class='ocrx_word' id='word_1_3' title='bbox 810 151 1217 196; x_wconf 83' lang='lat' dir='ltr'>ALEXANDRlNl</span> 
     </span>
    </p>
   </div>
   <div class='ocr_carea' id='block_1_2' title="bbox 90 266 1655 2226">
    <p class='ocr_par' dir='ltr' id='par_1_2' title="bbox 165 266 1648 461">
     <span class='ocr_line' id='line_1_2' title="bbox 166 266 1646 326; baseline -0.003 -14"><span class='ocrx_word' id='word_1_4' title='bbox 166 283 256 312; x_wconf 88' lang='lat' dir='ltr'>sese</span> <span class='ocrx_word' id='word_1_5' title='bbox 279 284 357 311; x_wconf 91' lang='lat' dir='ltr'>non</span> <span class='ocrx_word' id='word_1_6' title='bbox 379 283 519 326; x_wconf 78' lang='lat' dir='ltr'>posse,</span> <span class='ocrx_word' id='word_1_7' title='bbox 555 284 630 324; x_wconf 92' lang='lat' dir='ltr'>quo</span> <span class='ocrx_word' id='word_1_8' title='bbox 662 270 791 309; x_wconf 88' lang='lat' dir='ltr'>minus</span> <span class='ocrx_word' id='word_1_9' title='bbox 822 267 963 307; x_wconf 78' lang='lat' dir='ltr'>cotidie</span> <span class='ocrx_word' id='word_1_10' title='bbox 993 267 1160 308; x_wconf 84' lang='lat' dir='ltr'>nauibus</span> <span class='ocrx_word' id='word_1_11' title='bbox 1183 280 1318 320; x_wconf 85' lang='lat' dir='ltr'>aquam</span> <span class='ocrx_word' id='word_1_12' title='bbox 1342 274 1520 322; x_wconf 87' lang='lat' dir='ltr'>peterent</span> <span class='ocrx_word' id='word_1_13' title='bbox 1539 266 1602 307; x_wconf 94' lang='lat' dir='ltr'>uel</span> <span class='ocrx_word' id='word_1_14' title='bbox 1624 280 1646 307; x_wconf 86' lang='lat' dir='ltr'>a</span> 
     </span>
     <span class='ocr_line' id='line_1_3' title="bbox 165 334 1647 393; baseline -0.003 -14"><span class='ocrx_word' id='word_1_15' title='bbox 165 339 329 379; x_wconf 87' lang='lat' dir='ltr'>sinistra</span> <span class='ocrx_word' id='word_1_16' title='bbox 350 346 462 393; x_wconf 88' lang='lat' dir='ltr'>parte</span> <span class='ocrx_word' id='word_1_17' title='bbox 483 352 505 378; x_wconf 90' lang='lat' dir='ltr'>a</span> <span class='ocrx_word' id='word_1_18' title='bbox 527 336 767 378; x_wconf 76' lang='lat' dir='ltr'>Paraetonio</span> <span class='ocrx_word' id='word_1_19' title='bbox 790 335 853 375; x_wconf 91' lang='lat' dir='ltr'>uel</span> <span class='ocrx_word' id='word_1_20' title='bbox 875 349 896 375; x_wconf 89' lang='lat' dir='ltr'>a</span> <span class='ocrx_word' id='word_1_21' title='bbox 920 335 1061 375; x_wconf 81' lang='lat' dir='ltr'>dextra</span> <span class='ocrx_word' id='word_1_22' title='bbox 1084 334 1130 373; x_wconf 91' lang='lat' dir='ltr'>ab</span> <span class='ocrx_word' id='word_1_23' title='bbox 1152 334 1304 386; x_wconf 80' lang='lat' dir='ltr'>insula3</span> <span class='ocrx_word' id='word_1_24' title='bbox 1337 349 1435 389; x_wconf 85' lang='lat' dir='ltr'>quae</span> <span class='ocrx_word' id='word_1_25' title='bbox 1466 336 1647 376; x_wconf 87' lang='lat' dir='ltr'>diuersae</span> 
     </span>
     <span class='ocr_line' id='line_1_4' title="bbox 166 402 1648 461; baseline -0.004 -13"><span class='ocrx_word' id='word_1_26' title='bbox 166 406 440 461; x_wconf 83' lang='lat' dir='ltr'>nauigationes</span> <span class='ocrx_word' id='word_1_27' title='bbox 462 418 668 458; x_wconf 79' lang='lat' dir='ltr'>numquam</span> <span class='ocrx_word' id='word_1_28' title='bbox 692 417 769 443; x_wconf 89' lang='lat' dir='ltr'>uno</span> <span class='ocrx_word' id='word_1_29' title='bbox 792 410 968 457; x_wconf 87' lang='lat' dir='ltr'>tempore</span> <span class='ocrx_word' id='word_1_30' title='bbox 997 402 1174 442; x_wconf 88' lang='lat' dir='ltr'>aduersis</span> <span class='ocrx_word' id='word_1_31' title='bbox 1197 402 1325 442; x_wconf 88' lang='lat' dir='ltr'>uentis</span> <span class='ocrx_word' id='word_1_32' title='bbox 1347 403 1648 456; x_wconf 86' lang='lat' dir='ltr'>praecluderen-</span> 
     </span>
    </p>

    <p class='ocr_par' dir='ltr' id='par_1_3' title="bbox 90 469 1655 2226">
     <span class='ocr_line' id='line_1_5' title="bbox 118 469 1646 529; baseline -0.003 -14"><span class='ocrx_word' id='word_1_33' title='bbox 118 473 144 514; x_wconf 90' lang='lat'><strong>3</strong></span> <span class='ocrx_word' id='word_1_34' title='bbox 166 481 245 515; x_wconf 87' lang='lat' dir='ltr'>tur.</span> <span class='ocrx_word' id='word_1_35' title='bbox 279 473 416 529; x_wconf 86' lang='lat' dir='ltr'>Fugae</span> <span class='ocrx_word' id='word_1_36' title='bbox 439 486 533 512; x_wconf 91' lang='lat' dir='ltr'>uero</span> <span class='ocrx_word' id='word_1_37' title='bbox 556 471 701 511; x_wconf 88' lang='lat' dir='ltr'>nullum</span> <span class='ocrx_word' id='word_1_38' title='bbox 726 484 814 511; x_wconf 88' lang='lat' dir='ltr'>esse</span> <span class='ocrx_word' id='word_1_39' title='bbox 837 470 1041 511; x_wconf 90' lang='lat' dir='ltr'>consilium</span> <span class='ocrx_word' id='word_1_40' title='bbox 1064 483 1143 509; x_wconf 90' lang='lat' dir='ltr'>non</span> <span class='ocrx_word' id='word_1_41' title='bbox 1165 469 1289 509; x_wconf 89' lang='lat' dir='ltr'>solum</span> <span class='ocrx_word' id='word_1_42' title='bbox 1311 469 1374 519; x_wconf 83' lang='lat' dir='ltr'>iis,</span> <span class='ocrx_word' id='word_1_43' title='bbox 1399 471 1462 523; x_wconf 91' lang='lat' dir='ltr'>qui</span> <span class='ocrx_word' id='word_1_44' title='bbox 1486 471 1646 524; x_wconf 83' lang='lat' dir='ltr'>primam</span> 
     </span>
     <span class='ocr_line' id='line_1_6' title="bbox 165 536 1645 596; baseline -0.003 -13"><span class='ocrx_word' id='word_1_45' title='bbox 165 542 395 596; x_wconf 88' lang='lat' dir='ltr'>dignitatem</span> <span class='ocrx_word' id='word_1_46' title='bbox 418 540 627 589; x_wconf 85' lang='lat' dir='ltr'>haberent,</span> <span class='ocrx_word' id='word_1_47' title='bbox 653 539 721 580; x_wconf 89' lang='lat' dir='ltr'>sed</span> <span class='ocrx_word' id='word_1_48' title='bbox 744 552 793 579; x_wconf 93' lang='lat' dir='ltr'>ne</span> <span class='ocrx_word' id='word_1_49' title='bbox 813 539 861 579; x_wconf 87' lang='lat' dir='ltr'>iis</span> <span class='ocrx_word' id='word_1_50' title='bbox 884 538 1037 592; x_wconf 90' lang='lat' dir='ltr'>quidem</span> <span class='ocrx_word' id='word_1_51' title='bbox 1054 568 1064 587; x_wconf 84' lang='lat'>‚</span> <span class='ocrx_word' id='word_1_52' title='bbox 1104 536 1167 590; x_wconf 86' lang='lat' dir='ltr'>qui</span> <span class='ocrx_word' id='word_1_53' title='bbox 1191 536 1287 576; x_wconf 91' lang='lat' dir='ltr'>nihil</span> <span class='ocrx_word' id='word_1_54' title='bbox 1308 543 1577 591; x_wconf 79' lang='lat' dir='ltr'><strong>praeterquam</strong></span> <span class='ocrx_word' id='word_1_55' title='bbox 1600 539 1645 578; x_wconf 92' lang='lat' dir='ltr'>de</span> 
     </span>
     <span class='ocr_line' id='line_1_7' title="bbox 117 604 1648 663; baseline -0.003 -12"><span class='ocrx_word' id='word_1_56' title='bbox 117 609 144 651; x_wconf 87' lang='grc'><strong>4</strong></span> <span class='ocrx_word' id='word_1_57' title='bbox 166 610 248 651; x_wconf 83' lang='lat' dir='ltr'>uita</span> <span class='ocrx_word' id='word_1_58' title='bbox 271 610 506 663; x_wconf 71' lang='lat' dir='ltr'>cogitarent.</span> <span class='ocrx_word' id='word_1_59' title='bbox 530 606 680 662; x_wconf 87' lang='lat' dir='ltr'>Magno</span> <span class='ocrx_word' id='word_1_60' title='bbox 703 607 862 662; x_wconf 87' lang='lat' dir='ltr'>negotio</span> <span class='ocrx_word' id='word_1_61' title='bbox 883 606 1051 660; x_wconf 87' lang='lat' dir='ltr'>impetus</span> <span class='ocrx_word' id='word_1_62' title='bbox 1074 604 1242 645; x_wconf 88' lang='lat' dir='ltr'>hostium</span> <span class='ocrx_word' id='word_1_63' title='bbox 1265 604 1453 645; x_wconf 86' lang='lat' dir='ltr'>aduersos</span> <span class='ocrx_word' id='word_1_64' title='bbox 1467 605 1648 646; x_wconf 87' lang='lat' dir='ltr'>munitio-</span> 
     </span>
     <span class='ocr_line' id='line_1_8' title="bbox 166 674 1648 729; baseline -0.002 -12"><span class='ocrx_word' id='word_1_65' title='bbox 166 678 280 718; x_wconf 87' lang='lat' dir='ltr'>nibus</span> <span class='ocrx_word' id='word_1_66' title='bbox 304 676 529 726; x_wconf 79' lang='lat' dir='ltr'>sustinere3</span> <span class='ocrx_word' id='word_1_67' title='bbox 566 675 706 729; x_wconf 92' lang='lat' dir='ltr'>quibus</span> <span class='ocrx_word' id='word_1_68' title='bbox 738 674 887 715; x_wconf 89' lang='lat' dir='ltr'>relictis</span> <span class='ocrx_word' id='word_1_69' title='bbox 919 688 991 715; x_wconf 88' lang='lat' dir='ltr'>nec</span> <span class='ocrx_word' id='word_1_70' title='bbox 1025 674 1111 714; x_wconf 90' lang='lat' dir='ltr'>loco</span> <span class='ocrx_word' id='word_1_71' title='bbox 1143 686 1216 714; x_wconf 88' lang='lat' dir='ltr'>nec</span> <span class='ocrx_word' id='word_1_72' title='bbox 1238 686 1402 713; x_wconf 89' lang='lat' dir='ltr'>numero</span> <span class='ocrx_word' id='word_1_73' title='bbox 1424 686 1539 726; x_wconf 85' lang='lat' dir='ltr'>pares</span> <span class='ocrx_word' id='word_1_74' title='bbox 1561 687 1648 714; x_wconf 84' lang='lat' dir='ltr'>esse</span> 
     </span>
     <span class='ocr_line' id='line_1_9' title="bbox 119 741 1649 800; baseline -0.003 -15"><span class='ocrx_word' id='word_1_75' title='bbox 119 743 144 785; x_wconf 89' lang='lat'>5</span> <span class='ocrx_word' id='word_1_76' title='bbox 167 759 298 800; x_wconf 90' lang='lat' dir='ltr'>posse.</span> <span class='ocrx_word' id='word_1_77' title='bbox 353 742 540 798; x_wconf 81' lang='lat' dir='ltr'>Magnam</span> <span class='ocrx_word' id='word_1_78' title='bbox 564 750 694 784; x_wconf 84' lang='lat' dir='ltr'>autem</span> <span class='ocrx_word' id='word_1_79' title='bbox 716 756 865 783; x_wconf 90' lang='lat' dir='ltr'>moram</span> <span class='ocrx_word' id='word_1_80' title='bbox 888 749 928 783; x_wconf 87' lang='lat' dir='ltr'>et</span> <span class='ocrx_word' id='word_1_81' title='bbox 949 741 1211 782; x_wconf 85' lang='lat' dir='ltr'>difficultatem</span> <span class='ocrx_word' id='word_1_82' title='bbox 1234 754 1442 782; x_wconf 89' lang='lat' dir='ltr'>ascensum</span> <span class='ocrx_word' id='word_1_83' title='bbox 1464 741 1506 781; x_wconf 89' lang='lat' dir='ltr'>in</span> <span class='ocrx_word' id='word_1_84' title='bbox 1527 754 1649 781; x_wconf 87' lang='lat' dir='ltr'>naues</span> 
     </span>
     <span class='ocr_line' id='line_1_10' title="bbox 166 807 1652 866; baseline -0.004 -13"><span class='ocrx_word' id='word_1_85' title='bbox 166 813 309 854; x_wconf 90' lang='lat' dir='ltr'>habere</span> <span class='ocrx_word' id='word_1_86' title='bbox 331 811 561 866; x_wconf 85' lang='lat' dir='ltr'>praesertim</span> <span class='ocrx_word' id='word_1_87' title='bbox 586 825 636 852; x_wconf 84' lang='lat' dir='ltr'>ex</span> <span class='ocrx_word' id='word_1_88' title='bbox 660 811 839 865; x_wconf 87' lang='lat' dir='ltr'>scaphis:</span> <span class='ocrx_word' id='word_1_89' title='bbox 865 824 1053 851; x_wconf 89' lang='lat' dir='ltr'>summam</span> <span class='ocrx_word' id='word_1_90' title='bbox 1077 823 1166 850; x_wconf 90' lang='lat' dir='ltr'>esse</span> <span class='ocrx_word' id='word_1_91' title='bbox 1189 816 1326 849; x_wconf 88' lang='lat' dir='ltr'>contra</span> <span class='ocrx_word' id='word_1_92' title='bbox 1348 808 1388 848; x_wconf 91' lang='lat' dir='ltr'>in</span> <span class='ocrx_word' id='word_1_93' title='bbox 1410 807 1652 849; x_wconf 82' lang='lat' dir='ltr'>Alexandri-</span> 
     </span>
     <span class='ocr_line' id='line_1_11' title="bbox 118 875 1651 933; baseline -0.003 -12"><span class='ocrx_word' id='word_1_94' title='bbox 118 879 145 921; x_wconf 88' lang='grc'><strong>6</strong></span> <span class='ocrx_word' id='word_1_95' title='bbox 167 881 228 922; x_wconf 89' lang='lat' dir='ltr'>nis</span> <span class='ocrx_word' id='word_1_96' title='bbox 251 880 501 921; x_wconf 85' lang='lat' dir='ltr'>uelocitatem</span> <span class='ocrx_word' id='word_1_97' title='bbox 524 880 778 933; x_wconf 85' lang='lat' dir='ltr'>locorumque</span> <span class='ocrx_word' id='word_1_98' title='bbox 801 886 840 920; x_wconf 88' lang='lat' dir='ltr'>et</span> <span class='ocrx_word' id='word_1_99' title='bbox 861 878 1126 919; x_wconf 86' lang='lat' dir='ltr'>aedificiorum</span> <span class='ocrx_word' id='word_1_100' title='bbox 1150 877 1343 918; x_wconf 76' lang='lat' dir='ltr'>notitiam.</span> <span class='ocrx_word' id='word_1_101' title='bbox 1393 875 1478 917; x_wconf 89' lang='lat' dir='ltr'>Hos</span> <span class='ocrx_word' id='word_1_102' title='bbox 1501 876 1651 930; x_wconf 88' lang='lat' dir='ltr'>praeci-</span> 
     </span>
     <span class='ocr_line' id='line_1_12' title="bbox 166 945 1650 1002; baseline -0.003 -13"><span class='ocrx_word' id='word_1_103' title='bbox 166 962 240 1002; x_wconf 88' lang='lat' dir='ltr'>que</span> <span class='ocrx_word' id='word_1_104' title='bbox 262 949 302 989; x_wconf 93' lang='lat' dir='ltr'>in</span> <span class='ocrx_word' id='word_1_105' title='bbox 315 948 481 989; x_wconf 89' lang='lat' dir='ltr'>uictoria</span> <span class='ocrx_word' id='word_1_106' title='bbox 503 947 720 988; x_wconf 81' lang='lat' dir='ltr'>insolentes</span> <span class='ocrx_word' id='word_1_107' title='bbox 734 960 1018 1001; x_wconf 86' lang='lat' dir='ltr'>praecursuros</span> <span class='ocrx_word' id='word_1_108' title='bbox 1042 953 1081 987; x_wconf 91' lang='lat' dir='ltr'>et</span> <span class='ocrx_word' id='word_1_109' title='bbox 1102 946 1186 986; x_wconf 88' lang='lat' dir='ltr'>loca</span> <span class='ocrx_word' id='word_1_110' title='bbox 1211 945 1434 986; x_wconf 79' lang='lat' dir='ltr'>excelsiora</span> <span class='ocrx_word' id='word_1_111' title='bbox 1448 952 1564 998; x_wconf 87' lang='lat' dir='ltr'>atque</span> <span class='ocrx_word' id='word_1_112' title='bbox 1585 957 1650 985; x_wconf 87' lang='lat' dir='ltr'>ae-</span> 
     </span>
     <span class='ocr_line' id='line_1_13' title="bbox 166 1012 1651 1071; baseline -0.003 -15"><span class='ocrx_word' id='word_1_113' title='bbox 166 1016 290 1057; x_wconf 81' lang='lat' dir='ltr'>dificia</span> <span class='ocrx_word' id='word_1_114' title='bbox 316 1023 599 1071; x_wconf 81' lang='lat' dir='ltr'>occupaturos3</span> <span class='ocrx_word' id='word_1_115' title='bbox 638 1015 694 1055; x_wconf 89' lang='lat' dir='ltr'>ita</span> <span class='ocrx_word' id='word_1_116' title='bbox 725 1022 854 1055; x_wconf 90' lang='lat' dir='ltr'>tamen</span> <span class='ocrx_word' id='word_1_117' title='bbox 878 1016 966 1069; x_wconf 82' lang='lat' dir='ltr'>fuga</span> <span class='ocrx_word' id='word_1_118' title='bbox 991 1013 1232 1066; x_wconf 88' lang='lat' dir='ltr'>nauibusque</span> <span class='ocrx_word' id='word_1_119' title='bbox 1255 1020 1413 1054; x_wconf 87' lang='lat' dir='ltr'>nostros</span> <span class='ocrx_word' id='word_1_120' title='bbox 1436 1012 1651 1066; x_wconf 88' lang='lat' dir='ltr'>prohibitu-</span> 
     </span>
     <span class='ocr_line' id='line_1_14' title="bbox 164 1081 1651 1136; baseline -0.004 -11"><span class='ocrx_word' id='word_1_121' title='bbox 164 1098 247 1125; x_wconf 87' lang='lat' dir='ltr'>ros.</span> <span class='ocrx_word' id='word_1_122' title='bbox 292 1083 464 1125; x_wconf 87' lang='lat' dir='ltr'>Proinde</span> <span class='ocrx_word' id='word_1_123' title='bbox 487 1085 570 1125; x_wconf 89' lang='lat' dir='ltr'>eius</span> <span class='ocrx_word' id='word_1_124' title='bbox 593 1083 745 1124; x_wconf 88' lang='lat' dir='ltr'>consilii</span> <span class='ocrx_word' id='word_1_125' title='bbox 768 1083 1097 1123; x_wconf 84' lang='lat' dir='ltr'>obliuiscerentur</span> <span class='ocrx_word' id='word_1_126' title='bbox 1118 1089 1234 1136; x_wconf 87' lang='lat' dir='ltr'>atque</span> <span class='ocrx_word' id='word_1_127' title='bbox 1257 1081 1362 1121; x_wconf 90' lang='lat' dir='ltr'>omni</span> <span class='ocrx_word' id='word_1_128' title='bbox 1384 1081 1538 1121; x_wconf 89' lang='lat' dir='ltr'>ratione</span> <span class='ocrx_word' id='word_1_129' title='bbox 1563 1093 1651 1120; x_wconf 90' lang='lat' dir='ltr'>esse</span> 
     </span>
     <span class='ocr_line' id='line_1_15' title="bbox 119 1147 1648 1207; baseline -0.005 -13"><span class='ocrx_word' id='word_1_130' title='bbox 119 1152 146 1196; x_wconf 88' lang='grc'><strong>9</strong></span> <span class='ocrx_word' id='word_1_131' title='bbox 169 1152 404 1193; x_wconf 85' lang='lat' dir='ltr'>uincendum</span> <span class='ocrx_word' id='word_1_132' title='bbox 427 1153 663 1207; x_wconf 76' lang='lat' dir='ltr'>cogitarent.</span> <span class='ocrx_word' id='word_1_133' title='bbox 690 1150 776 1191; x_wconf 91' lang='lat' dir='ltr'>Hac</span> <span class='ocrx_word' id='word_1_134' title='bbox 799 1152 979 1192; x_wconf 87' lang='lat' dir='ltr'>oratione</span> <span class='ocrx_word' id='word_1_135' title='bbox 1001 1150 1101 1205; x_wconf 86' lang='lat' dir='ltr'>apud</span> <span class='ocrx_word' id='word_1_136' title='bbox 1125 1164 1218 1190; x_wconf 88' lang='lat' dir='ltr'>suos</span> <span class='ocrx_word' id='word_1_137' title='bbox 1242 1149 1373 1188; x_wconf 85' lang='lat' dir='ltr'>habita</span> <span class='ocrx_word' id='word_1_138' title='bbox 1396 1156 1512 1201; x_wconf 85' lang='lat' dir='ltr'>atque</span> <span class='ocrx_word' id='word_1_139' title='bbox 1526 1147 1648 1188; x_wconf 89' lang='lat' dir='ltr'>omni-</span> 
     </span>
     <span class='ocr_line' id='line_1_16' title="bbox 163 1216 1651 1271; baseline -0.004 -10"><span class='ocrx_word' id='word_1_140' title='bbox 163 1233 227 1260; x_wconf 92' lang='lat' dir='ltr'>um</span> <span class='ocrx_word' id='word_1_141' title='bbox 249 1221 447 1261; x_wconf 88' lang='lat' dir='ltr'>mentibus</span> <span class='ocrx_word' id='word_1_142' title='bbox 470 1219 654 1260; x_wconf 84' lang='lat' dir='ltr'>excitatis</span> <span class='ocrx_word' id='word_1_143' title='bbox 677 1220 741 1259; x_wconf 87' lang='lat' dir='ltr'>dat</span> <span class='ocrx_word' id='word_1_144' title='bbox 763 1218 1059 1259; x_wconf 85' lang='lat' dir='ltr'>centurionibus</span> <span class='ocrx_word' id='word_1_145' title='bbox 1082 1217 1299 1271; x_wconf 87' lang='lat' dir='ltr'>negotium,</span> <span class='ocrx_word' id='word_1_146' title='bbox 1325 1223 1368 1256; x_wconf 92' lang='lat' dir='ltr'>ut</span> <span class='ocrx_word' id='word_1_147' title='bbox 1381 1216 1542 1268; x_wconf 88' lang='lat' dir='ltr'>reliquis</span> <span class='ocrx_word' id='word_1_148' title='bbox 1561 1228 1651 1269; x_wconf 90' lang='lat' dir='ltr'>ope-</span> 
     </span>
     <span class='ocr_line' id='line_1_17' title="bbox 164 1286 1650 1341; baseline -0.004 -13"><span class='ocrx_word' id='word_1_149' title='bbox 164 1288 273 1328; x_wconf 83' lang='lat' dir='ltr'>ribus</span> <span class='ocrx_word' id='word_1_150' title='bbox 296 1288 535 1328; x_wconf 88' lang='lat' dir='ltr'>intermissis</span> <span class='ocrx_word' id='word_1_151' title='bbox 549 1288 595 1327; x_wconf 87' lang='lat' dir='ltr'>ad</span> <span class='ocrx_word' id='word_1_152' title='bbox 610 1286 812 1326; x_wconf 86' lang='lat' dir='ltr'>fodiendos</span> <span class='ocrx_word' id='word_1_153' title='bbox 834 1294 973 1341; x_wconf 90' lang='lat' dir='ltr'>puteos</span> <span class='ocrx_word' id='word_1_154' title='bbox 996 1286 1166 1325; x_wconf 87' lang='lat' dir='ltr'>animum</span> <span class='ocrx_word' id='word_1_155' title='bbox 1189 1286 1394 1325; x_wconf 85' lang='lat' dir='ltr'>conferant</span> <span class='ocrx_word' id='word_1_156' title='bbox 1416 1296 1515 1323; x_wconf 89' lang='lat' dir='ltr'>neue</span> <span class='ocrx_word' id='word_1_157' title='bbox 1538 1296 1650 1336; x_wconf 87' lang='lat' dir='ltr'>quam</span> 
     </span>
     <span class='ocr_line' id='line_1_18' title="bbox 116 1351 1651 1410; baseline -0.003 -15"><span class='ocrx_word' id='word_1_158' title='bbox 116 1354 144 1395; x_wconf 82' lang='lat'>2</span> <span class='ocrx_word' id='word_1_159' title='bbox 165 1363 314 1410; x_wconf 87' lang='lat' dir='ltr'>partem</span> <span class='ocrx_word' id='word_1_160' title='bbox 337 1355 520 1395; x_wconf 87' lang='lat' dir='ltr'>nocturni</span> <span class='ocrx_word' id='word_1_161' title='bbox 543 1355 730 1409; x_wconf 87' lang='lat' dir='ltr'>temporis</span> <span class='ocrx_word' id='word_1_162' title='bbox 752 1354 1029 1394; x_wconf 82' lang='lat' dir='ltr'>intermittant.</span> <span class='ocrx_word' id='word_1_163' title='bbox 1095 1351 1184 1406; x_wconf 82' lang='lat' dir='ltr'>Quo</span> <span class='ocrx_word' id='word_1_164' title='bbox 1207 1359 1388 1406; x_wconf 89' lang='lat' dir='ltr'>suscepto</span> <span class='ocrx_word' id='word_1_165' title='bbox 1410 1352 1569 1406; x_wconf 82' lang='lat' dir='ltr'>negotio</span> <span class='ocrx_word' id='word_1_166' title='bbox 1592 1358 1651 1391; x_wconf 87' lang='lat' dir='ltr'>at-</span> 
     </span>
     <span class='ocr_line' id='line_1_19' title="bbox 165 1421 1652 1477; baseline -0.003 -13"><span class='ocrx_word' id='word_1_167' title='bbox 165 1436 240 1477; x_wconf 90' lang='lat' dir='ltr'>que</span> <span class='ocrx_word' id='word_1_168' title='bbox 254 1423 426 1464; x_wconf 90' lang='lat' dir='ltr'>omnium</span> <span class='ocrx_word' id='word_1_169' title='bbox 447 1424 587 1464; x_wconf 88' lang='lat' dir='ltr'>animis</span> <span class='ocrx_word' id='word_1_170' title='bbox 600 1424 645 1463; x_wconf 85' lang='lat' dir='ltr'>ad</span> <span class='ocrx_word' id='word_1_171' title='bbox 670 1422 1028 1462; x_wconf 88' lang='lat' dir='ltr'>laboremincitatis</span> <span class='ocrx_word' id='word_1_172' title='bbox 1043 1436 1182 1475; x_wconf 85' lang='lat' dir='ltr'>magna</span> <span class='ocrx_word' id='word_1_173' title='bbox 1207 1435 1284 1461; x_wconf 84' lang='lat' dir='ltr'>una</span> <span class='ocrx_word' id='word_1_174' title='bbox 1307 1427 1422 1461; x_wconf 91' lang='lat' dir='ltr'>nocte</span> <span class='ocrx_word' id='word_1_175' title='bbox 1445 1421 1504 1460; x_wconf 90' lang='lat' dir='ltr'>uis</span> <span class='ocrx_word' id='word_1_176' title='bbox 1527 1433 1652 1472; x_wconf 83' lang='lat' dir='ltr'>aquae</span> 
     </span>
     <span class='ocr_line' id='line_1_20' title="bbox 166 1487 1652 1545; baseline -0.003 -13"><span class='ocrx_word' id='word_1_177' title='bbox 166 1492 288 1532; x_wconf 85' lang='lat' dir='ltr'>duleis</span> <span class='ocrx_word' id='word_1_178' title='bbox 311 1492 471 1532; x_wconf 84' lang='lat' dir='ltr'>inuenta</span> <span class='ocrx_word' id='word_1_179' title='bbox 495 1499 569 1532; x_wconf 86' lang='lat' dir='ltr'>cst.</span> <span class='ocrx_word' id='word_1_180' title='bbox 620 1489 679 1531; x_wconf 91' lang='lat' dir='ltr'>Ita</span> <span class='ocrx_word' id='word_1_181' title='bbox 710 1490 886 1545; x_wconf 84' lang='lat' dir='ltr'>operosis</span> <span class='ocrx_word' id='word_1_182' title='bbox 909 1489 1273 1531; x_wconf 80' lang='lat' dir='ltr'>Alexandrinorum</span> <span class='ocrx_word' id='word_1_183' title='bbox 1297 1487 1652 1529; x_wconf 83' lang='lat' dir='ltr'>machinationibus</span> 
     </span>
     <span class='ocr_line' id='line_1_21' title="bbox 164 1558 1650 1614; baseline -0.002 -15"><span class='ocrx_word' id='word_1_184' title='bbox 164 1559 427 1614; x_wconf 84' lang='lat' dir='ltr'>maximisque</span> <span class='ocrx_word' id='word_1_185' title='bbox 460 1559 665 1600; x_wconf 88' lang='lat' dir='ltr'>conatibus</span> <span class='ocrx_word' id='word_1_186' title='bbox 698 1573 775 1599; x_wconf 94' lang='lat' dir='ltr'>non</span> <span class='ocrx_word' id='word_1_187' title='bbox 809 1558 916 1613; x_wconf 87' lang='lat' dir='ltr'>longi</span> <span class='ocrx_word' id='word_1_188' title='bbox 947 1558 1138 1613; x_wconf 88' lang='lat' dir='ltr'>temporis</span> <span class='ocrx_word' id='word_1_189' title='bbox 1171 1558 1305 1598; x_wconf 86' lang='lat' dir='ltr'>labore</span> <span class='ocrx_word' id='word_1_190' title='bbox 1337 1571 1542 1597; x_wconf 83' lang='lat' dir='ltr'>occursum</span> <span class='ocrx_word' id='word_1_191' title='bbox 1576 1563 1650 1597; x_wconf 90' lang='lat' dir='ltr'>est.</span> 
     </span>
     <span class='ocr_line' id='line_1_22' title="bbox 119 1625 1652 1682; baseline -0.003 -14"><span class='ocrx_word' id='word_1_192' title='bbox 119 1627 144 1668; x_wconf 87' lang='lat'><strong>3</strong></span> <span class='ocrx_word' id='word_1_193' title='bbox 167 1626 228 1668; x_wconf 89' lang='lat' dir='ltr'>Eo</span> <span class='ocrx_word' id='word_1_194' title='bbox 251 1628 367 1668; x_wconf 88' lang='lat' dir='ltr'>biduo</span> <span class='ocrx_word' id='word_1_195' title='bbox 390 1628 494 1682; x_wconf 87' lang='lat' dir='ltr'>legio</span> <span class='ocrx_word' id='word_1_196' title='bbox 508 1634 671 1668; x_wconf 81' lang='lat' dir='ltr'>XXXVII</span> <span class='ocrx_word' id='word_1_197' title='bbox 687 1641 739 1667; x_wconf 83' lang='lat' dir='ltr'>ex</span> <span class='ocrx_word' id='word_1_198' title='bbox 762 1627 956 1668; x_wconf 86' lang='lat' dir='ltr'>dediticiis</span> <span class='ocrx_word' id='word_1_199' title='bbox 980 1626 1232 1682; x_wconf 84' lang='lat' dir='ltr'>Pompeianis</span> <span class='ocrx_word' id='word_1_200' title='bbox 1255 1625 1440 1666; x_wconf 84' lang='lat' dir='ltr'>militibus</span> <span class='ocrx_word' id='word_1_201' title='bbox 1464 1639 1548 1665; x_wconf 81' lang='lat' dir='ltr'>cuin</span> <span class='ocrx_word' id='word_1_202' title='bbox 1573 1625 1652 1664; x_wconf 78' lang='lat' dir='ltr'>l&#39;ru·</span> 
     </span>
     <span class='ocr_line' id='line_1_23' title="bbox 165 1690 1652 1750; baseline -0.003 -14"><span class='ocrx_word' id='word_1_203' title='bbox 165 1703 312 1746; x_wconf 87' lang='lat' dir='ltr'>mento,</span> <span class='ocrx_word' id='word_1_204' title='bbox 339 1697 474 1746; x_wconf 88' lang='lat' dir='ltr'>armis,</span> <span class='ocrx_word' id='word_1_205' title='bbox 501 1696 606 1746; x_wconf 83' lang='lat' dir='ltr'>tetis,</span> <span class='ocrx_word' id='word_1_206' title='bbox 633 1695 838 1736; x_wconf 89' lang='lat' dir='ltr'>tormentis</span> <span class='ocrx_word' id='word_1_207' title='bbox 861 1695 1031 1750; x_wconf 84' lang='lat' dir='ltr'>inposita</span> <span class='ocrx_word' id='word_1_208' title='bbox 1054 1695 1093 1735; x_wconf 92' lang='lat' dir='ltr'>in</span> <span class='ocrx_word' id='word_1_209' title='bbox 1117 1709 1237 1736; x_wconf 86' lang='lat' dir='ltr'>naues</span> <span class='ocrx_word' id='word_1_210' title='bbox 1261 1693 1469 1735; x_wconf 84' lang='lat' dir='ltr'>aDomitio</span> <span class='ocrx_word' id='word_1_211' title='bbox 1484 1690 1652 1733; x_wconf 84' lang='lat' dir='ltr'>Caluino</span> 
     </span>
     <span class='ocr_line' id='line_1_24' title="bbox 119 1759 1652 1819; baseline -0.004 -14"><span class='ocrx_word' id='word_1_212' title='bbox 119 1764 145 1804; x_wconf 87' lang='lat'>4</span> <span class='ocrx_word' id='word_1_213' title='bbox 168 1765 214 1804; x_wconf 85' lang='lat' dir='ltr'>ad</span> <span class='ocrx_word' id='word_1_214' title='bbox 237 1765 352 1805; x_wconf 90' lang='lat' dir='ltr'>litora</span> <span class='ocrx_word' id='word_1_215' title='bbox 374 1764 534 1805; x_wconf 83' lang='lat' dir='ltr'>Africae</span> <span class='ocrx_word' id='word_1_216' title='bbox 557 1765 670 1819; x_wconf 92' lang='lat' dir='ltr'>paulo</span> <span class='ocrx_word' id='word_1_217' title='bbox 692 1765 806 1804; x_wconf 73' lang='lat' dir='ltr'>ultra</span> <span class='ocrx_word' id='word_1_218' title='bbox 827 1763 1112 1804; x_wconf 82' lang='lat' dir='ltr'>Alexandriam</span> <span class='ocrx_word' id='word_1_219' title='bbox 1136 1763 1264 1803; x_wconf 84' lang='lat' dir='ltr'>delata</span> <span class='ocrx_word' id='word_1_220' title='bbox 1286 1769 1360 1802; x_wconf 89' lang='lat' dir='ltr'>est.</span> <span class='ocrx_word' id='word_1_221' title='bbox 1419 1759 1507 1800; x_wconf 87' lang='lat' dir='ltr'>Hae</span> <span class='ocrx_word' id='word_1_222' title='bbox 1529 1773 1652 1800; x_wconf 84' lang='lat' dir='ltr'>naues</span> 
     </span>
     <span class='ocr_line' id='line_1_25' title="bbox 167 1827 1653 1885; baseline -0.005 -12"><span class='ocrx_word' id='word_1_223' title='bbox 167 1846 288 1881; x_wconf 85' lang='lat' dir='ltr'>euro,</span> <span class='ocrx_word' id='word_1_224' title='bbox 319 1833 383 1885; x_wconf 92' lang='lat' dir='ltr'>qui</span> <span class='ocrx_word' id='word_1_225' title='bbox 407 1832 549 1873; x_wconf 89' lang='lat' dir='ltr'>multos</span> <span class='ocrx_word' id='word_1_226' title='bbox 572 1833 653 1873; x_wconf 92' lang='lat' dir='ltr'>dies</span> <span class='ocrx_word' id='word_1_227' title='bbox 677 1832 927 1871; x_wconf 89' lang='lat' dir='ltr'>continenter</span> <span class='ocrx_word' id='word_1_228' title='bbox 948 1831 1088 1880; x_wconf 83' lang='lat' dir='ltr'>flabat,</span> <span class='ocrx_word' id='word_1_229' title='bbox 1124 1838 1279 1885; x_wconf 88' lang='lat' dir='ltr'>portum</span> <span class='ocrx_word' id='word_1_230' title='bbox 1311 1843 1449 1883; x_wconf 86' lang='lat' dir='ltr'>capere</span> <span class='ocrx_word' id='word_1_231' title='bbox 1472 1827 1653 1882; x_wconf 89' lang='lat' dir='ltr'>prohibe-</span> 
     </span>
     <span class='ocr_line' id='line_1_26' title="bbox 166 1896 1655 1954; baseline -0.004 -14"><span class='ocrx_word' id='word_1_232' title='bbox 166 1899 332 1950; x_wconf 83' lang='lat' dir='ltr'>bantur3</span> <span class='ocrx_word' id='word_1_233' title='bbox 364 1901 434 1940; x_wconf 90' lang='lat' dir='ltr'>sed</span> <span class='ocrx_word' id='word_1_234' title='bbox 463 1900 548 1940; x_wconf 86' lang='lat' dir='ltr'>loca</span> <span class='ocrx_word' id='word_1_235' title='bbox 581 1906 673 1939; x_wconf 89' lang='lat' dir='ltr'>sunt</span> <span class='ocrx_word' id='word_1_236' title='bbox 706 1899 866 1954; x_wconf 81' lang='lat' dir='ltr'>egregia</span> <span class='ocrx_word' id='word_1_237' title='bbox 898 1899 1002 1939; x_wconf 89' lang='lat' dir='ltr'>omni</span> <span class='ocrx_word' id='word_1_238' title='bbox 1036 1899 1100 1940; x_wconf 90' lang='lat' dir='ltr'>illa</span> <span class='ocrx_word' id='word_1_239' title='bbox 1122 1899 1284 1952; x_wconf 82' lang='lat' dir='ltr'>regione</span> <span class='ocrx_word' id='word_1_240' title='bbox 1307 1898 1353 1937; x_wconf 88' lang='lat' dir='ltr'>ad</span> <span class='ocrx_word' id='word_1_241' title='bbox 1377 1896 1565 1937; x_wconf 86' lang='lat' dir='ltr'>tenendas</span> <span class='ocrx_word' id='word_1_242' title='bbox 1587 1909 1655 1934; x_wconf 87' lang='lat' dir='ltr'>an-</span> 
     </span>
     <span class='ocr_line' id='line_1_27' title="bbox 166 1966 1649 2020; baseline -0.003 -13"><span class='ocrx_word' id='word_1_243' title='bbox 166 1981 297 2008; x_wconf 92' lang='lat' dir='ltr'>coras.</span> <span class='ocrx_word' id='word_1_244' title='bbox 343 1967 396 2008; x_wconf 93' lang='lat' dir='ltr'>Hi</span> <span class='ocrx_word' id='word_1_245' title='bbox 418 1982 503 2008; x_wconf 90' lang='lat' dir='ltr'>cum</span> <span class='ocrx_word' id='word_1_246' title='bbox 536 1968 600 2008; x_wconf 91' lang='lat' dir='ltr'>diu</span> <span class='ocrx_word' id='word_1_247' title='bbox 630 1967 902 2008; x_wconf 81' lang='lat' dir='ltr'>retinerentur</span> <span class='ocrx_word' id='word_1_248' title='bbox 923 1974 1038 2020; x_wconf 86' lang='lat' dir='ltr'>atque</span> <span class='ocrx_word' id='word_1_249' title='bbox 1061 1981 1186 2020; x_wconf 86' lang='lat' dir='ltr'>aquae</span> <span class='ocrx_word' id='word_1_250' title='bbox 1208 1966 1336 2020; x_wconf 91' lang='lat' dir='ltr'>inopia</span> <span class='ocrx_word' id='word_1_251' title='bbox 1361 1970 1649 2019; x_wconf 86' lang='lat' dir='ltr'>premerentur,</span> 
     </span>
     <span class='ocr_line' id='line_1_28' title="bbox 90 2032 1654 2089; baseline -0.006 -10"><span class='ocrx_word' id='word_1_252' title='bbox 90 2034 147 2079; x_wconf 81' lang='lat'>10</span> <span class='ocrx_word' id='word_1_253' title='bbox 171 2035 329 2089; x_wconf 85' lang='lat' dir='ltr'>nauigio</span> <span class='ocrx_word' id='word_1_254' title='bbox 353 2036 528 2076; x_wconf 89' lang='lat' dir='ltr'>actuario</span> <span class='ocrx_word' id='word_1_255' title='bbox 551 2033 767 2076; x_wconf 83' lang='lat' dir='ltr'>Caesarem</span> <span class='ocrx_word' id='word_1_256' title='bbox 792 2035 943 2076; x_wconf 88' lang='lat' dir='ltr'>faciunt</span> <span class='ocrx_word' id='word_1_257' title='bbox 965 2034 1189 2075; x_wconf 86' lang='lat' dir='ltr'>certiorem.</span> <span class='ocrx_word' id='word_1_258' title='bbox 1255 2032 1408 2075; x_wconf 85' lang='lat' dir='ltr'>Caesar</span> <span class='ocrx_word' id='word_1_259' title='bbox 1423 2065 1432 2082; x_wconf 92' lang='lat'><em>‚</em></span> <span class='ocrx_word' id='word_1_260' title='bbox 1457 2039 1500 2072; x_wconf 88' lang='lat' dir='ltr'>ut</span> <span class='ocrx_word' id='word_1_261' title='bbox 1520 2045 1590 2085; x_wconf 88' lang='lat' dir='ltr'>per</span> <span class='ocrx_word' id='word_1_262' title='bbox 1611 2044 1654 2071; x_wconf 93' lang='lat' dir='ltr'>se</span> 
     </span>
     <span class='ocr_line' id='line_1_29' title="bbox 168 2098 1655 2158; baseline -0.003 -15"><span class='ocrx_word' id='word_1_263' title='bbox 168 2103 375 2144; x_wconf 89' lang='lat' dir='ltr'>consilium</span> <span class='ocrx_word' id='word_1_264' title='bbox 408 2111 593 2158; x_wconf 85' lang='lat' dir='ltr'>caperet,</span> <span class='ocrx_word' id='word_1_265' title='bbox 635 2104 723 2157; x_wconf 85' lang='lat' dir='ltr'>quid</span> <span class='ocrx_word' id='word_1_266' title='bbox 756 2104 974 2144; x_wconf 83' lang='lat' dir='ltr'>faciendum</span> <span class='ocrx_word' id='word_1_267' title='bbox 998 2103 1225 2152; x_wconf 87' lang='lat' dir='ltr'>uideretur,</span> <span class='ocrx_word' id='word_1_268' title='bbox 1261 2116 1401 2141; x_wconf 86' lang='lat' dir='ltr'>nauem</span> <span class='ocrx_word' id='word_1_269' title='bbox 1425 2098 1655 2140; x_wconf 87' lang='lat' dir='ltr'>conscendit</span> 
     </span>
     <span class='ocr_line' id='line_1_30' title="bbox 169 2167 1653 2226; baseline -0.005 -14"><span class='ocrx_word' id='word_1_270' title='bbox 169 2179 287 2225; x_wconf 84' lang='lat' dir='ltr'>atque</span> <span class='ocrx_word' id='word_1_271' title='bbox 310 2185 462 2213; x_wconf 88' lang='lat' dir='ltr'>omnem</span> <span class='ocrx_word' id='word_1_272' title='bbox 487 2172 654 2213; x_wconf 87' lang='lat' dir='ltr'>classem</span> <span class='ocrx_word' id='word_1_273' title='bbox 678 2186 721 2213; x_wconf 85' lang='lat' dir='ltr'>se</span> <span class='ocrx_word' id='word_1_274' title='bbox 744 2171 852 2226; x_wconf 83' lang='lat' dir='ltr'>sequi</span> <span class='ocrx_word' id='word_1_275' title='bbox 875 2171 992 2212; x_wconf 91' lang='lat' dir='ltr'>iussit</span> <span class='ocrx_word' id='word_1_276' title='bbox 1014 2171 1129 2212; x_wconf 90' lang='lat' dir='ltr'>nullis</span> <span class='ocrx_word' id='word_1_277' title='bbox 1152 2170 1299 2211; x_wconf 91' lang='lat' dir='ltr'>nostris</span> <span class='ocrx_word' id='word_1_278' title='bbox 1322 2168 1508 2209; x_wconf 89' lang='lat' dir='ltr'>militibus</span> <span class='ocrx_word' id='word_1_279' title='bbox 1531 2167 1653 2220; x_wconf 88' lang='lat' dir='ltr'>impo-</span> 
     </span>
    </p>
   </div>
   <div class='ocr_carea' id='block_1_3' title="bbox 165 2292 1655 2910">
    <p class='ocr_par' dir='ltr' id='par_1_4' title="bbox 165 2292 1655 2910">
     <span class='ocr_line' id='line_1_31' title="bbox 312 2292 1655 2341; baseline -0.006 -10"><span class='ocrx_word' id='word_1_280' title='bbox 312 2299 327 2332; x_wconf 91' lang='lat'>1</span> <span class='ocrx_word' id='word_1_281' title='bbox 350 2309 428 2331; x_wconf 87' lang='lat' dir='ltr'>sese</span> <span class='ocrx_word' id='word_1_282' title='bbox 447 2309 510 2331; x_wconf 90' lang='lat' dir='ltr'>non</span> <span class='ocrx_word' id='word_1_283' title='bbox 530 2308 598 2331; x_wconf 86' lang='lat' dir='ltr'>om.</span> <span class='ocrx_word' id='word_1_284' title='bbox 623 2298 653 2330; x_wconf 86' lang='lat' dir='ltr'>b.</span> <span class='ocrx_word' id='word_1_285' title='bbox 796 2302 934 2341; x_wconf 87' lang='lat' dir='ltr'>possent</span> <span class='ocrx_word' id='word_1_286' title='bbox 951 2308 971 2330; x_wconf 89' lang='grc' dir='ltr'><em>α</em></span> <span class='ocrx_word' id='word_1_287' title='bbox 985 2298 1016 2329; x_wconf 87' lang='lat' dir='ltr'>b.</span> <span class='ocrx_word' id='word_1_288' title='bbox 1164 2296 1309 2328; x_wconf 86' lang='lat' dir='ltr'>nauibus</span> <span class='ocrx_word' id='word_1_289' title='bbox 1329 2304 1449 2337; x_wconf 89' lang='lat' dir='ltr'>aquam</span> <span class='ocrx_word' id='word_1_290' title='bbox 1468 2303 1488 2325; x_wconf 90' lang='grc' dir='ltr'><em>α</em></span> <span class='ocrx_word' id='word_1_291' title='bbox 1507 2292 1655 2334; x_wconf 71' lang='lat' dir='ltr'>Stepha-</span> 
     </span>
     <span class='ocr_line' id='line_1_32' title="bbox 166 2347 1509 2394; baseline -0.004 -11"><span class='ocrx_word' id='word_1_292' title='bbox 166 2361 244 2392; x_wconf 81' lang='lat' dir='ltr'>nus,</span> <span class='ocrx_word' id='word_1_293' title='bbox 267 2361 387 2394; x_wconf 89' lang='lat' dir='ltr'>aquam</span> <span class='ocrx_word' id='word_1_294' title='bbox 409 2352 554 2383; x_wconf 87' lang='lat' dir='ltr'>nauibus</span> <span class='ocrx_word' id='word_1_295' title='bbox 572 2351 733 2392; x_wconf 77' lang='lat' dir='ltr'>reliquae</span> <span class='ocrx_word' id='word_1_296' title='bbox 751 2350 830 2382; x_wconf 81' lang='lat' dir='ltr'>edd.</span> <span class='ocrx_word' id='word_1_297' title='bbox 973 2349 1267 2392; x_wconf 76' lang='lat' dir='ltr'>peterentAldus,</span> <span class='ocrx_word' id='word_1_298' title='bbox 1291 2352 1405 2390; x_wconf 87' lang='lat' dir='ltr'>petere</span> <span class='ocrx_word' id='word_1_299' title='bbox 1418 2357 1437 2378; x_wconf 89' lang='grc' dir='ltr'><em>α</em></span> <span class='ocrx_word' id='word_1_300' title='bbox 1450 2347 1509 2378; x_wconf 85' lang='lat' dir='ltr'>bc.</span> 
     </span>
     <span class='ocr_line' id='line_1_33' title="bbox 165 2393 1654 2443; baseline -0.005 -7"><span class='ocrx_word' id='word_1_301' title='bbox 165 2404 186 2436; x_wconf 81' lang='lat'><strong>2</strong></span> <span class='ocrx_word' id='word_1_302' title='bbox 205 2402 409 2434; x_wconf 85' lang='lat' dir='ltr'>Paraetonio</span> <span class='ocrx_word' id='word_1_303' title='bbox 428 2402 564 2442; x_wconf 73' lang='lat' dir='ltr'>Aldus5</span> <span class='ocrx_word' id='word_1_304' title='bbox 585 2401 768 2434; x_wconf 83' lang='lat' dir='ltr'>Paratonio</span> <span class='ocrx_word' id='word_1_305' title='bbox 787 2412 807 2433; x_wconf 87' lang='grc' dir='ltr'><em>α</em></span> <span class='ocrx_word' id='word_1_306' title='bbox 829 2399 1132 2443; x_wconf 76' lang='lat' dir='ltr'>‘mss.pler1·q11e&#39;,</span> <span class='ocrx_word' id='word_1_307' title='bbox 1153 2399 1331 2431; x_wconf 85' lang='lat' dir='ltr'>Paratouis</span> <span class='ocrx_word' id='word_1_308' title='bbox 1353 2399 1412 2430; x_wconf 82' lang='lat' dir='ltr'>be.</span> <span class='ocrx_word' id='word_1_309' title='bbox 1597 2393 1654 2426; x_wconf 76' lang='lat' dir='ltr'>uel</span> 
     </span>
     <span class='ocr_line' id='line_1_34' title="bbox 168 2446 1653 2494; baseline -0.005 -10"><span class='ocrx_word' id='word_1_310' title='bbox 168 2453 288 2484; x_wconf 87' lang='lat' dir='ltr'>dextra</span> <span class='ocrx_word' id='word_1_311' title='bbox 308 2464 342 2485; x_wconf 84' lang='grc' dir='ltr'>α.</span> <span class='ocrx_word' id='word_1_312' title='bbox 509 2453 527 2486; x_wconf 90' lang='lat'><strong>3</strong></span> <span class='ocrx_word' id='word_1_313' title='bbox 548 2462 716 2494; x_wconf 80' lang='lat' dir='ltr'>nunquam</span> <span class='ocrx_word' id='word_1_314' title='bbox 739 2451 804 2493; x_wconf 81' lang='lat' dir='ltr'>(a).</span> <span class='ocrx_word' id='word_1_315' title='bbox 971 2454 990 2485; x_wconf 85' lang='grc'>4</span> <span class='ocrx_word' id='word_1_316' title='bbox 1010 2462 1073 2482; x_wconf 92' lang='lat' dir='ltr'>non</span> <span class='ocrx_word' id='word_1_317' title='bbox 1094 2451 1200 2482; x_wconf 89' lang='lat' dir='ltr'>solum</span> <span class='ocrx_word' id='word_1_318' title='bbox 1220 2450 1285 2481; x_wconf 91' lang='lat' dir='ltr'>hiis</span> <span class='ocrx_word' id='word_1_319' title='bbox 1304 2460 1338 2481; x_wconf 87' lang='grc' dir='ltr'>α.</span> <span class='ocrx_word' id='word_1_320' title='bbox 1504 2448 1521 2478; x_wconf 89' lang='grc'>5</span> <span class='ocrx_word' id='word_1_321' title='bbox 1542 2456 1581 2478; x_wconf 87' lang='lat' dir='ltr'>ne</span> <span class='ocrx_word' id='word_1_322' title='bbox 1601 2446 1653 2477; x_wconf 90' lang='lat' dir='ltr'>his</span> 
     </span>
     <span class='ocr_line' id='line_1_35' title="bbox 167 2499 1509 2547; baseline -0.005 -11"><span class='ocrx_word' id='word_1_323' title='bbox 167 2505 302 2547; x_wconf 90' lang='lat' dir='ltr'>quidem</span> <span class='ocrx_word' id='word_1_324' title='bbox 320 2505 403 2536; x_wconf 89' lang='lat' dir='ltr'>nihil</span> <span class='ocrx_word' id='word_1_325' title='bbox 424 2515 456 2536; x_wconf 78' lang='lat' dir='ltr'>a.</span> <span class='ocrx_word' id='word_1_326' title='bbox 623 2505 642 2536; x_wconf 79' lang='grc'><strong>6</strong></span> <span class='ocrx_word' id='word_1_327' title='bbox 662 2507 745 2535; x_wconf 77' lang='lat' dir='ltr'>(mle</span> <span class='ocrx_word' id='word_1_328' title='bbox 764 2513 885 2544; x_wconf 80' lang='lat' dir='ltr'>magno</span> <span class='ocrx_word' id='word_1_329' title='bbox 904 2502 986 2535; x_wconf 80' lang='lat' dir='ltr'>add.</span> <span class='ocrx_word' id='word_1_330' title='bbox 1009 2503 1081 2534; x_wconf 87' lang='lat' dir='ltr'>sine</span> <span class='ocrx_word' id='word_1_331' title='bbox 1102 2513 1130 2534; x_wconf 81' lang='lat' dir='ltr'>c.</span> <span class='ocrx_word' id='word_1_332' title='bbox 1301 2501 1459 2542; x_wconf 86' lang='lat' dir='ltr'>impetum</span> <span class='ocrx_word' id='word_1_333' title='bbox 1480 2499 1509 2529; x_wconf 85' lang='lat' dir='ltr'>b.</span> 
     </span>
     <span class='ocr_line' id='line_1_36' title="bbox 168 2551 1651 2597; baseline -0.005 -9"><span class='ocrx_word' id='word_1_334' title='bbox 168 2557 335 2588; x_wconf 84' lang='lat' dir='ltr'>aduersus</span> <span class='ocrx_word' id='word_1_335' title='bbox 353 2556 598 2587; x_wconf 88' lang='lat' dir='ltr'>munitionibus</span> <span class='ocrx_word' id='word_1_336' title='bbox 618 2566 638 2587; x_wconf 85' lang='grc' dir='ltr'><em>α</em></span> <span class='ocrx_word' id='word_1_337' title='bbox 657 2559 711 2596; x_wconf 81' lang='lat' dir='ltr'>et,</span> <span class='ocrx_word' id='word_1_338' title='bbox 740 2558 805 2597; x_wconf 75' lang='lat' dir='ltr'>qui</span> <span class='ocrx_word' id='word_1_339' title='bbox 830 2555 1009 2595; x_wconf 89' lang='lat' dir='ltr'>aduersis,</span> <span class='ocrx_word' id='word_1_340' title='bbox 1038 2556 1078 2594; x_wconf 85' lang='lat' dir='ltr'>b;</span> <span class='ocrx_word' id='word_1_341' title='bbox 1107 2554 1271 2586; x_wconf 86' lang='lat' dir='ltr'>aduersos</span> <span class='ocrx_word' id='word_1_342' title='bbox 1291 2564 1330 2584; x_wconf 78' lang='lat' dir='ltr'>ex</span> <span class='ocrx_word' id='word_1_343' title='bbox 1351 2551 1597 2583; x_wconf 86' lang='lat' dir='ltr'>munitionibus</span> <span class='ocrx_word' id='word_1_344' title='bbox 1616 2560 1651 2581; x_wconf 84' lang='lat' dir='ltr'>u.</span> 
     </span>
     <span class='ocr_line' id='line_1_37' title="bbox 311 2602 1507 2648; baseline -0.005 -9"><span class='ocrx_word' id='word_1_345' title='bbox 311 2607 330 2639; x_wconf 92' lang='lat'><strong>7</strong></span> <span class='ocrx_word' id='word_1_346' title='bbox 350 2608 522 2639; x_wconf 76' lang='lat' dir='ltr'>sustinere</span> <span class='ocrx_word' id='word_1_347' title='bbox 543 2618 618 2648; x_wconf 79' lang='lat' dir='ltr'>eg0‚</span> <span class='ocrx_word' id='word_1_348' title='bbox 640 2607 803 2639; x_wconf 87' lang='lat' dir='ltr'>sustineri</span> <span class='ocrx_word' id='word_1_349' title='bbox 822 2607 923 2638; x_wconf 75' lang='lat' dir='ltr'>codd.</span> <span class='ocrx_word' id='word_1_350' title='bbox 945 2607 986 2639; x_wconf 87' lang='grc' dir='ltr'>Ρ.</span> <span class='ocrx_word' id='word_1_351' title='bbox 1002 2607 1078 2639; x_wconf 81' lang='grc'>189.</span> <span class='ocrx_word' id='word_1_352' title='bbox 1215 2605 1235 2636; x_wconf 91' lang='grc'>8</span> <span class='ocrx_word' id='word_1_353' title='bbox 1249 2613 1427 2636; x_wconf 86' lang='lat' dir='ltr'>ascensum</span> <span class='ocrx_word' id='word_1_354' title='bbox 1441 2602 1507 2644; x_wconf 83' lang='lat' dir='ltr'>(a).</span> 
     </span>
     <span class='ocr_line' id='line_1_38' title="bbox 167 2654 1506 2702; baseline -0.004 -11"><span class='ocrx_word' id='word_1_355' title='bbox 167 2659 186 2692; x_wconf 85' lang='lat'>9</span> <span class='ocrx_word' id='word_1_356' title='bbox 207 2659 365 2702; x_wconf 87' lang='lat' dir='ltr'>schaphis</span> <span class='ocrx_word' id='word_1_357' title='bbox 385 2669 418 2690; x_wconf 89' lang='grc' dir='ltr'>α.</span> <span class='ocrx_word' id='word_1_358' title='bbox 579 2658 617 2690; x_wconf 89' lang='grc'>10</span> <span class='ocrx_word' id='word_1_359' title='bbox 638 2658 913 2689; x_wconf 86' lang='lat' dir='ltr'>aedificationum</span> <span class='ocrx_word' id='word_1_360' title='bbox 934 2658 963 2689; x_wconf 88' lang='lat' dir='ltr'>b.</span> <span class='ocrx_word' id='word_1_361' title='bbox 1122 2655 1157 2688; x_wconf 89' lang='lat'>11</span> <span class='ocrx_word' id='word_1_362' title='bbox 1182 2655 1455 2698; x_wconf 86' lang='lat' dir='ltr'>praecurrituros</span> <span class='ocrx_word' id='word_1_363' title='bbox 1476 2654 1506 2685; x_wconf 88' lang='lat' dir='ltr'>b.</span> 
     </span>
     <span class='ocr_line' id='line_1_39' title="bbox 169 2702 1655 2750; baseline -0.005 -8"><span class='ocrx_word' id='word_1_364' title='bbox 169 2712 211 2744; x_wconf 78' lang='lat'>12</span> <span class='ocrx_word' id='word_1_365' title='bbox 229 2715 341 2742; x_wconf 83' lang='lat' dir='ltr'>tamen</span> <span class='ocrx_word' id='word_1_366' title='bbox 359 2720 379 2741; x_wconf 86' lang='lat' dir='ltr'>a</span> <span class='ocrx_word' id='word_1_367' title='bbox 393 2710 423 2750; x_wconf 83' lang='lat' dir='ltr'>b,</span> <span class='ocrx_word' id='word_1_368' title='bbox 445 2719 513 2740; x_wconf 86' lang='lat' dir='ltr'>om.</span> <span class='ocrx_word' id='word_1_369' title='bbox 534 2718 569 2739; x_wconf 67' lang='grc' dir='ltr'>τι.</span> <span class='ocrx_word' id='word_1_370' title='bbox 714 2708 825 2749; x_wconf 83' lang='lat' dir='ltr'>sugam</span> <span class='ocrx_word' id='word_1_371' title='bbox 846 2718 879 2739; x_wconf 84' lang='grc' dir='ltr'>α.</span> <span class='ocrx_word' id='word_1_372' title='bbox 1022 2706 1062 2739; x_wconf 91' lang='grc'>18</span> <span class='ocrx_word' id='word_1_373' title='bbox 1081 2706 1223 2749; x_wconf 86' lang='lat' dir='ltr'>uisaque</span> <span class='ocrx_word' id='word_1_374' title='bbox 1245 2706 1353 2737; x_wconf 85' lang='lat' dir='ltr'>dulcis</span> <span class='ocrx_word' id='word_1_375' title='bbox 1374 2715 1407 2736; x_wconf 85' lang='grc' dir='ltr'>α.</span> <span class='ocrx_word' id='word_1_376' title='bbox 1543 2703 1582 2737; x_wconf 83' lang='grc'>21</span> <span class='ocrx_word' id='word_1_377' title='bbox 1597 2702 1655 2734; x_wconf 88' lang='lat' dir='ltr'>de-</span> 
     </span>
     <span class='ocr_line' id='line_1_40' title="bbox 169 2755 1654 2804; baseline -0.007 -9"><span class='ocrx_word' id='word_1_378' title='bbox 169 2763 262 2795; x_wconf 89' lang='lat' dir='ltr'>ditiis</span> <span class='ocrx_word' id='word_1_379' title='bbox 281 2773 314 2794; x_wconf 85' lang='lat' dir='ltr'>a.</span> <span class='ocrx_word' id='word_1_380' title='bbox 452 2762 496 2795; x_wconf 76' lang='lat'>22</span> <span class='ocrx_word' id='word_1_381' title='bbox 515 2761 663 2804; x_wconf 88' lang='lat' dir='ltr'>inposita</span> <span class='ocrx_word' id='word_1_382' title='bbox 681 2771 715 2793; x_wconf 86' lang='grc' dir='ltr'>α.</span> <span class='ocrx_word' id='word_1_383' title='bbox 853 2758 1007 2791; x_wconf 90' lang='lat' dir='ltr'>Caluicio</span> <span class='ocrx_word' id='word_1_384' title='bbox 1024 2769 1059 2790; x_wconf 88' lang='lat' dir='ltr'>a.</span> <span class='ocrx_word' id='word_1_385' title='bbox 1200 2759 1243 2794; x_wconf 76' lang='lat'>23</span> <span class='ocrx_word' id='word_1_386' title='bbox 1257 2759 1374 2790; x_wconf 86' lang='lat' dir='ltr'>littora</span> <span class='ocrx_word' id='word_1_387' title='bbox 1389 2767 1423 2789; x_wconf 87' lang='lat' dir='ltr'>a.</span> <span class='ocrx_word' id='word_1_388' title='bbox 1563 2755 1654 2786; x_wconf 86' lang='lat' dir='ltr'>ultra</span> 
     </span>
     <span class='ocr_line' id='line_1_41' title="bbox 169 2806 1655 2858; baseline -0.007 -10"><span class='ocrx_word' id='word_1_389' title='bbox 169 2826 245 2858; x_wconf 80' lang='lat' dir='ltr'>ego,</span> <span class='ocrx_word' id='word_1_390' title='bbox 267 2826 335 2848; x_wconf 85' lang='lat' dir='ltr'>om.</span> <span class='ocrx_word' id='word_1_391' title='bbox 357 2824 377 2845; x_wconf 86' lang='lat' dir='ltr'>a</span> <span class='ocrx_word' id='word_1_392' title='bbox 392 2814 458 2854; x_wconf 84' lang='lat' dir='ltr'>bc‚·</span> <span class='ocrx_word' id='word_1_393' title='bbox 479 2824 581 2858; x_wconf 87' lang='lat' dir='ltr'>supra</span> <span class='ocrx_word' id='word_1_394' title='bbox 600 2824 635 2845; x_wconf 80' lang='lat' dir='ltr'>n.</span> <span class='ocrx_word' id='word_1_395' title='bbox 777 2813 820 2847; x_wconf 79' lang='lat'>25</span> <span class='ocrx_word' id='word_1_396' title='bbox 839 2811 1006 2844; x_wconf 84' lang='lat' dir='ltr'>anchoras</span> <span class='ocrx_word' id='word_1_397' title='bbox 1025 2821 1058 2843; x_wconf 88' lang='lat' dir='ltr'>a.</span> <span class='ocrx_word' id='word_1_398' title='bbox 1221 2811 1264 2843; x_wconf 76' lang='lat'>‘28</span> <span class='ocrx_word' id='word_1_399' title='bbox 1285 2819 1404 2842; x_wconf 89' lang='lat' dir='ltr'>nauem</span> <span class='ocrx_word' id='word_1_400' title='bbox 1423 2819 1444 2841; x_wconf 87' lang='lat' dir='ltr'>a</span> <span class='ocrx_word' id='word_1_401' title='bbox 1465 2808 1561 2840; x_wconf 80' lang='lat' dir='ltr'>‘mss.</span> <span class='ocrx_word' id='word_1_402' title='bbox 1577 2806 1655 2850; x_wconf 80' lang='lat' dir='ltr'>ple-</span> 
     </span>
     <span class='ocr_line' id='line_1_42' title="bbox 170 2866 484 2910; baseline -0.013 -10"><span class='ocrx_word' id='word_1_403' title='bbox 170 2867 295 2910; x_wconf 75' lang='lat' dir='ltr'>rique&#39;,</span> <span class='ocrx_word' id='word_1_404' title='bbox 319 2866 430 2898; x_wconf 87' lang='lat' dir='ltr'>nanim</span> <span class='ocrx_word' id='word_1_405' title='bbox 450 2875 484 2896; x_wconf 80' lang='grc' dir='ltr'>α.</span> 
     </span>
    </p>
   </div>
   <div class='ocr_carea' id='block_1_4' title="bbox 1683 882 1724 916">
    <p class='ocr_par' dir='ltr' id='par_1_5' title="bbox 1683 882 1724 916">
     <span class='ocr_line' id='line_1_43' title="bbox 1683 882 1724 916; baseline -0.024 0"><span class='ocrx_word' id='word_1_406' title='bbox 1683 882 1724 916; x_wconf 87' lang='grc'>10</span> 
     </span>
    </p>
   </div>
   <div class='ocr_carea' id='block_1_5' title="bbox 1685 1901 1728 1936">
    <p class='ocr_par' dir='ltr' id='par_1_6' title="bbox 1685 1901 1728 1936">
     <span class='ocr_line' id='line_1_44' title="bbox 1685 1901 1728 1936; baseline -0.047 0"><span class='ocrx_word' id='word_1_407' title='bbox 1685 1901 1728 1936; x_wconf 83' lang='grc'>25</span> 
     </span>
    </p>
   </div>
  </div>
 </body>
</html>
