1835 3240
93 905 135 938 10

98 1244 138 1276 15

99 1581 143 1615 20

581 172 765 216 COMM.
791 171 847 214 ΠΙ
880 171 1004 215 CAP.
1032 170 1230 214 19--21.
1638 171 1720 214 323

164 305 252 333 eum
275 288 521 343 intellegeret
542 287 581 328 in
604 288 653 328 iis
677 287 772 328 locis
796 287 871 328 sibi
892 287 1035 328 bellum
1059 284 1289 340 gerendum,
1313 283 1376 324 ubi
1400 285 1531 338 paucis
1555 293 1647 327 ante

163 359 276 398 annis
298 356 448 396 Lucius
470 355 656 397 Valerius
679 354 950 396 Praeconinus
983 355 1136 409 legatus
1169 351 1350 393 exercitu
1383 352 1494 405 pulso
1525 355 1648 393 inter-

164 427 289 466 fectus
313 431 441 474 esset,
475 431 592 477 atque
626 424 729 464 unde
762 422 913 463 Lucius
935 421 1095 462 Mallius
1128 420 1338 475 proconsul
1361 419 1648 472 impedimentis

163 492 318 532 amissis
342 492 602 545 profugisset,
636 505 714 530 non
744 491 980 530 mediocrem
1013 490 1089 529 sibi
1121 489 1361 543 diligentiam
1392 488 1649 527 adhibendam

167 560 437 614 intellegebat.
490 558 626 612 ltaque
648 573 690 598 re
715 558 968 598 frumentaria
993 557 1177 610 prouisa,
1210 556 1371 596 auxiliis
1403 556 1654 609 equitatuque
1674 555 1702 596 2

164 635 395 681 conparato,
422 627 552 667 multis
575 633 781 679 praeterea
796 625 894 665 uiris
919 625 1082 664 fortibus
1096 624 1247 664 Tolosa
1266 622 1524 672 &Nat-bone,
1551 636 1653 676 quae

164 702 258 735 sunt
279 695 460 735 ciuitates
484 693 636 734 Galliae
660 693 889 747 prouinciae
912 692 1102 732 finitimae
1124 691 1183 732 his
1207 692 1449 745 regionibus,
1475 691 1655 731 nomina-

167 764 235 803 tim
259 763 432 802 euocatis
455 763 494 802 in
521 760 743 802 Sontiatum
769 762 864 800 [ines
889 760 1108 800 exercitum
1141 759 1377 799 introduxit.
1442 757 1565 800 Cuius
1588 758 1655 798 ad-
1677 757 1702 799 3

169 837 288 870 uentu
310 830 467 884 cognito
481 828 684 870 Sontiates
706 829 857 883 magnis
876 828 997 882 copiis
1011 827 1159 867 coactis
1183 828 1449 880 equitatuque,
1475 841 1549 880 quo
1573 827 1656 880 plu-

166 898 306 938 rimum
329 898 528 947 ualebant,
554 898 594 937 in
616 898 759 938 itinere
782 911 922 950 agmen
946 903 1122 935 nostrum
1147 895 1272 935 adorti
1296 896 1460 949 primum
1473 902 1656 948 equestre

168 967 359 1019 proelium
384 965 689 1015 commiserunt,
724 965 864 1005 deinde
886 967 1060 1017 equitatu
1082 977 1152 1003 suo
1176 963 1285 1017 pulso
1309 971 1425 1016 atque
1449 963 1658 1015 insequen-
1678 962 1705 1002 4

170 1033 271 1073 tibus
295 1034 441 1073 nostris
464 1033 592 1073 subito
616 1034 819 1088 pedestres
843 1033 974 1085 copias
992 1063 1001 1081 ,
1036 1045 1132 1084 quas
1160 1031 1197 1070 in
1231 1031 1413 1072 conualle
1444 1031 1483 1069 in
1506 1030 1658 1070 insidiis

170 1102 494 1150 conlocauerant,
520 1102 795 1142 ostenderunt.
852 1100 897 1139 lli
924 1107 1082 1140 nostros
1107 1099 1295 1140 disiectos
1319 1099 1446 1138 adorti
1469 1098 1658 1151 proelium

170 1176 428 1209 renouarunt.
472 1167 695 1224 Pugnatum
729 1175 789 1209 est
821 1169 883 1208 din
916 1175 1033 1221 atque
1055 1168 1224 1217 acriter,
1260 1182 1347 1207 eum
1372 1164 1575 1207 Sentiates
1599 1179 1662 1205 su·
1683 1164 1735 1209 21

171 1236 391 1290 perioribus
414 1238 591 1277 uictoriis
625 1238 713 1277 freti
748 1237 787 1276 in
819 1250 886 1276 sua
920 1236 1066 1276 uirtute
1091 1236 1209 1275 totius
1231 1235 1471 1288 Aquitaniae
1493 1234 1659 1274 salutem

175 1305 340 1357 positam
366 1312 563 1358 putarent,
589 1305 714 1344 nostri
739 1312 866 1344 autem
887 1335 896 1353 ⁷
923 1304 1012 1356 quid
1035 1304 1121 1344 sine
1144 1304 1381 1357 imperatore
1404 1309 1443 1343 et
1464 1302 1549 1343 sine
1571 1301 1663 1342 reli-

174 1371 262 1424 quis
295 1372 514 1426 legionibus
546 1373 838 1412 adulescentulo
870 1373 968 1411 duee
1001 1372 1155 1411 efficere
1178 1378 1363 1425 possent,
1402 1371 1571 1424 perspici
1595 1384 1662 1410 cu-

178 1447 338 1493 perent:
367 1443 519 1480 tandem
544 1440 711 1480 confecti
737 1440 964 1479 uulneribus
989 1439 1120 1479 hostes
1146 1446 1259 1493 terga
1275 1447 1450 1479 uertere.
1485 1436 1661 1490 Quorum
1684 1438 1711 1480 2

177 1521 318 1560 magno
351 1521 515 1548 numero
549 1508 758 1548 interfecto
784 1506 956 1547 Crassus
990 1521 1038 1547 ex
1072 1508 1213 1547 itinere
1237 1507 1415 1561 oppidum
1439 1504 1664 1547 Sontiatum

175 1588 400 1628 oppugnare
423 1576 566 1629 eoepit.
631 1574 781 1627 Quibus
816 1576 973 1615 sortiter
994 1575 1271 1615 resistentibus
1296 1575 1433 1615 uineas
1457 1582 1664 1628 turresque

177 1643 272 1696 egit.
318 1641 377 1682 llli
409 1643 507 1682 alias
541 1644 744 1696 eruptione
766 1650 969 1697 temptata,
993 1643 1091 1683 alias
1116 1643 1304 1683 cuniculis
1328 1643 1375 1683 ad
1398 1657 1582 1697 aggerem
1607 1643 1664 1682 ui·
1687 1642 1712 1682 3

175 1723 350 1763 neasque
372 1710 485 1760 actis,
511 1711 623 1751 cuius
645 1711 703 1751 rei
726 1718 818 1751 sunt
841 1712 956 1765 longe
979 1711 1207 1765 peritissimi
1222 1709 1429 1764 Aquitani,
1455 1717 1664 1765 propterea

174 1778 277 1831 quod
299 1778 428 1818 multis
462 1779 561 1819 loeis
591 1779 693 1833 apud
716 1793 784 1819 eos
807 1780 986 1820 aerariae
1007 1781 1037 1834 -1-
1059 1786 1317 1832 secturaeque
1338 1786 1456 1830 sunt,
1491 1778 1557 1819 ubi
1580 1779 1666 1819 dili-

322 1899 334 1931 1
359 1899 390 1930 in
410 1899 480 1931 illis
499 1901 585 1932 locis
605 1902 675 1944 ef,
697 1902 729 1932 in
750 1901 800 1933 his
819 1902 904 1934 loeis
925 1902 1058 1944 reliqui
1075 1902 1175 1934 codd.
1198 1905 1234 1933 ef
1250 1912 1285 1934 u.
1496 1903 1517 1934 ‘2
1536 1901 1664 1934 Lucius

178 1951 293 1984 ABD
306 1952 352 1991 E,
373 1952 413 1984 L.
435 1952 498 1995 (s)
515 1964 550 1985 τί.
687 1954 812 1986 Υ31·ἰιι5
832 1966 861 1986 e.
990 1955 1224 1987 Praeconinus
1242 1954 1383 1995 A(B)D
1398 1954 1445 1989 E:
1466 1954 1500 1986 P.
1523 1955 1666 1986 coninus

178 2002 247 2043 cs,
271 2001 306 2033 P.
328 2004 512 2036 communis
534 2006 565 2036 b.
707 2005 856 2047 legatus]
877 2006 1048 2047 legionum
1068 2007 1099 2038 b.
1241 2007 1259 2038 3
1279 2005 1406 2037 Lucius
1426 2006 1498 2037 AB
1512 2005 1600 2046 DE,
1622 2005 1662 2036 L.

168 2054 260 2095 s(1's
274 2057 357 2095 post
374 2065 497 2085 nomen
514 2058 621 2096 ponit
636 2066 795 2099 suprase.
818 2057 890 2088 litt.
913 2058 930 2088 b
943 2057 976 2099 a)
995 2068 1030 2089 u.
1172 2055 1311 2089 Mallius
1330 2057 1403 2089 AB
1418 2057 1550 2096 CDE‚·
1571 2055 1666 2088 Man-

181 2104 245 2135 lius
263 2105 337 2146 as,
359 2104 521 2138 Manilius
541 2117 570 2138 e.
769 2108 951 2149 proconsul
971 2108 1084 2150 (B)f,
1108 2108 1309 2150 praeeonsul
1331 2108 1376 2148 E,
1399 2118 1557 2150 procons.
1577 2109 1610 2140 A
1623 2107 1663 2140 C.

320 2158 341 2189 4
360 2159 530 2192 ammissis
548 2162 591 2191 B.
732 2161 749 2192 5
770 2161 1025 2202 equitatumque
1045 2170 1091 2191 m.
1108 2170 1165 2201 pr.
1187 2162 1231 2193 Β.
1378 2160 1396 2192 6
1417 2165 1602 2202 conparato
1621 2161 1663 2192 B.

323 2207 447 2240 Tolose
466 2211 519 2242 A:
541 2210 736 2242 Carcasone
755 2211 838 2243 add.
862 2212 879 2242 b
893 2211 1066 2253 eclf(ltz'c
1085 2211 1303 2253 Cireasone).
1323 2211 1364 2243 P.
1386 2211 1441 2243 67.
1581 2210 1667 2242 Nar-

179 2257 288 2290 bonae
306 2259 398 2299 AB,
428 2259 590 2293 Narbona
618 2263 681 2304 bf.
716 2262 755 2294 In
782 2273 900 2304 mal-g.
921 2263 951 2294 B
975 2273 1045 2294 see.
1074 2272 1121 2293 m.
1143 2264 1293 2305 scripsit
1311 2261 1460 2302 Tolosa,
1489 2260 1664 2303 Narbona,

180 2320 319 2351 quorum
337 2311 472 2343 ciuitat.
615 2313 633 2345 7
652 2314 816 2345 finitimae
837 2313 971 2345 Galliae
990 2313 1137 2356 prou.f.
1277 2313 1329 2345 his
1348 2313 1546 2353 regionibus
1567 2313 1667 2345 θίασ-

181 2366 324 2404 cont'uS,
346 2374 387 2396 ex
406 2365 457 2397 his
477 2366 674 2407 regionibus
694 2367 795 2398 codd.
816 2367 854 2399 P.
877 2367 933 2400 70.
1091 2367 1111 2399 8
1132 2366 1324 2398 sontiatum
1341 2366 1414 2398 AB
1430 2366 1499 2398 OD
1513 2367 1563 2405 E,·
1583 2365 1669 2397 Son-

182 2413 313 2446 tiatium
323 2416 367 2457 f,
391 2416 572 2448 Sotiatium
592 2428 620 2449 e.
651 2418 801 2450 Sotiates
824 2418 944 2450 Orosic'
960 2418 1279 2459 Langobardieus,
1302 2417 1456 2450 Sociates
1474 2427 1635 2458 suprasc.
1657 2422 1670 2448 t

182 2465 372 2499 Portensz's.
512 2470 531 2501 9
553 2468 732 2502 Sonciates
750 2470 783 2502 J)
797 2471 838 2502 E.
995 2470 1036 2502 10
1056 2470 1088 2501 in
1109 2479 1177 2501 om.
1200 2469 1232 2501 b.
1416 2473 1568 2501 nostrum
1587 2479 1666 2510 sup.

182 2525 274 2547 uer-s.
293 2528 361 2549 sec.
381 2529 428 2550 m.
447 2519 490 2552 B.
610 2520 647 2553 11
669 2521 931 2553 comlnisserunt
948 2522 991 2552 B.
1104 2521 1145 2554 12
1164 2520 1384 2562 pedestrisf.
1530 2521 1570 2552 13
1589 2530 1668 2551 con-

185 2566 381 2600 locauerant
398 2570 441 2602 B.
601 2572 625 2603 ii
645 2577 780 2603 nostros
800 2573 842 2604 B.
1034 2573 1075 2604 14
1093 2571 1272 2603 Sonciates
1290 2572 1339 2612 E,
1363 2571 1519 2604 Sociates
1538 2572 1582 2612 D,
1607 2570 1666 2602 So-

186 2616 290 2649 tiares
309 2629 400 2651 corr.
421 2622 456 2651 1⁶71
476 2622 581 2653 tiares
591 2623 629 2664 s.
815 2624 853 2656 1ss
876 2623 996 2665 nostri]
1019 2634 1037 2654 n
1055 2625 1287 2664 supraposita
1307 2623 1316 2654 i
1335 2633 1381 2655 m.
1398 2634 1458 2664 pr.
1480 2624 1522 2655 B.

188 2667 226 2698 17
247 2668 501 2703 adulescentulo
531 2673 616 2704 duee
644 2684 712 2706 om.
731 2674 763 2716 s
780 2674 1068 2715 (adulescentulo
1096 2675 1214 2707 BDE
1240 2678 1274 2706 et
1301 2685 1381 2706 eum
1399 2685 1416 2706 o
1435 2685 1543 2716 supet·
1561 2686 1580 2706 u
1599 2673 1664 2713 A).

331 2721 371 2752 18
390 2722 576 2764 tandems,
598 2729 709 2756 tamen
729 2726 874 2767 relz'qm'.
1016 2730 1196 2757 uerterunt
1214 2726 1232 2756 b
1248 2725 1310 2767 ef.
1469 2726 1508 2757 19
1529 2725 1670 2756 Soneia-

188 2774 255 2801 tum
275 2770 322 2810 E,
346 2771 547 2806 Sontiatium
566 2776 643 2818 (sed
654 2779 761 2818 prius
780 2777 805 2808 ti
824 2779 890 2808 z'nt.
913 2775 1075 2819 uer-9.)f.
1239 2778 1283 2811 22
1299 2775 1461 2818 Equitfflli
1481 2786 1525 2807 m·
1544 2785 1602 2817 P7'·
1624 2776 1666 2806 Β·

317 2824 358 2857 23
378 2827 548 2868 aerariis.
666 2834 894 2870 secturaeque
913 2830 942 2860 A
955 2829 985 2860 B
999 2829 1026 2860 C
1045 2840 1062 2860 e
1080 2832 1115 2860 et
1127 2828 1314 2871 plerique,
1342 2837 1552 2868 seeuraeque
1571 2826 1663 2863 DE,

187 2885 443 2919 aest¹1·uraeque
453 2879 500 2921 f:
520 2885 678 2912 secturae
699 2892 732 2913 α.
769 2882 865 2914 Mihi
880 2880 1109 2913 „veremendum
1128 2880 1274 2912 m‘detm·
1293 2879 1540 2919 serrariaeque.

1357 2943 1442 2985 21*
