1835 3240
104 166 187 210 566
328 183 331 185 ·
668 164 743 207 DE
776 162 966 206 BELLO
998 160 1174 207 CIVILI

133 280 159 322 3
183 286 327 321 terram
349 278 480 332 attigit
511 276 821 323 Germiniorum.
875 274 985 317 Saxa
1015 276 1122 316 inter
1147 282 1186 317 et
1218 276 1294 317 alia
1323 276 1407 318 loca
1438 277 1658 331 periculosa

182 348 349 401 quietam
373 354 510 387 nactus
533 346 743 385 stationem
767 351 806 383 et
828 351 963 397 portus
986 358 1122 384 omnes
1146 344 1286 384 timens
1301 376 1311 392 ‚
1338 346 1438 398 quod
1462 346 1588 386 teneri
1611 346 1657 385 ab

181 415 421 455 aduersariis
444 412 749 461 arbitrabantur,
775 411 821 451 ad
844 425 929 451 eum
952 412 1097 460 locum,
1123 412 1186 464 qui
1209 412 1473 466 appellabatur
1492 411 1659 466 †Pl1ar-

180 483 304 532 salia,
339 481 516 522 omnibus
549 479 713 519 nauibus
746 479 792 518 ad
826 493 939 519 unam
980 478 1240 519 incolumibus
1281 479 1425 519 milites
1457 481 1656 534 exposuit.

130 552 158 596 7
179 550 309 591 Erant
329 548 439 590 Orici
475 546 687 587 Lucretius
709 545 887 600 Vespillo
918 554 956 586 et
978 545 1179 587 Minucius
1199 545 1328 586 Rufus
1360 561 1445 586 cum
1468 547 1656 588 Asiaticis
1689 556 1707 588 5

179 618 343 658 nauibus
364 622 498 663 XVIH,
523 616 663 668 quibus
684 614 794 655 iussu
819 613 867 654 D.
892 612 1021 654 Laelii
1045 621 1278 668 praeerant,
1303 612 1362 654 M.
1387 612 1551 655 Bibulus
1574 629 1660 655 cum

130 687 157 728 2
180 685 343 726 nauibus
366 690 426 724 CX
448 680 667 738 Corcyrae.
713 680 794 723 Sed
817 696 942 736 neque
965 682 1020 722 illi
1043 682 1117 722 sibi
1139 682 1275 722 confisi
1297 696 1348 722 ex
1372 689 1486 735 portu
1503 683 1660 736 prodire

179 760 271 794 sunt
292 751 377 792 ausi
393 781 402 798 ‚
440 765 525 791 cum
548 748 701 794 Caesar
732 750 891 791 omnino
911 757 977 790 ΧΠ
999 764 1122 790 naues
1145 750 1282 804 longas
1305 750 1500 803 praesidio
1523 750 1661 790 duxis-

131 820 156 861 3
179 828 254 869 set,
279 820 318 859 in
342 818 479 872 quibus
503 826 618 860 erant
640 825 867 859 constratae
889 825 966 868 1111,
998 832 1124 872 neque
1146 816 1310 859 Bibulus
1332 817 1527 872 impeditis
1549 818 1661 858 naui-

178 889 251 928 bus
275 887 537 941 dispersisque
559 886 772 942 remigibus
796 887 893 927 satis
923 894 1078 927 mature
1110 885 1310 936 occurrit,
1344 885 1444 939 quod
1476 885 1582 939 prius
1613 886 1660 926 ad
1696 893 1735 926 lc

178 955 447 995 continentem
470 954 579 1002 uisus
602 962 663 996 est
680 953 848 1005 Caesar,
874 969 987 1008 quam
1010 955 1056 995 de
1079 954 1161 994 eius
1184 954 1356 994 aduentu
1380 955 1479 993 fama
1503 954 1661 994 omnino

131 1023 161 1068 8
181 1023 217 1063 in
242 1038 308 1064 eas
332 1023 515 1076 regiones
538 1024 792 1076 perferretur.
847 1021 1056 1076 Expositis
1081 1022 1265 1062 militibus
1289 1035 1411 1062 naues
1434 1022 1566 1062 eadem
1591 1036 1660 1062 no-

179 1099 240 1132 cte
263 1090 516 1131 Brundisium
539 1105 560 1130 a
585 1088 760 1131 Caesare
783 1092 1062 1140 remittuntur,
1096 1097 1139 1133 ut
1160 1091 1332 1144 reliquae
1355 1090 1529 1143 legiones
1553 1090 1661 1142 equi-

128 1159 157 1201 2
180 1166 360 1214 tatusque
384 1159 642 1213 transportari
666 1166 843 1213 possent.
888 1157 990 1205 Huic
1013 1158 1136 1198 officio
1160 1158 1406 1211 praepositus
1429 1156 1659 1197 eratFutius

179 1225 352 1268 Calenus
376 1228 542 1280 legatus,
568 1226 631 1279 qui
655 1226 896 1267 celeritatem
918 1227 958 1266 in
981 1225 1297 1279 transportandis
1319 1224 1536 1278 legionibus
1554 1225 1662 1264 adhi-
1696 1231 1735 1264 15

177 1295 301 1335 beret.
344 1292 423 1335 Sed
456 1295 583 1334 serius
615 1308 637 1333 a
669 1300 774 1334 terra
806 1301 1017 1348 prouectae
1051 1284 1171 1334 naues
1207 1306 1332 1346 neque
1356 1306 1447 1333 usae
1470 1299 1662 1332 nocturna

131 1361 155 1401 3
178 1376 272 1402 aura
297 1362 336 1402 in
358 1362 558 1402 redeundo
581 1362 843 1403 offenderunt.
898 1361 1061 1403 Bibulus
1085 1362 1187 1402 enim
1209 1358 1412 1416 Corcyrae
1436 1360 1583 1400 certior
1605 1360 1661 1399 l'a-

178 1436 265 1469 ctus
303 1430 349 1470 de
382 1431 551 1470 aduentu
574 1428 762 1471 Caesaris
785 1444 949 1484 sperans
972 1431 1088 1470 alicui
1111 1444 1154 1470 se
1176 1429 1276 1483 parti
1299 1436 1527 1469 onustarum
1550 1428 1661 1468 naui-

177 1512 239 1537 um
264 1512 479 1539 occurrere
511 1512 627 1551 posse
659 1497 839 1538 inanibus
873 1500 1049 1539 occurrit
1077 1506 1117 1539 et
1147 1504 1286 1539 nactus
1318 1497 1478 1537 circiter
1498 1502 1601 1536 XXX
1622 1496 1660 1535 in

177 1579 244 1610 eas
268 1566 537 1620 indiligentiae
569 1580 664 1606 suae
696 1580 740 1606 ac
773 1567 919 1607 doloris
952 1567 1194 1607 iracundiam
1217 1565 1347 1620 erupit
1368 1578 1582 1617 omnesque
1604 1563 1663 1604 in-
1693 1570 1736 1605 20

177 1635 308 1674 cendit
340 1636 554 1688 eodemque
587 1637 679 1689 igne
712 1643 850 1676 nautas
882 1636 1137 1688 dominosque
1169 1635 1327 1675 nauium
1360 1633 1560 1674 interfecit
1583 1646 1660 1672 ma-

128 1701 155 1741 4
176 1703 379 1755 gnitudine
403 1718 551 1756 poenae
583 1705 754 1757 reliquos
787 1705 927 1744 terreri
949 1718 1128 1757 sperans.
1173 1702 1260 1742 Hoc
1290 1703 1469 1742 confecto
1502 1700 1660 1754 negotio

177 1784 198 1814 ,ὃ
224 1769 382 1811 Salonis
406 1772 452 1811 ad
475 1769 635 1813 Oricum
661 1780 820 1826 portus,
845 1772 1037 1812 stationes
1060 1771 1250 1824 litoraque
1273 1769 1403 1809 omnia
1426 1770 1541 1823 longe
1563 1768 1660 1807 late-

176 1851 249 1890 que
272 1839 462 1880 classibus
486 1841 694 1894 occupauit
716 1840 984 1893 custodiisque
1008 1838 1232 1894 diligentius
1252 1837 1449 1891 dispositis
1472 1836 1555 1889 ipse
1572 1849 1661 1889 gra-

176 1906 337 1947 uissima
379 1907 504 1948 hieme
545 1909 585 1948 in
626 1909 791 1950 nauibus
833 1907 1034 1949 excubans
1074 1920 1201 1959 neque
1245 1906 1362 1946 ullum
1393 1905 1565 1944 laborem
1598 1910 1664 1943 aut
1695 1909 1737 1942 25

175 1988 317 2014 munus
362 1976 604 2029 despiciens,
654 1990 702 2016 ne
740 1977 839 2030 quod
887 1976 1099 2016 subsidium
1143 1973 1369 2028 expectanti
1414 1970 1578 2012 Caesari
1622 1971 1662 2010 in

323 2044 335 2075 l
360 2043 609 2076 Germiniorum
629 2056 649 2076 α
663 2046 680 2076 b
694 2046 756 2086 cd,
778 2045 1023 2077 Cerauniorum
1042 2055 1076 2076 u.
1096 2045 1135 2076 P.
1163 2044 1234 2076 158.
1376 2044 1396 2075 2
1417 2044 1573 2073 timentes
1593 2051 1612 2072 (ι
1628 2040 1659 2072 b.

321 2098 407 2138 quod
428 2108 448 2128 a
463 2099 480 2128 b
494 2098 525 2138 (Ι,
548 2109 630 2140 quos
650 2109 684 2129 n.
824 2098 842 2130 3
862 2098 1119 2129 arbitrabantur
1135 2107 1155 2127 α
1171 2097 1208 2135 b,
1230 2095 1464 2126 arbitrabatur
1482 2103 1516 2125 u.

177 2148 416 2190 appellabatur
435 2160 453 2180 α
469 2150 499 2190 b,
521 2149 716 2191 appellatur
734 2160 769 2182 u.
923 2147 947 2191 ³,-
966 2148 1142 2178 Pharsalia
1160 2147 1200 2186 Ρ,
1226 2146 1299 2178 159.
1455 2145 1471 2176 5
1493 2147 1592 2175 erant
1609 2142 1660 2183 (a)

179 2199 208 2238 b>
231 2204 308 2230 erat
326 2209 359 2230 u.
540 2199 691 2243 Vespillo
713 2199 966 2241 Glandorpz'us,
990 2198 1129 2239 Bispillo
1149 2208 1169 2228 α
1191 2198 1286 2228 ‘mssa
1304 2196 1469 2237 plerique
1489 2198 1523 2225 et
1539 2194 1662 2226 ⁴melio-

174 2250 255 2282 res-³.
375 2249 539 2284 Minutius
558 2263 592 2284 α.
721 2254 738 2285 6
759 2257 940 2295 praeerant
957 2252 995 2283 P.
1017 2251 1215 2289 Alanntins,
1238 2254 1396 2292 praeerat
1416 2248 1516 2279 codd.

175 2304 193 2335 7
215 2304 265 2334 illi
284 2304 466 2342 sursulus,-
496 2316 543 2336 ιιιι
563 2316 583 2336 α
597 2305 660 2345 bc,
691 2307 775 2336 „noi-
793 2305 864 2344 de,·
893 2304 915 2335 ii
935 2315 969 2334 ll.
1163 2302 1182 2333 9
1202 2305 1396 2333 constratae
1417 2298 1660 2338 1111V1·slnns;

179 2359 398 2387 constructae
419 2356 534 2388 illice
553 2360 598 2397 et,
620 2359 685 2398 qnz'
701 2357 772 2395 illc,
793 2367 813 2387 a
828 2357 845 2387 b
865 2359 919 2396 et,
941 2357 1005 2397 qai
1021 2355 1113 2394 illae,
1135 2354 1169 2385 d.
1355 2352 1606 2394 impedimentis
1625 2361 1659 2382 α.

322 2407 359 2440 11
373 2419 453 2441 usus
467 2418 501 2439 α.
624 2409 663 2442 12
682 2408 848 2450 e=1s]eius
869 2408 900 2440 b.
1022 2405 1189 2439 14Fuflus
1202 2404 1253 2445 (a)
1267 2415 1294 2444 c,
1316 2403 1439 2435 Fusius
1453 2404 1515 2444 (b).

179 2458 218 2491 15
239 2458 386 2491 Calenus
406 2461 457 2501 (ιι)
480 2457 634 2500 (οιηηθέ,
658 2459 811 2492 Ralenus
832 2470 867 2491 u.
1014 2458 1051 2489 16
1072 2456 1246 2499 profectae
1268 2457 1298 2487 b.
1453 2455 1490 2487 17
1513 2454 1661 2496 Corcyre

176 2520 211 2541 a.
348 2512 389 2542 20
410 2511 648 2551 indiligentiae
669 2512 744 2544 cod.
766 2510 903 2549 Γνςίηῐ,
927 2509 1124 2549 diligentiae
1143 2507 1286 2549 reliqui.
1451 2505 1661 2537 iracundiam

174 2561 349 2601 Faernus,
371 2562 549 2593 iracundia
569 2562 667 2593 codd.
829 2561 866 2593 21
891 2560 1053 2591 interficit
1071 2569 1099 2589 c.
1259 2557 1301 2589 ⁸22
1322 2557 1446 2588 terreri
1465 2557 1527 2596 ab,
1551 2556 1663 2587 deter-

177 2613 245 2645 reri
264 2623 300 2652 c,·
324 2614 501 2645 deterrere
523 2624 554 2644 ιι.
720 2613 762 2646 23
783 2613 924 2645 Sasonis
946 2612 1037 2643 bed.
1218 2610 1258 2641 ad
1281 2609 1417 2641 Oricum
1439 2614 1554 2652 portus
1575 2618 1662 2650 ego,-

177 2664 218 2695 ad
238 2663 330 2696 Orici
350 2670 480 2707 portum
502 2665 616 2705 codd„
638 2665 700 2697 sed
717 2665 830 2696 Corici
850 2664 943 2704 aed,
966 2662 1089 2706 Coryci
1110 2662 1138 2693 b.
1159 2661 1198 2693 P.
1225 2663 1298 2695 159.
1460 2662 1664 2703 littoresque

177 2727 254 2748 cum
275 2726 293 2747 a
311 2726 418 2758 snper
435 2727 472 2748 es
492 2727 525 2748 a.
712 2717 755 2749 24
773 2716 972 2757 disposuitis
991 2718 1074 2746 ante
1095 2724 1186 2746 corr.
1207 2724 1241 2745 α.
1426 2714 1468 2747 25
1488 2713 1606 2756 hyeme
1625 2722 1658 2744 a.

322 2770 494 2802 excubans
514 2780 534 2802 a
551 2770 776 2808 ‘Jnez'onnzes,
797 2769 1051 2802 siVossz'anztm
1066 2766 1252 2810 eaecipias'5
1276 2767 1516 2800 excubabatn.

175 2822 216 2855 26
237 2833 278 2854 ne
298 2822 386 2865 quod
406 2821 692 2864 Oudendorpz'us,
714 2831 821 2863 neque
842 2820 942 2852 codd.
1153 2819 1348 2862 expectanti
1368 2818 1509 2850 Caesari
1528 2819 1560 2850 in
1581 2828 1656 2860 ego,

175 2879 379 2915 exspectans
399 2874 426 2904 si
445 2873 478 2905 iu
498 2873 658 2904 Caesaris
678 2872 778 2904 codd.
800 2872 890 2914 (exp.
912 2874 962 2912 a).
