1835 3240
107 896 144 928 10

104 1234 142 1266 15

104 1571 147 1604 20

104 1911 145 1942 25

613 163 796 206 COMM.
822 161 880 204 VI
902 159 1026 205 CAP.
1054 161 1248 203 14-17.
1655 163 1734 211 391

183 281 308 323 dedita
329 277 601 332 religionibus,
627 285 744 330 atque
767 277 815 317 ob
838 290 923 317 eam
944 288 1120 324 causam,
1144 274 1208 327 qui
1230 280 1321 313 sunt
1342 274 1482 314 adfecti
1505 278 1660 329 granio·
1681 279 1708 319 2

181 349 286 389 ribus
309 346 455 386 morbis
478 345 619 399 quique
640 346 682 385 in
704 345 863 399 proeliis
885 344 1145 398 periculisque
1167 348 1396 391 uersantur,
1421 349 1489 381 aut
1511 357 1578 396 pro
1603 345 1659 385 ui—

179 414 313 455 ctimis
327 413 503 453 homines
524 414 726 454 immolant
748 420 816 453 aut
834 426 877 452 se
898 412 1169 452 immolaturos
1182 416 1328 451 uouent
1341 409 1659 462 administrisque

178 483 223 522 ad
248 496 293 522 ea
317 482 511 522 sacrificia
534 481 734 522 druidibus
759 486 937 530 utuntur,
963 480 1080 532 quod,
1109 493 1178 532 pro
1200 478 1282 518 uita
1304 477 1471 517 hominis
1494 477 1569 516 nisi
1593 479 1659 517 lio—
1682 482 1705 520 3

181 550 296 589 minis
318 550 401 589 uita
422 549 631 598 reddatur,
667 562 745 587 non
776 561 892 601 posse
922 548 1084 587 deorum
1116 545 1394 586 immortalium
1416 558 1560 585 numen
1583 545 1660 598 pla-

178 618 260 657 cari
283 617 550 665 arbitrantur,
583 616 815 670 publiceque
847 615 1020 658 ciusdem
1051 614 1209 666 generis
1232 612 1375 653 habent
1395 612 1573 653 instituta
1598 627 1660 652 sa—

177 686 339 725 crificia.
382 683 464 724 Alii
487 683 631 723 inmani
654 682 923 736 magnitudine
945 681 1157 721 simulacra
1180 681 1347 730 liabent,
1380 694 1543 733 quorum
1569 694 1660 721 con-
1683 681 1704 719 4

179 760 289 793 texta
311 752 519 792 uiminibus
541 750 714 799 membra
737 750 837 790 uiuis
861 749 1080 789 hominibus
1095 748 1311 802 complent3
1338 748 1476 801 quibus
1497 761 1661 788 succen-

176 820 231 860 sis
255 819 515 860 circumuenti
537 819 689 859 flamma
721 819 1000 858 exanimantur
1029 816 1223 858 homines.
1277 813 1476 870 Supplicia
1507 830 1658 866 eorum,
1684 814 1707 855 5

176 889 241 940 qui
273 889 310 927 in
343 889 446 927 furto
479 894 546 927 ant
574 887 616 927 in
644 886 857 926 latrocinio
888 892 955 925 aut
985 884 1114 937 aliqua
1136 883 1259 923 noxia
1280 883 1358 924 sint
1378 884 1658 937 conprehensi,

176 956 353 1008 gratiora
376 955 433 994 dis
454 954 740 995 immortalibus
763 968 851 994 esse
872 953 1142 1002 arbitrantur3
1167 952 1259 1001 sed,
1284 965 1370 991 cum
1393 951 1478 991 eius
1501 951 1660 1005 generis

177 1023 288 1075 copia
311 1022 479 1070 (leFecit,
504 1023 621 1063 etiam
643 1023 690 1062 ad
712 1022 980 1062 innocentium
1004 1020 1195 1074 supplicia
1216 1020 1471 1059 descendunt.
1535 1018 1662 1059 Deum
1687 1018 1737 1061 17

177 1091 348 1130 maxime
369 1089 615 1131 Mercurium
640 1090 796 1130 colunt:
822 1090 936 1130 huius
959 1096 1053 1130 sunt
1075 1087 1240 1142 plurima
1262 1086 1489 1127 simulacra.
1546 1085 1660 1130 Hunc

178 1159 347 1198 omnium
369 1159 617 1199 inuentorem
649 1159 793 1199 artium
815 1160 973 1207 ferunt,
1009 1157 1110 1196 hunc
1142 1156 1294 1196 uiarum
1327 1161 1444 1207 atque
1475 1154 1661 1194 itinerum

175 1227 329 1275 ducem,
353 1227 454 1266 hunc
476 1227 522 1267 ad
546 1234 735 1279 quaestus
758 1226 945 1280 pecuniae
966 1231 1290 1277 mercaturasque
1312 1223 1458 1264 hahere
1481 1223 1559 1261 uim
1582 1236 1662 1261 ma-

176 1294 322 1333 ximam
346 1294 603 1337 arbitrantur.
647 1293 746 1335 Post
768 1295 868 1335 hunc
890 1293 1116 1348 Apollinem
1145 1299 1184 1333 et
1204 1290 1376 1336 Martem
1407 1297 1446 1331 et
1466 1288 1599 1330 Iouem
1624 1295 1663 1328 et
1683 1287 1709 1327 2

175 1360 419 1402 Mineruam.
464 1361 526 1402 De
548 1362 607 1402 his
639 1362 803 1402 eandem
825 1363 932 1411 fere,
968 1375 1083 1414 quam
1111 1360 1288 1412 reliquae
1319 1365 1484 1412 gentes,
1520 1357 1664 1397 habent

179 1429 426 1483 opinionem:
451 1430 675 1483 Apollinem
698 1430 855 1470 morbos
878 1429 1090 1482 depellere,
1113 1427 1338 1468 Mineruam
1361 1439 1522 1480 operum
1548 1432 1663 1477 atque

179 1497 434 1537 artificiorum
466 1497 791 1548 initiatradere,
825 1496 959 1537 Iouem
1000 1495 1206 1549 imperium
1248 1494 1478 1535 caelestium
1510 1499 1661 1542 tenere,

178 1562 349 1605 Martem
371 1565 473 1606 bella
495 1580 648 1618 regere.
712 1565 811 1605 Huic
827 1596 837 1613 ,
862 1579 949 1605 cum
971 1564 1119 1618 proelio
1142 1563 1328 1604 dimicare
1351 1561 1658 1610 constituerunt,
1687 1559 1710 1599 3

179 1645 239 1681 ea,
266 1646 363 1684 quae
385 1633 486 1673 bello
511 1634 700 1687 ceperint,
726 1634 955 1687 plerumque
979 1632 1199 1672 deuouent:
1226 1645 1338 1684 quom
1354 1635 1661 1683 superauerunt,

179 1700 358 1740 animalia
385 1708 497 1754 capta
518 1700 721 1741 immolant
742 1701 992 1753 reliquasque
1013 1713 1078 1740 res
1100 1700 1139 1739 in
1154 1713 1275 1739 unum
1297 1699 1424 1738 locum
1438 1698 1663 1737 conserunt.

178 1766 317 1809 Multis
339 1769 381 1808 in
403 1768 629 1810 ciuitatibus
654 1770 788 1809 harum
810 1782 942 1815 rerum
966 1774 1194 1809 exstructos
1216 1766 1384 1806 tumulos
1406 1765 1504 1806 locis
1527 1779 1664 1805 conse·
1687 1765 1714 1804 4

180 1837 297 1876 cratis
320 1837 539 1890 conspicari
563 1838 678 1888 licet,
705 1850 831 1890 neque
853 1850 970 1890 saepe
993 1836 1157 1886 accidit,
1190 1842 1234 1875 ut
1264 1834 1444 1889 neglecta
1475 1833 1664 1887 quispiam
1689 1833 1712 1873 5

178 1904 370 1958 religione
399 1912 466 1945 aut
494 1914 605 1959 capta
636 1906 736 1959 apud
767 1919 811 1945 se
842 1906 1045 1945 occultare
1075 1911 1144 1945 aut
1174 1904 1301 1958 posita
1324 1902 1463 1943 tollere
1485 1902 1663 1950 auderet,

181 1972 533 2027 grauissimumque
564 1974 599 2014 ei
632 1974 692 2015 rei
722 1973 953 2027 supplicium
984 1987 1071 2013 cum
1103 1972 1279 2013 cruciatu
1308 1970 1565 2011 constitutum
1587 1977 1662 2010 cst.

326 2095 338 2125 1
362 2094 489 2126 adfecti
509 2096 551 2127 B.
737 2096 757 2127 4
776 2096 841 2127 nisi
860 2106 876 2126 e
895 2095 1097 2134 Az‘moc'nus,
1121 2104 1184 2125 non
1205 2093 1268 2125 nisi
1289 2092 1362 2124 ΑΒ
1377 2092 1448 2124 CD
1462 2091 1479 2122 b
1493 2102 1522 2121 e.

180 2144 321 2176 hominis
340 2145 412 2176 uita
430 2147 506 2186 Ae,
529 2146 600 2177 uita
618 2146 763 2177 hominis
782 2147 918 2188 reliqui
933 2146 1137 2177 Aimoz'nzls.
1310 2144 1327 2174 5
1348 2153 1413 2174 non
1432 2152 1533 2183 posse
1554 2141 1583 2171 B
1604 2146 1668 2171 ‘rc-

181 2196 285 2237 lz'qnc’
304 2197 512 2239 At‘moinus,
536 2209 599 2230 non
621 2209 721 2241 posse
741 2199 845 2230 aliter
864 2200 937 2230 ὗσε
956 2202 991 2230 et
1007 2209 1053 2229 m.
1073 2208 1141 2229 see.
1162 2198 1205 2229 A.
1386 2194 1404 2228 7
1424 2194 1482 2225 alii
1502 2194 1669 2233 magnitu-

181 2247 257 2279 dine
277 2249 415 2280 limnani
436 2250 453 2281 b
473 2253 527 2289 et,
549 2252 613 2291 qui
629 2250 779 2290 humani,
799 2261 816 2281 c
835 2250 979 2291 (inmani
997 2249 1056 2286 B).
1258 2246 1384 2278 habent
1403 2256 1471 2277 om.
1494 2256 1523 2276 c.

181 2299 199 2331 9
219 2301 458 2332 examinantur
475 2301 517 2332 B.
662 2301 701 2333 10
721 2306 780 2333 aut
799 2301 831 2332 in
851 2301 1033 2333 latrocinio
1052 2300 1084 2334 :l
1096 2299 1155 2339 (B)
1168 2299 1237 2330 CI)
1256 2299 1465 2337 Αίιηοιήιιε,
1486 2302 1544 2329 aut
1563 2297 1667 2328 latro-

181 2351 268 2382 vinio
288 2363 317 2383 e.
458 2353 559 2385 noxia
576 2354 609 2385 A
622 2364 658 2394 c,
680 2364 767 2385 noxa
782 2353 845 2395 (B)
858 2364 873 2384 c
891 2352 1235 2394 relz'qm'Atmoinus.
1377 2350 1667 2383 suutAimoe'uas.

323 2404 549 2445 conprehensi
567 2404 610 2436 B.
786 2404 821 2436 ll
845 2404 895 2435 dis
915 2403 1051 2443 ΑΕΒ,
1074 2412 1143 2433 non
1162 2401 1243 2432 diis.
1431 2401 1669 2436 12de1'ecitB

188 2452 279 2484 ‘ms-s.
300 2454 344 2493 δ’,
366 2456 481 2487 deficit
500 2457 547 2496 (c)
569 2457 757 2488 Az'moinus
775 2466 808 2486 u.
982 2454 1229 2487 ‘innocentium
1247 2453 1291 2485 D’
1311 2453 1420 2494 (pulo
1441 2454 1663 2495 nocentium).

325 2506 364 2538 13
383 2508 481 2549 plura
497 2509 541 2540 A.
686 2508 724 2540 19
744 2508 878 2539 initium
892 2508 936 2539 A.
1078 2507 1229 2538 caeleste
1240 2506 1431 2538 Acmoinus
1450 2506 1664 2546 (coelestium

182 2556 271 2596 (B))·
421 2561 460 2593 21
483 2561 635 2602 ceperint
653 2561 683 2591 B
701 2562 744 2600 (is
764 2559 956 2602 coeperint)
979 2561 1062 2591 ‘mei
1077 2558 1208 2591 omnes’
1226 2559 1431 2599 Aimoinus,
1451 2565 1616 2601 ceperunt
1635 2571 1663 2589 e.

327 2619 424 2649 quom
443 2615 693 2652 superauerunt
714 2609 900 2650 Clarlfe'us,
922 2620 1009 2652 qnae
1028 2610 1269 2652 superaueriut
1288 2609 1388 2640 codd.
1409 2612 1447 2640 et
1461 2609 1662 2641 Ac'moltms.

326 2659 368 2691 22
387 2661 602 2704 reliquasque
622 2672 678 2693 res
696 2662 726 2693 B
746 2662 888 2694 ‘ceteri’
906 2661 1115 2701 Aimoz'nus,
1137 2659 1288 2701 reliquas
1309 2670 1363 2691 res
1384 2659 1476 2691 bod.

184 2708 225 2739 23
246 2709 432 2742 instructos
450 2712 493 2742 D.
635 2712 848 2744 consecratis
868 2711 953 2743 locis
974 2713 1004 2743 b.
1155 2711 1199 2745 24
1219 2720 1361 2753 namque
1381 2720 1483 2752 saepe
1503 2710 1589 2741 sicut
1610 2719 1665 2739 ac-

185 2759 267 2790 cidit
288 2760 317 2790 b.
485 2761 527 2795 25
546 2762 719 2802 relegione
737 2763 783 2795 A.
969 2762 1058 2804 apud
1077 2772 1112 2794 se
1132 2772 1201 2794 om.
1222 2772 1252 2793 e.
1408 2761 1472 2791 aud
1493 2760 1601 2801 posita
1619 2759 1661 2789 B.

325 2811 366 2844 26
386 2812 689 2855 grauissimumque
708 2814 753 2849 ibi
773 2814 975 2857 supplicium
994 2814 1086 2856 (mel
1102 2814 1213 2857 suppl.
1233 2814 1306 2855 ibi’)
1327 2814 1443 2845 borum
1464 2812 1663 2845 delictorum

184 2870 257 2892 vum
278 2861 433 2893 cruciatu
451 2872 472 2894 a
486 2863 502 2893 b
516 2863 538 2894 d
549 2874 577 2895 e.
