1835 3240
765 181 1189 223 ——178—

241 295 408 348 (39‚1)‚
432 295 602 348 itemque
614 293 722 335 Lissi
745 295 980 348 praesidium
1003 302 1089 335 erat
1118 292 1210 343 (40,
1235 293 1304 348 6).
1341 294 1412 335 llic
1441 310 1558 336 unam
1581 296 1717 336 cobor-

241 372 319 405 tem
342 364 464 405 fuisse
487 370 592 404 certo
614 363 704 403 inde
726 363 909 402 conicere
931 362 1047 410 licet,
1073 362 1190 415 quod,
1216 376 1303 402 cum
1317 359 1468 404 Caesar
1488 364 1527 403 in
1549 363 1720 403 Thessa—

240 433 330 473 liam
354 431 587 480 discederet,
612 430 662 470 ibi
681 444 755 470 una
780 430 921 469 cohors
942 429 1080 469 relicta
1104 429 1246 469 dicitur
1267 429 1387 480 c.78,
1413 430 1452 470 5.
1488 429 1597 472 Orici
1617 432 1718 471 enim

239 512 391 553 quoque
413 506 495 539 tres
517 498 700 538 cohortes
714 528 724 547 ‚
760 511 856 550 quas
878 496 930 536 ibi
954 497 1074 537 fuisse
1095 497 1263 537 uidimus
1279 527 1289 546 ‚
1323 497 1416 537 ibid.
1441 498 1601 538 relictas
1623 500 1720 538 scri-

237 570 294 610 bit
315 583 439 622 neque
461 573 629 621 poterat,
655 579 739 605 cum
763 563 1012 619 Dyrrhachio
1034 564 1283 618 Apolloniam
1307 572 1345 604 et
1366 565 1456 605 inde
1475 579 1543 618 per
1554 564 1717 618 Epirum

240 645 280 678 et
299 634 574 677 Athamaniam
606 634 646 673 in
669 632 917 673 Thessaliam
947 632 1279 686 proficisceretur,
1314 646 1428 685 quam
1461 633 1508 672 ad
1540 632 1718 686 oppidum

240 703 440 758 Gomphos
474 702 679 754 ingressus
710 707 772 740 est.
802 698 890 749 (75,
921 699 956 739 1.
989 698 1059 748 78,
1091 699 1125 739 l.
1158 699 1198 740 5.
1232 699 1302 749 79,
1326 699 1367 739 2.
1402 699 1442 739 7.
1467 698 1536 746 80,
1566 700 1623 752 1),
1647 700 1720 739 hoc

237 773 378 813 itinere
402 769 557 810 Lissum
581 767 703 808 adire.
751 766 858 807 Nam
890 767 990 820 qnod
1022 764 1237 807 Caesarem
1261 781 1330 821 per
1350 766 1511 820 Epirum
1536 774 1575 806 et
1595 766 1720 806 Atha-

237 839 408 879 maniam
429 836 646 889 profectum
670 835 769 885 dixi,
795 849 879 875 cum
902 834 972 884 78,
1007 833 1031 873 5
1053 834 1093 874 in
1116 835 1229 875 codd.
1254 835 1408 887 legatur
1442 838 1526 887 ‘per
1556 832 1719 886 Epirum

239 903 557 948 etAcarnaniam
572 903 647 943 iter
660 904 789 943 facere
801 902 956 956 coepit',
982 910 1089 942 recte
1104 901 1376 942 Drumannum
1400 903 1492 943 hist.
1507 903 1624 943 Rom.
1643 902 1717 951 ΙΙΙ,

237 973 316 1015 501
342 971 538 1027 posterius
562 984 704 1010 nomen
727 970 957 1010 emendasse
979 970 1062 1023 ipse
1085 971 1259 1010 locorum
1292 970 1392 1010 situs
1425 972 1552 1011 docet.
1597 970 1721 1011 Prae—

238 1050 346 1082 terea
376 1053 425 1079 ne
456 1037 706 1091 Apolloniam
738 1038 889 1090 quidem
922 1038 1008 1077 sine
1039 1036 1232 1091 praesidio
1265 1038 1385 1078 fuisse
1417 1038 1603 1079 credibile
1642 1046 1717 1078 cst.

238 1108 365 1162 Quam
399 1122 482 1148 rem
513 1107 545 1147 si
577 1106 663 1159 quis
692 1105 779 1145 ideo
810 1119 957 1159 negare
980 1105 1122 1154 uellet,
1156 1106 1255 1157 quod
1279 1102 1433 1146 Caesar
1453 1105 1523 1154 78,
1556 1106 1577 1145 1
1602 1107 1674 1146 sibi
1699 1120 1718 1145 a

235 1176 486 1233 Dyrrhachio
509 1173 725 1214 discedenti
748 1186 910 1213 necesse
934 1173 1053 1213 fuisse
1074 1173 1211 1213 scribit
1232 1173 1277 1212 ad
1302 1173 1537 1226 praesidium
1559 1173 1720 1213 urbibus

235 1243 532 1298 relinquendum
555 1242 664 1282 adire
676 1241 923 1294 Apolloniam
947 1247 986 1280 et
1007 1241 1041 1293 ξ.
1065 1239 1089 1279 5
1112 1241 1237 1279 eiusd.
1263 1254 1298 1279 c.
1323 1254 1366 1280 se
1390 1241 1584 1293 praesidio
1599 1240 1719 1293 Apol-

235 1314 363 1355 loniae
387 1311 571 1351 cohortes
594 1316 793 1362 quattuor,
827 1306 935 1349 Orici
959 1315 1062 1356 tres,
1094 1306 1203 1347 Lissi
1226 1322 1341 1347 unam
1364 1307 1585 1360 reliquisse,
1611 1305 1720 1347 Orici

235 1380 392 1422 etLissi
414 1380 450 1419 id
475 1377 710 1432 praesidium
732 1377 808 1416 iam
833 1376 954 1415 fuisse
976 1375 1161 1424 uidimus,
1187 1388 1312 1427 neque
1334 1375 1537 1427 quicquam
1552 1382 1625 1422 est,
1652 1389 1722 1415 cur

232 1450 282 1499 is,
308 1447 372 1502 qui
395 1461 448 1487 ex
469 1445 596 1501 aliqua
620 1444 783 1497 regione
807 1444 983 1490 discedit,
1018 1444 1145 1483 minus
1167 1449 1274 1482 recte
1297 1455 1380 1491 θος,
1416 1443 1481 1495 qui
1512 1443 1551 1483 in
1585 1457 1630 1483 ea
1659 1456 1721 1484 re-

236 1517 352 1571 gione
375 1521 491 1563 sunt,
517 1527 631 1566 quam
653 1526 745 1559 eos,
781 1525 876 1564 quos
899 1511 952 1552 ibi
975 1511 1098 1565 ponit,
1123 1510 1346 1562 relinquere
1370 1510 1536 1550 dicatur.
1571 1508 1720 1563 Quam—

234 1585 366 1625 obrem
400 1580 552 1623 Caesar
573 1580 824 1634 Apolloniam
854 1579 942 1618 ideo
973 1579 1104 1618 adisse
1138 1578 1424 1617 existimandus
1448 1584 1521 1626 est,
1548 1585 1588 1617 ut
1609 1592 1719 1631 prae-

232 1652 359 1701 sidiis‚
385 1663 484 1703 quae
506 1648 786 1693 collocauerat‚
814 1646 996 1686 mandata
1018 1646 1064 1684 de
1086 1645 1240 1685 tuendis
1263 1645 1409 1698 oppidis
1434 1644 1570 1693 daret,
1597 1652 1636 1684 et
1657 1646 1719 1685 uel

231 1719 404 1759 maxime
436 1715 635 1770 probabile
668 1715 821 1754 uidetur
850 1712 1082 1766 Apolloniae
1114 1725 1269 1767 quoque
1311 1718 1494 1763 quattuor
1532 1712 1717 1751 cohortes

231 1787 308 1827 iam
329 1793 409 1826 tum
431 1784 470 1824 in
492 1783 687 1837 praesidio
712 1781 847 1827 fuisse,
873 1794 960 1819 cum
984 1778 1136 1819 Caesar
1153 1777 1633 1833 DyrrliachiiPompeium
1651 1779 1718 1818 ob-

232 1855 395 1895 sideret..
430 1849 590 1891 Summa
603 1849 722 1903 igitur
732 1848 946 1901 copiarum,
964 1861 1064 1899 quae
1078 1847 1150 1886 hoc
1163 1854 1339 1900 tempore
1352 1847 1534 1892 aberant,
1554 1861 1640 1886 cum
1653 1861 1717 1886 co-

233 1923 368 1962 hortes
391 1919 648 1973 quadraginta
672 1924 754 1956 tres
779 1916 939 1964 suerint,
965 1915 1147 1954 cohortes
1163 1915 1444 1968 quinquaginta
1456 1921 1603 1968 septem
1617 1915 1717 1968 apud

231 1986 444 2030 Caesarem
476 1987 698 2026 adfuerunt.
748 1981 885 2036 Itaque
918 1996 965 2022 eo
996 1982 1108 2031 loco,
1142 1996 1254 2035 quem
1277 1996 1394 2036 supra
1418 1982 1553 2036 posui,
1588 1983 1717 2035 plures

231 2071 346 2110 quam
379 2055 541 2108 triginta
572 2053 740 2106 quinque
773 2050 957 2091 cohortes
998 2063 1021 2089 a
1052 2047 1229 2090 Caesare
1261 2057 1586 2089 commemoratas
1629 2062 1717 2090 esse

231 2132 380 2165 certum
422 2129 498 2163 est.
550 2120 693 2161 Vtrum
733 2125 861 2159 autem
900 2131 1032 2158 earum
1064 2124 1212 2157 tantum
1253 2117 1470 2156 cohortium
1513 2131 1715 2167 numerus,

230 2206 327 2247 quae
350 2192 388 2231 in
411 2189 552 2231 castris
575 2188 737 2228 relictae
758 2192 873 2235 sunt,
906 2192 1113 2238 corruptus
1135 2185 1202 2233 sit,
1234 2197 1283 2224 an
1306 2183 1406 2224 alter
1428 2197 1580 2237 quoque
1602 2185 1717 2223 trium

230 2269 270 2302 et
310 2259 474 2312 triginta
489 2289 499 2307 ,
544 2270 643 2310 quae
683 2269 768 2295 cum
801 2252 976 2295 Caesare
1017 2254 1217 2307 profectae
1260 2251 1464 2302 dicuntur,
1510 2251 1713 2291 diiudicari

228 2328 379 2382 nequit.

342 2393 441 2442 Res,
476 2405 574 2446 quae
606 2406 640 2430 c.
666 2391 719 2431 67
743 2398 781 2430 et
812 2404 894 2443 sqq.
926 2395 1164 2436 narrantur,
1198 2388 1269 2427 hoc
1302 2387 1415 2426 modo
1446 2393 1582 2439 gestae
1605 2394 1710 2426 sunt.

231 2461 376 2504 Castra
395 2461 545 2500 minora
560 2491 570 2509 ‚
602 2473 678 2512 quo
700 2459 803 2512 legio
825 2457 1003 2510 Pompeii
1026 2457 1140 2496 ducta
1163 2461 1262 2504 erat,
1288 2455 1335 2494 ad
1359 2468 1470 2507 quam
1495 2454 1714 2507 opprimen-

230 2532 316 2571 dam
339 2527 493 2569 Caesar
515 2527 859 2579 proficiscebatur,
894 2525 1087 2578 duplicem
1119 2522 1312 2563 habebant
1340 2521 1596 2561 munitionem
1618 2523 1714 2560 alte-

228 2612 312 2639 ram
341 2596 455 2637 alteri
488 2595 701 2641 inclusam,
733 2594 787 2634 ita
819 2600 862 2632 ut
883 2591 1049 2632 interior
1070 2590 1219 2630 castelli
1243 2589 1441 2629 obtineret
1463 2589 1604 2629 locum.
1653 2587 1712 2627 Ab

229 2665 371 2719 angulo
394 2670 522 2704 autem
545 2669 763 2702 castrorum
786 2661 949 2702 sinistro
980 2658 1144 2698 munitio
1177 2664 1262 2697 erat
1283 2658 1329 2696 ad
1354 2656 1495 2697 flumen
1526 2656 1713 2709 perducta

230 2746 411 2788 passuum
436 2730 596 2770 circiter
617 2726 763 2769 CCCC
788 2732 852 2780 (c.
877 2725 976 2779 66).
1020 2724 1156 2778 Itaque
1185 2738 1270 2763 cum
1294 2721 1446 2764 Caesar
1468 2722 1607 2776 duplici
1630 2722 1715 2762 acie

232 2802 278 2842 ad
301 2807 432 2841 castra
454 2798 706 2847 accessisset,
734 2797 804 2836 hoc
828 2802 889 2834 est
910 2794 994 2833 acie
1014 2793 1055 2832 in
1088 2793 1162 2831 duo
1195 2804 1341 2831 cornua
1365 2791 1514 2837 diuisa,
1550 2789 1711 2829 sinistro

231 2883 368 2918 cornu,
393 2866 460 2907 ubi
482 2873 568 2906 erat
588 2866 688 2920 ipse,
714 2863 907 2917 legionem
930 2860 1210 2914 Pompeianam
1241 2859 1426 2899 celeriter
1447 2871 1498 2898 ex
1524 2857 1625 2897 uallo
1648 2856 1712 2894 de-
