1835 3240
71 200 156 242 788
623 198 803 241 HIRTII
828 197 1149 240 EPISTOLAE

149 327 237 364 nor,
262 326 305 353 se
326 313 365 353 in
388 312 573 354 Alsiense
596 320 818 361 uenturum,
844 312 1088 364 scripserunt
1108 311 1153 350 ad
1178 324 1262 350 eum
1286 312 1369 359 sui,
1393 324 1442 351 ne
1464 312 1499 351 id
1526 312 1627 351 sace-

147 388 233 430 ret3
267 381 410 421 multos
442 382 478 422 ei
500 381 686 421 molestos
709 380 793 420 fore
814 380 1014 434 ipsumque
1036 377 1191 428 multis,
1217 375 1356 418 Ostiae
1377 379 1500 420 uideri
1523 394 1626 419 com-

149 448 301 489 modius
323 462 409 489 eum
432 449 544 489 exire
566 461 694 501 posse.
733 445 777 487 Id
799 461 872 502 ego
893 460 971 486 non
992 445 1265 499 intellegebam
1288 446 1380 498 quid
1400 447 1624 488 interesset.

150 513 230 557 Sed
259 524 389 557 tamen
412 516 565 556 Hirtius
596 514 688 554 mihi
718 514 821 554 dixit
848 520 887 554 et
908 527 950 553 se
972 514 1018 553 ad
1041 528 1127 554 eum
1150 520 1189 553 et
1209 511 1374 554 Balbum
1398 520 1437 553 et
1459 511 1627 567 Oppium

148 584 369 638 scripsisse,
395 591 437 624 ut
456 583 509 623 ita
533 584 694 622 faceret.
1686 590 1704 620 5

756 664 804 688 Ao
834 662 1017 688 ΛττιονΜ.

259 722 316 770 (α.
341 718 410 766 45)
437 715 523 758 Cic.
547 717 603 758 acl
621 718 714 758 Att.
737 715 852 765 XII,
878 715 954 766 44,
981 714 1027 756 1:
1065 714 1121 756 Et
1142 715 1312 756 Hirtium
1345 715 1489 769 aliquid
1520 717 1566 756 ad
1591 723 1628 756 te

146 785 401 841 συμπαθῶς
429 785 474 825 de
497 798 557 824 me
579 785 786 838 scripsisse
809 783 926 823 facile
948 783 1073 836 patior
1095 784 1207 838 (feeit
1229 783 1330 824 enim
1354 783 1564 833 humane),
1591 791 1630 824 et

145 861 185 894 te
208 853 292 894 eius
314 852 518 907 epistolam
540 853 587 893 ad
609 866 670 892 me
693 866 771 892 non
793 851 962 901 misisse,
980 852 1100 891 multo
1125 851 1300 892 facilius:
1325 858 1365 891 tu
1387 851 1487 891 enim
1512 851 1629 891 etiam

146 920 370 961 humanius.
1664 924 1704 957 10

709 1002 757 1027 AD
779 1002 821 1027 M.
847 1001 1063 1028 ΑΝΤοΝινΜ.

259 1057 318 1107 (a.
334 1054 408 1107 43)
424 1053 584 1095 Antan.
600 1070 663 1110 ey).
680 1055 736 1096 ad
750 1054 865 1094 Hz‘rt.
886 1061 925 1094 et
944 1054 1159 1095 Octauiam
1177 1069 1243 1108 (lp-
1265 1053 1351 1094 Cic.
1368 1053 1478 1094 Phil.
1493 1053 1625 1099 XIII,

147 1123 225 1173 17,
249 1121 328 1163 34:
362 1121 533 1177 Negatis
556 1137 689 1177 pacem
711 1136 827 1176 posse
848 1122 934 1162 fieri
952 1153 962 1170 ,
997 1122 1070 1162 nisi
1094 1130 1161 1163 aut
1182 1122 1351 1162 emisero
1374 1120 1538 1161 Brutum
1561 1128 1630 1162 aut

146 1193 344 1231 frumento
375 1191 527 1231 iuuero.
562 1189 672 1244 §362
708 1187 956 1230 Concordiae
988 1191 1128 1231 factam
1161 1204 1249 1230 esse
1271 1190 1509 1229 mentionem
1531 1189 1629 1229 scri-

146 1259 239 1300 bitis
261 1260 302 1299 in
323 1265 463 1300 senatu
485 1266 525 1299 et
545 1259 698 1312 legatos
720 1271 808 1297 esse
830 1258 1059 1298 consulares
1082 1257 1264 1310 quinque.
1666 1264 1704 1296 15

749 1340 798 1366 AD
821 1339 1018 1366 SENATVM.

806 1397 863 1442 (α.
885 1392 977 1443 43.)

201 1465 236 1496 ῑὲ·
261 1461 347 1503 Cic.
372 1459 483 1501 Phil.
511 1459 650 1507 VIII,
674 1459 725 1510 2,
750 1459 797 1500 6:
832 1458 923 1500 Nec
954 1460 1017 1500 illa
1049 1460 1205 1500 hostilia
1234 1460 1356 1500 uerba
1377 1473 1450 1499 nec
1472 1459 1627 1509 bellica,

145 1543 244 1583 quae
265 1529 380 1583 paulo
402 1536 493 1569 ante
515 1542 567 1569 ex
587 1528 761 1582 collegae
783 1528 924 1568 litteris
946 1527 1081 1569 Pansa
1102 1528 1309 1569 recitauit:
1343 1526 1495 1568 ‘Deieci
1518 1541 1629 1581 prae—

146 1597 303 1647 sidium,
321 1594 510 1637 Claterna
532 1596 676 1651 potitus
699 1609 810 1646 sum,
827 1596 949 1649 fugati
970 1595 1136 1649 equites,
1153 1595 1342 1650 proelium
1362 1596 1627 1645 commissum,
1659 1602 1701 1636 20

146 1665 267 1705 occisi
288 1665 463 1718 aliquot'.

261 1732 349 1773 Cic.
374 1733 484 1773 Plzz‘l.
509 1731 638 1783 XIV,
660 1733 703 1781 2,
722 1731 773 1773 6:
806 1732 869 1773 Ad
889 1732 1043 1773 litteras
1065 1731 1237 1782 ueniam,
1260 1744 1359 1787 quae
1381 1738 1472 1771 sunt
1493 1745 1516 1771 a
1536 1744 1628 1771 con-

145 1799 294 1841 sulibus
317 1807 356 1840 et
376 1814 398 1840 a
421 1807 673 1854 propraetore
696 1801 853 1840 missae.
881 1799 902 1838 1
921 1831 931 1849 ,
957 1798 977 1838 1
996 1816 1005 1838 ε
1039 1798 1107 1838 Ex
1128 1798 1292 1849 litteris,
1318 1812 1417 1851 quae
1438 1799 1628 1839 recitatae

145 1875 251 1916 sunt,
276 1874 406 1921 patres
430 1869 665 1921 conscripti,
690 1868 1083 1909 sceleratissimorum
1106 1867 1274 1907 hostium
1298 1866 1517 1906 exercitum
1540 1879 1628 1906 cae-

144 1950 230 1977 sum
254 1936 457 1988 fusumque
479 1937 661 1988 cognoui.
689 1936 757 1986 10,
780 1935 859 1977 28:
894 1935 970 1975 Hic
992 1935 1222 1975 adolescens
1245 1934 1407 1974 maximi
1429 1933 1564 1977 animi,
1588 1939 1631 1972 ut
1660 1938 1702 1972 25

144 2002 353 2045 uerissime
375 2003 514 2043 scribit
534 2002 705 2053 Hirtius,
731 2011 862 2044 castra
884 2004 1093 2043 multarum
1116 2002 1312 2056 legionum
1335 2001 1468 2055 paucis
1491 2000 1629 2040 cohor-

144 2071 247 2112 tibus
280 2077 428 2111 tutatus
461 2077 520 2111 est
541 2072 831 2125 secundumque
852 2071 1040 2126 proelium
1063 2071 1170 2111 fecit.
1194 2068 1246 2118 8,
1269 2068 1347 2110 24:
1381 2069 1462 2109 Aut
1485 2067 1627 2121 suppli-

145 2139 248 2181 catio
271 2138 318 2179 ob
340 2138 618 2193 rempublicam
641 2139 900 2193 pulcherrime
923 2146 1075 2193 gestam
1092 2138 1378 2192 postulantibus
1395 2136 1539 2177 nostris
1558 2134 1626 2173 im-

144 2207 391 2262 peratoribus
410 2207 638 2260 deneganda
655 2215 730 2257 est,
748 2214 814 2248 aut
828 2206 1110 2261 supplicatione
1127 2205 1371 2248 decernenda
1388 2204 1519 2244 hostes
1538 2214 1620 2248 eos,

145 2275 192 2315 de
215 2274 354 2328 quibus
377 2274 604 2324 decernitis,
627 2274 810 2316 iudicetis
833 2289 997 2317 necesse
1019 2281 1093 2315 est.
1657 2272 1698 2304 30

287 2389 308 2421 2
320 2387 432 2430 optiae
452 2387 645 2421 Mediceus.
786 2390 806 2422 8
819 2388 1017 2432 scripsisse]
1038 2389 1079 2421 de
1096 2390 1210 2420 morte
1232 2385 1382 2418 Tulliae.
1522 2386 1556 2411 et
1574 2378 1624 2421 te]

145 2449 224 2471 ecce
244 2442 328 2470 ante
346 2447 438 2470 corr.
457 2437 649 2471 Mediceus.
790 2440 833 2474 22
846 2440 1045 2472 consulibus
1059 2440 1262 2478 Ferrarius,
1282 2434 1420 2467 consule
1441 2431 1540 2464 codd.
1566 2432 1624 2474 (f.

149 2491 295 2531 c.8,22.
435 2490 478 2524 24
489 2489 600 2522 fusum
612 2491 1015 2534 caesumqueNoniusp.
1030 2490 1153 2524 312M.
1286 2486 1327 2518 25
1341 2485 1394 2517 hic
1406 2481 1624 2523 adolescens]

154 2542 385 2574 Octauianus.
527 2540 570 2574 28
589 2541 718 2573 nostris
737 2541 854 2583 codd„
873 2542 1001 2574 uestris
1020 2541 1074 2573 ed.
1097 2537 1234 2572 Orellc'i.
