1835 3240
117 170 199 213 684
711 174 882 216 BELLI
912 173 1159 217 AFRICAE

197 297 288 325 num
303 298 401 338 quae
423 285 553 327 fossae
575 294 643 327 aut
662 288 828 327 insidiae
849 287 1066 340 elephantis
1088 294 1179 328 ante
1201 295 1332 330 castra
1349 297 1561 345 portasque
1584 290 1675 331 ualli

197 353 323 393 factae
345 360 494 404 essent,
518 354 708 406 simulque
731 354 897 394 consilia
918 362 1053 395 uestra
1069 362 1205 396 contra
1227 357 1383 397 easdem
1405 358 1550 398 bestias
1568 373 1672 398 com-

196 421 514 474 parationemque
545 434 697 474 pugnae
729 435 1059 474 cognosceremus
1091 429 1206 475 atque
1237 423 1285 463 iis
1326 425 1671 466 renuntiaremus'.

151 485 179 528 6
201 485 279 540 Qui
310 488 516 529 collaudati
540 501 562 527 a
585 485 760 528 Caesare
781 489 1054 542 stipendioque
1076 490 1207 530 donati
1231 490 1277 529 ad
1299 492 1470 544 reliquos
1493 494 1674 546 perfugas

196 555 454 596 deducuntur.
519 552 697 606 Quorum
729 556 943 596 orationem
977 557 1162 598 celeriter
1194 559 1342 599 ueritas
1375 559 1667 612 comprobauit:

196 636 365 678 namque
394 629 550 675 postero
583 622 642 662 die
674 636 727 662 ex
749 623 968 676 legionibus
991 625 1051 667 his
1066 656 1077 675 ‚
1111 640 1205 678 quas
1229 624 1386 666 Gaetuli
1408 626 1674 678 nominarunt,

194 690 337 729 milites
358 689 566 742 legionarii
597 690 816 744 complures
838 691 885 731 ab
909 689 1093 745 Scipione
1123 693 1163 733 iu
1187 700 1316 734 castra
1339 690 1526 734 Caesaris
1548 696 1676 747 perfu-

119 756 175 801 36
196 763 354 811 gerunt.
416 755 521 796 Dum
543 757 637 797 haec
659 758 705 797 ad
727 757 946 812 Ruspinam
969 767 1177 814 geruntur,
1211 759 1270 801 Μ.
1297 758 1414 812 Cato,
1449 762 1515 814 qui
1536 761 1677 803 Vticae

194 831 391 879 praeerat,
426 824 598 864 delectus
622 825 762 865 cotidie
784 825 1073 878 libertinorum,
1101 828 1308 878 Afrorum,
1341 843 1549 869 seruorum
1570 829 1677 869 deni·

193 906 267 945 que
299 898 337 932 et
358 892 650 945 cuiusquemodi
672 894 830 944 generis
853 894 1048 934 hominum
1065 925 1075 944 ,
1111 895 1175 950 qui
1197 896 1310 936 modo
1332 910 1403 950 per
1423 903 1592 937 aetatem
1615 910 1678 936 ar-

192 973 256 999 ma
286 960 392 1001 ferre
424 967 631 1014 poterant,
666 960 810 1002 habere
841 969 957 1015 atque
989 963 1059 1002 sub
1090 976 1246 1003 manum
1277 961 1453 1017 Scipioni
1483 964 1525 1004 in
1546 971 1676 1005 castra

143 1026 171 1067 2
192 1028 436 1068 summittere
468 1041 547 1068 non
576 1028 816 1069 intermittit.
877 1028 1020 1084 Legati
1051 1030 1208 1070 interim
1241 1044 1294 1071 ex
1323 1032 1462 1086 oppido
1483 1031 1671 1082 Thisdra,

192 1095 233 1135 in
256 1109 331 1148 quo
354 1095 473 1135 tritici
495 1096 663 1135 modium
686 1096 792 1137 milia
815 1103 895 1137 CCC
919 1105 1161 1151 comportata
1184 1100 1340 1139 fuerant
1368 1113 1389 1139 a
1419 1099 1675 1154 negotiatori-

189 1162 263 1203 bus
284 1161 434 1203 Italicis
456 1163 773 1217 aratoribusque‚
807 1166 855 1204 ad
878 1162 1093 1206 Caesarem
1127 1178 1288 1215 uenere,
1316 1174 1538 1220 quantaque
1561 1167 1674 1220 copia

194 1230 378 1270 frumenti
400 1231 499 1283 apud
521 1244 565 1270 se
585 1231 653 1280 sit,
688 1232 853 1281 docent,
888 1233 1078 1285 simulque
1101 1239 1231 1282 orant,
1264 1240 1305 1272 ut
1334 1233 1410 1274 sihi
1441 1235 1676 1287 praesidium

190 1297 332 1347 mittat,
367 1312 442 1350 quo
474 1298 628 1338 facilius
661 1305 700 1338 et
731 1299 969 1340 frumentum
1001 1308 1040 1340 et
1071 1301 1206 1355 copiae
1242 1314 1337 1341 suae
1369 1309 1673 1342 conseruentur.

144 1363 168 1405 3
191 1362 343 1417 Quibus
361 1362 515 1405 Caesar
535 1366 576 1405 in
597 1367 821 1419 praesentia
842 1368 990 1422 gratias
1014 1369 1094 1423 egit
1114 1368 1426 1422 praesidiumque
1447 1369 1557 1409 breui
1580 1375 1677 1409 tem-

190 1446 285 1486 pore
317 1446 360 1473 se
388 1433 599 1473 missurum
633 1434 733 1474 dixit
762 1435 1067 1489 cohortatusque
1098 1438 1145 1478 ad
1178 1451 1271 1478 suos
1304 1437 1411 1477 ciues
1432 1437 1542 1477 iubet
1562 1437 1676 1491 profi-

143 1498 170 1539 4
192 1499 303 1540 cisci.
360 1498 408 1541 P.
435 1499 576 1542 Sittius
597 1502 754 1542 interim
778 1517 864 1543 cum
888 1504 1010 1558 copiis
1031 1504 1244 1546 Numidiae
1266 1506 1363 1545 fines
1384 1505 1589 1558 ingressus
1611 1518 1675 1544 ca·

190 1567 343 1608 stellum
366 1569 406 1608 in
428 1569 571 1609 montis
594 1570 680 1610 loco
703 1571 851 1611 munito
873 1572 1043 1613 locatum
1058 1606 1067 1624 ‚
1101 1573 1141 1613 in
1164 1574 1266 1626 quod
1286 1571 1384 1613 Iuba
1404 1572 1493 1613 belli
1516 1571 1677 1625 gerendi

191 1635 316 1688 gratia
347 1643 388 1676 et
416 1637 655 1677 frumentum
687 1645 725 1678 et
752 1653 816 1679 res
850 1647 1030 1691 ceteras,
1064 1655 1164 1694 quae
1194 1641 1241 1681 ad
1273 1641 1416 1681 bellum
1438 1641 1525 1680 us‘ui
1546 1641 1676 1680 solent

190 1716 296 1755 esse,
330 1711 662 1758 comportauerat,
698 1706 736 1746 ui
759 1709 1023 1760 expugnando
1046 1715 1106 1748 est
1127 1709 1288 1762 potitus.

112 1769 170 1814 3⁰7
307 1768 476 1821 Caesar,
508 1780 713 1826 postquam
735 1774 954 1828 legionibus
977 1776 1176 1815 ueteranis
1198 1775 1362 1824 duabus,
1387 1774 1559 1827 equitatu
1580 1773 1676 1814 leui-

190 1851 265 1891 que
296 1846 497 1879 armatura
527 1841 659 1893 copias
690 1855 782 1882 suas
812 1855 865 1882 ex
892 1843 1065 1883 secundo
1088 1850 1305 1883 commeatu
1329 1849 1517 1891 auxerat,
1553 1855 1673 1882 naues

193 1906 270 1960 [VI]
291 1906 494 1946 onerarias
509 1907 640 1947 statim
659 1907 768 1948 iubet
782 1907 1015 1964 Lilybaeum
1038 1911 1086 1950 ad
1101 1911 1291 1963 reliquum
1311 1910 1529 1950 exercitum
1547 1915 1677 1949 trans-

188 1973 423 2027 portandum
453 1975 669 2028 proficisci3
709 1977 792 2029 ipse
820 1984 865 2016 VI
897 1976 987 2018 Hal.
1020 1976 1140 2018 Febr.
1175 1978 1334 2018 circiter
1377 1977 1510 2031 uigilia
1550 1977 1675 2030 prima

188 2041 371 2095 imperat,
397 2042 665 2096 speculatores
688 2044 1012 2098 apparitoresque
1034 2060 1168 2087 omnes
1186 2052 1230 2085 ut
1250 2044 1323 2085 sibi
1340 2051 1499 2098 praesto
1521 2051 1671 2084 essent.

144 2108 171 2149 2
191 2106 330 2162 Itaque
363 2109 541 2150 omnibus
574 2111 712 2151 insciis
745 2126 873 2165 neque
906 2113 1194 2167 suspicantibus
1236 2113 1372 2166 uigilia
1411 2112 1528 2152 tertia
1567 2111 1675 2152 iubet

191 2190 326 2217 omnes
348 2177 524 2231 legiones
547 2191 599 2218 ex
621 2180 763 2220 castris
786 2181 897 2221 educi
920 2188 1036 2234 atque
1057 2195 1100 2221 se
1123 2180 1308 2233 consequi
1331 2180 1380 2220 ad
1400 2179 1578 2233 oppidum
1591 2177 1674 2219 Ru-

189 2245 338 2299 spinam
362 2259 518 2296 uersus‚
542 2246 584 2286 in
606 2262 681 2301 quo
712 2248 797 2302 ipse
820 2248 1056 2303 praesidium
1079 2249 1228 2299 habuit,
1253 2255 1290 2288 et
1314 2248 1417 2301 quod
1438 2248 1601 2301 primum
1625 2247 1672 2285 ad

142 2312 167 2354 3
187 2313 398 2354 amicitiam
429 2313 513 2354 eius
545 2315 725 2355 accessit.
785 2314 882 2357 Inde
913 2316 1116 2371 paruulam
1146 2316 1433 2371 procliuitatem
1463 2316 1670 2367 degressus

330 2404 349 2437 3
368 2405 420 2437 his
439 2416 461 2437 a
481 2407 512 2447 b,
533 2407 582 2438 eis
601 2408 621 2438 2
639 2407 728 2439 dett.
749 2408 827 2439 edd.
848 2412 932 2440 ante
949 2408 1059 2449 Ald.‚-
1080 2408 1112 2440 ei
1129 2408 1246 2440 Aldus
1263 2417 1358 2448 seqq.
1526 2405 1544 2436 4
1564 2413 1583 2434 a
1601 2413 1669 2435 om·

184 2468 218 2489 a.
358 2458 377 2490 ὃ
397 2458 447 2490 his
467 2469 488 2490 a
506 2459 582 2491 edd.
605 2463 687 2491 aute
705 2460 805 2499 Ald„
826 2461 868 2492 iis
886 2461 1001 2493 Aldus
1018 2471 1056 2492 u.
1195 2459 1413 2491 nominarunt
1429 2466 1449 2486 α
1470 2456 1499 2496 b,
1522 2455 1671 2486 nomina-

185 2515 312 2542 uerunt
330 2520 364 2541 u.
526 2510 545 2543 7
563 2511 788 2553 profugerunt
807 2513 839 2544 b.
995 2513 1014 2545 9
1034 2512 1180 2543 dilectus
1199 2510 1263 2551 (α).
1418 2507 1455 2539 11
1479 2511 1620 2549 possent
1637 2507 1668 2537 b.

327 2559 404 2601 sub]
419 2570 491 2591 sum
504 2571 536 2601 a,
552 2572 713 2594 sumniam
728 2563 759 2594 b.
901 2562 1095 2605 scipionia,
1110 2561 1276 2603 Scipionis
1288 2569 1322 2591 u.
1464 2558 1505 2590 12
1517 2557 1669 2589 summit-

184 2616 256 2642 tere
273 2621 306 2650 α,
324 2621 392 2642 nou
413 2611 522 2642 subm.
662 2612 811 2645 Thisdra
830 2613 1099 2655 eg05Tbisdrae
1118 2621 1152 2651 a,
1167 2610 1325 2642 ‘Thisdre
1346 2608 1583 2641 uel'rhisdore
1600 2610 1675 2640 mei

184 2661 335 2701 omnes-'5
355 2660 500 2693 Tisdrae
520 2673 554 2693 u.
574 2663 613 2694 P.
639 2664 677 2696 17
697 2668 792 2697 extr.
936 2664 974 2697 13
994 2662 1196 2705 comportati
1213 2672 1282 2693 sec.
1302 2672 1348 2692 m.
1371 2662 1402 2692 b.
1546 2661 1586 2693 17
1603 2661 1672 2701 egit

183 2724 204 2745 a
224 2715 253 2754 b,
275 2713 346 2754 agit
363 2724 397 2744 ιι.
540 2714 581 2746 18
597 2716 691 2747 ciues
709 2727 778 2748 om.
801 2717 832 2748 b.
974 2716 1014 2748 19
1027 2715 1147 2747 Sittius
1166 2726 1200 2755 a,
1219 2715 1324 2746 Sitius
1345 2724 1378 2745 11.
1522 2714 1564 2746 20
1576 2724 1669 2745 mon-

183 2766 227 2798 tis
246 2776 268 2798 a
287 2766 305 2797 b
324 2776 353 2805 c,
374 2770 484 2797 monte
503 2776 595 2798 unus
614 2767 684 2798 del.
705 2778 740 2799 u.
881 2767 1108 2808 belligerandi
1129 2767 1160 2798 b.
1301 2767 1342 2799 25
1356 2765 1418 2808 [vr]
1428 2766 1468 2798 P.
1483 2766 1549 2798 210
1569 2769 1663 2798 eaetr.

324 2816 516 2848 Lilibaeum
533 2827 568 2849 α.
743 2819 785 2851 26
804 2829 836 2850 vi
855 2818 905 2850 lxt
922 2828 956 2849 a.
1127 2818 1170 2852 29
1190 2822 1305 2850 castra
1324 2827 1356 2849 α.
1534 2827 1610 2850 sese
1634 2818 1663 2849 b.

332 2867 369 2900 31
394 2867 577 2908 degressus
596 2867 837 2912 Iiregsssigz'us,
860 2868 1035 2910 digressus
1056 2868 1154 2901 codd.

1710 903 1751 936 10

1709 1241 1750 1274 15

1706 1578 1750 1613 2ῡ

1707 1916 1749 1949 25

1703 2252 1745 2285 30
