1835 3240
89 896 128 928 10

93 1236 128 1267 15

87 1575 129 1607 20

603 160 784 205 COMM.
808 161 826 204 1
848 160 974 204 CAP.
997 159 1145 203 6-7,
1635 166 1718 208 497

165 278 305 331 Neque
342 282 581 330 expectant,
608 277 736 331 [quod
777 275 1047 330 superioribus
1087 275 1202 316 annis
1246 274 1497 331 acciderat‚]
1524 287 1564 319 ut
1596 281 1641 320 de

165 360 298 388 eorum
329 345 494 400 imperio
526 345 574 385 ad
606 345 786 399 populum
819 346 993 394 feratur,
1035 342 1282 398 paludatique
1311 343 1414 384 uotis
1445 359 1644 400 nuncupa-

164 414 213 453 tis
236 420 399 453 exeunt.
435 410 632 453 Consules
657 413 794 467 [,qu0d
817 420 908 452 ante
930 413 966 452 id
989 419 1141 466 tempus
1164 412 1306 452 accidit
1327 414 1575 467 numquam,]
1595 428 1647 454 ex
1667 414 1694 454 7

165 481 259 522 urbe
282 481 598 535 proficiscuntur,
625 481 862 533 lictoresque
885 480 1029 520 habent
1049 481 1088 521 in
1111 479 1206 520 urbe
1229 486 1267 521 et
1288 477 1483 534 Capitolio
1506 481 1647 534 priuati

167 556 305 590 contra
328 550 457 589 omnia
480 549 688 589 uetustatis
720 548 916 602 exempla.
961 548 1067 588 Tota
1089 546 1204 588 Italia
1232 547 1407 588 delectus
1437 547 1644 599 habentur,
1669 549 1695 590 8

163 631 270 657 arma
292 618 557 670 imperantur3
583 616 773 670 pecuniae
796 629 817 655 a
840 616 1060 670 municipiis
1084 617 1314 669 exiguntur,
1341 629 1362 656 e
1384 616 1486 656 fanis
1506 617 1648 657 tollun-

163 692 252 726 tur:
278 685 408 725 omnia
431 685 562 724 diuina
586 685 828 737 humanaque
850 684 934 723 iura
958 684 1259 737 permiscentur.

277 751 428 805 Quibus
472 752 589 792 rebus
633 752 802 805 cognitis
841 750 996 792 Caesar
1040 752 1139 805 apud
1185 752 1328 792 milites
1376 752 1644 793 contionatur.
1668 753 1695 796 7

163 818 348 862 Omnium
374 828 587 874 temporum
611 820 772 860 iniurias
796 819 1043 859 inimicorum
1066 819 1105 859 in
1129 833 1171 859 se
1195 828 1500 871 commemorat3
1526 836 1549 862 a
1565 821 1649 875 qui-

160 889 231 929 bus
255 889 458 929 deductum
483 903 528 928 ac
550 889 802 942 deprauatum
826 886 1054 941 Pompeium
1079 887 1258 940 queritur
1280 888 1427 928 inuidia
1449 895 1566 942 atque
1582 889 1649 930 ob*-

160 957 397 996 trectatione
420 957 544 996 laudis
568 970 663 996 suae
679 986 688 1004 ,
730 956 840 995 cuius
874 955 958 1009 ipse
992 954 1131 995 honori
1155 961 1193 994 et
1215 955 1392 1009 dignitati
1417 972 1573 1012 semper
1594 958 1651 998 fa—

161 1025 264 1064 uerit
287 1025 519 1077 adiutorque
543 1024 675 1063 fuerit.
719 1021 883 1063 Nouum
917 1023 955 1062 in
988 1022 1191 1077 republica
1220 1023 1483 1065 introductum
1514 1040 1650 1066 exem·
1671 1027 1698 1067 2

163 1093 263 1145 plum
287 1093 487 1145 queritur,
514 1099 556 1131 ut
581 1092 788 1131 tribunicia
810 1091 1047 1131 intercessio
1070 1091 1190 1131 armis
1214 1099 1423 1132 notaretur
1444 1100 1560 1147 atque
1583 1094 1651 1134 ob-

163 1161 400 1214 primeretur
423 1160 561 1214 [,quae
593 1160 862 1214 superioribus
887 1160 1001 1199 annis
1025 1159 1143 1199 armis
1166 1167 1274 1200 esset
1294 1162 1516 1215 restitutaJ.
1563 1159 1651 1202 Sul·
1673 1160 1698 1201 3

162 1229 237 1268 lam
262 1230 405 1268 nudata
440 1228 620 1267 omnibus
654 1228 770 1268 rebus
794 1228 1003 1268 tribunicia
1024 1235 1217 1281 potestate
1242 1235 1370 1268 tamen
1392 1229 1650 1270 intercessio-

163 1311 251 1336 nem
275 1296 433 1336 liberam
458 1296 692 1349 reliquisse3
718 1295 948 1350 Pompeium
964 1328 974 1346 ,
1009 1296 1071 1349 qui
1094 1296 1238 1336 amissa
1271 1297 1496 1338 restituisse
1519 1298 1652 1338 uidea-
1673 1297 1700 1336 4

163 1372 241 1413 tur,
268 1365 386 1418 [dona
412 1364 544 1411 etiam,
569 1377 666 1417 quae
689 1371 780 1404 ante
804 1364 1050 1418 habuerint,]
1075 1364 1283 1405 ademisse.
1344 1363 1651 1416 Quotienscum—
1674 1364 1698 1405 5

165 1446 239 1484 que
262 1433 313 1471 sit
335 1433 557 1481 decretum,
593 1433 732 1472 darent
760 1446 917 1486 operam
941 1433 1219 1486 magistratus,
1246 1447 1294 1473 ne
1317 1433 1407 1486 quid
1430 1433 1652 1487 respublica

165 1500 387 1539 detrimenti
421 1507 581 1554 caperet
602 1502 695 1553 (qua
729 1515 826 1540 uoce
858 1507 897 1540 ct
918 1515 991 1553 quo
1015 1500 1361 1540 senatusconsulto
1384 1502 1548 1555 populus
1571 1500 1653 1542 Ro-

162 1582 298 1608 manus
321 1569 369 1607 ad
391 1582 498 1608 arma
522 1569 574 1608 sit
596 1575 804 1621 uocatus),
840 1570 984 1608 sactum
1016 1569 1055 1608 in
1080 1569 1311 1621 perniciosis
1334 1568 1511 1621 legibus,
1545 1569 1585 1609 in
1615 1569 1653 1609 ui

165 1636 399 1686 tribunicia,
439 1637 479 1676 in
504 1637 733 1677 secessione
756 1637 882 1689 populi
906 1637 1060 1690 templis
1082 1637 1256 1689 locisque
1280 1636 1512 1677 editioribus
1536 1651 1653 1677 occu-

164 1705 287 1757 patis3
313 1713 429 1756 atque
455 1705 550 1744 haec
573 1704 789 1757 superioris
812 1705 953 1744 aetatis
977 1705 1159 1758 exempla
1183 1705 1343 1758 expiata
1366 1702 1569 1744 Saturnini
1595 1712 1653 1744 at-

165 1785 239 1825 que
263 1770 533 1812 Gracchorum
558 1772 712 1812 casibus
736 1773 875 1822 docet,
911 1786 1073 1825 quarum
1104 1786 1237 1812 rerum
1268 1772 1334 1812 illo
1360 1780 1535 1826 tempore
1558 1772 1655 1813 nihil

165 1840 325 1890 factum,
351 1854 399 1879 ne
422 1840 635 1894 cogitatum
650 1841 804 1893 quidem
829 1841 860 1895 [2
877 1840 984 1880 nulla
999 1841 1065 1880 lex
1087 1840 1348 1894 promulgata,
1376 1854 1454 1880 non
1476 1854 1564 1881 cum
1586 1855 1654 1895 po-

161 1908 249 1962 pulo
269 1909 329 1960 agi
354 1916 547 1962 coeptum,
573 1908 678 1948 nulla
701 1909 874 1948 secessio
898 1909 1037 1963 facta].
1070 1907 1282 1959 Hortatur,
1308 1909 1418 1949 cuius
1441 1909 1654 1962 imperato-
1674 1907 1701 1949 6

116 2001 122 2004 «
164 1976 220 2016 ris
243 1976 357 2015 ductu
378 1982 471 2015 VIIII
494 1976 608 2016 annis
630 1976 910 2029 rempublicam
941 1977 1168 2017 felicissime
1191 1977 1390 2031 gesserint
1410 1977 1653 2031 plurimaque

90 2253 131 2286 30

164 2045 313 2097 proelia
334 2045 506 2084 secunda
528 2044 720 2095 fecerint,
755 2059 909 2085 omnem
933 2043 1101 2085 Galliam
1125 2043 1456 2098 Germaniamque
1490 2059 1656 2098 pacaue—

163 2112 267 2162 rint‚
304 2120 345 2152 ut
366 2114 449 2153 eius
473 2113 808 2153 existimationem
831 2113 1141 2168 dignitatemque
1163 2114 1210 2153 ab
1233 2113 1402 2154 inimicis
1424 2114 1651 2154 defendant.

165 2176 426 2221 Conclamant
448 2182 616 2235 legionis
638 2188 745 2232 XIII,
770 2196 868 2234 quae
891 2182 1053 2232 aderat,
1079 2182 1224 2222 milites
1255 2182 1374 2234 (hanc
1407 2182 1509 2222 enim
1540 2182 1654 2223 initio
1676 2181 1701 2222 7

163 2249 348 2290 tumultus
380 2258 643 2301 euocauerat3
678 2250 855 2304 reliquae
885 2250 1060 2290 nondum
1091 2252 1330 2305 uenerant):
1373 2264 1464 2291 sese
1493 2257 1654 2304 paratos

309 2360 324 2391 1
345 2365 574 2402 expectanto.
724 2361 743 2392 3
764 2366 892 2392 exeunt
909 2371 930 2392 a
946 2361 1124 2402 ‘relz·quz·’,
1147 2366 1272 2392 exeant
1285 2360 1361 2392 cod.
1378 2359 1458 2393 Vrs.
1472 2370 1507 2392 u.
1521 2360 1561 2392 P.
1575 2360 1652 2395 132.

308 2412 434 2443 accidit
451 2421 471 2442 α
486 2412 515 2452 b,
539 2412 715 2443 acciderat
733 2422 766 2443 u.
912 2421 1080 2453 nunquam
1099 2411 1170 2453 (a).
1311 2412 1331 2443 4
1349 2416 1383 2442 et
1398 2411 1437 2442 P.
1455 2411 1650 2452 Manutius,

167 2471 207 2491 ex
226 2461 326 2493 codd.
513 2464 639 2506 priuati
660 2464 877 2505 Stephanus,
900 2465 1059 2506 priuatim
1079 2463 1181 2495 codd.
1380 2465 1396 2495 5
1417 2464 1566 2496 dilectus
1585 2473 1606 2495 α
1620 2464 1652 2494 b.

309 2513 329 2544 8
346 2515 570 2546 concionatur
588 2516 652 2554 (a).
836 2515 876 2547 lt)
896 2515 1081 2546 deductum
1101 2525 1121 2545 a
1142 2516 1238 2545 ‘mss.
1261 2517 1398 2546 tantum
1419 2526 1489 2547 non
1508 2514 1652 2555 omnes',

169 2564 344 2597 seductum
364 2566 394 2597 b.
416 2566 498 2598 Vid.
521 2568 552 2598 b.
575 2566 666 2599 Gall.
689 2566 765 2607 VII,
789 2567 843 2607 37,
864 2567 896 2599 6.
921 2568 996 2599 Cz‘c.
1015 2567 1116 2599 Fam.
1137 2566 1231 2606 XIV,
1253 2567 1286 2607 4,
1306 2567 1339 2599 2.
1494 2567 1652 2608 depriua-

171 2618 238 2645 tum
257 2624 290 2646 a.
433 2617 472 2648 12
491 2618 679 2660 exemplum
701 2618 946 2659 reliquaeritur
957 2621 1041 2649 ante
1059 2627 1153 2649 corr.
1168 2628 1202 2649 α.
1344 2617 1381 2650 13
1395 2617 1571 2649 tribunitia
1586 2617 1651 2659 (a),

171 2671 324 2710 itemque
345 2669 407 2710 153
426 2670 488 2701 sed
503 2671 543 2703 21
565 2671 761 2703 tribunicia.
921 2671 1173 2714 obprimeretur
1190 2682 1222 2703 α.
1384 2672 1425 2704 14
1445 2671 1574 2713 Syllam
1590 2672 1651 2710 ka).

314 2721 354 2753 17
374 2721 554 2754 habuerint
571 2733 591 2754 α
605 2724 622 2754 b
637 2734 664 2763 e,
688 2723 846 2755 habuerit
864 2734 943 2756 eum
962 2724 982 2756 2
1001 2723 1091 2755 dett.
1112 2734 1148 2755 u.
1301 2723 1599 2766 quocienscunque
1617 2731 1652 2753 a.

318 2773 357 2805 18
375 2773 412 2804 fit
432 2774 460 2805 b.
607 2785 741 2817 operam
760 2776 982 2816 magistratus
1001 2785 1022 2807 α
1041 2775 1257 2817 Stephanus,
1278 2775 1498 2815 magistratus
1517 2783 1653 2816 operam

170 2826 331 2867 reliquae
350 2825 429 2857 edd.
563 2827 607 2861 22
623 2827 789 2870 exemplis
808 2836 842 2859 α.
983 2827 1025 2860 25
1046 2828 1220 2859 successio
1242 2828 1272 2859 b.
1419 2826 1461 2859 26
1480 2836 1554 2858 vnn
1574 2827 1652 2858 anni

172 2888 206 2909 α.
348 2876 390 2909 30
409 2880 577 2908 uenerant
594 2887 614 2908 a
628 2878 645 2908 b
658 2877 690 2918 d,
712 2882 947 2910 conuenerant
965 2889 1000 2909 η.

193 2942 313 2978 Caesar,
329 2942 373 2970 ed.
389 2941 531 2980 Nipperd.
1372 2931 1426 2971 32
