1835 3240
100 892 140 925 10

100 1231 140 1264 15

100 1568 142 1602 20

97 1907 140 1941 25

582 159 768 204 COMM.
792 159 831 204 V
853 158 977 203 CAP.
1003 158 1205 201 10-12.
1649 160 1731 204 355

175 287 233 329 ut,
257 290 368 331 quam
391 275 577 330 plurimas
600 282 749 329 posset,
773 274 823 316 iis
845 272 1083 328 legionibus,
1109 285 1206 326 quae
1228 279 1321 313 sunt
1341 273 1441 325 apud
1459 286 1560 324 eum,
1587 289 1656 315 na-

174 359 244 386 ues
266 344 462 384 instituat.
507 341 612 397 Ipse,
639 343 712 384 etsi
734 356 799 383 res
823 349 909 382 erat
929 341 1075 382 multae
1098 353 1242 394 operae
1262 353 1307 379 ac
1329 339 1475 380 laboris
1491 371 1501 390 ,
1527 348 1655 382 tamen
1677 342 1702 381 5

175 411 530 453 commodissimum
553 424 642 451 esse
664 410 804 451 statuit
833 422 971 450 omnes
1001 421 1124 448 naues
1155 407 1316 448 subduci
1346 413 1385 447 et
1407 421 1493 447 cum
1516 410 1657 450 castris

172 493 249 520 una
272 479 488 519 munitione
510 478 711 532 coniungi.
761 476 808 517 In
831 477 890 516 his
913 477 1032 516 rebus
1055 477 1214 517 circiter
1235 476 1317 516 dies
1338 482 1371 515 X
1393 476 1589 515 consumit
1610 490 1658 517 ne
1678 476 1706 517 6

177 546 547 599 nocturnisquidem
570 545 806 599 temporibus
819 544 866 584 ad
889 544 1062 584 laborem
1083 544 1247 584 militum
1268 543 1523 583 intermissis.
1559 541 1660 584 Sub-
1682 544 1708 584 7

175 614 301 654 ductis
325 615 489 654 nauibus
513 614 731 665 castrisque
755 611 915 666 egregie
937 612 1096 652 munitis
1119 612 1276 652 easdem
1298 611 1445 665 copias,
1472 625 1568 665 quas
1591 625 1660 652 an-

174 689 229 731 te,
254 682 449 735 praesidio
472 682 638 721 nauibus
659 679 834 733 reliquit,
858 679 943 733 ipse
965 679 1099 719 eodem
1116 710 1126 729 ,
1153 680 1255 719 unde
1277 679 1472 729 redierat,
1505 679 1661 732 profici-

174 749 314 790 scitur.
358 748 419 789 Eo
442 763 527 789 cum
550 748 748 798 uenisset,
785 747 955 788 maiores
977 746 1054 786 iam
1077 746 1249 800 undique
1271 747 1311 786 in
1334 761 1419 788 eum
1442 747 1570 787 locum
1594 761 1659 787 co·
1680 745 1708 787 8

173 817 261 870 piae
290 815 571 857 Britannorum
604 821 876 856 conuenerant
907 829 1059 855 summa
1098 814 1251 868 imperii
1287 814 1455 869 bellique
1495 815 1661 855 admini-

173 886 323 926 strandi
354 885 550 926 communi
582 884 748 925 consilio
780 883 970 937 permissa
1003 879 1332 934 Cassiuellaun03
1368 884 1475 923 cuius
1507 883 1604 924 fines
1637 897 1661 924 a

173 953 380 994 maritimis
403 952 627 993 ciuitatibus
659 953 803 992 flumen
826 951 989 1000 diuidit,
1022 950 1124 1004 quod
1156 951 1373 1005 appellatur
1393 950 1601 1002 Tamesis,
1637 965 1660 991 a

173 1020 270 1061 mari
294 1020 452 1060 circiter
472 1020 577 1060 milia
601 1033 784 1074 passuum
808 1026 952 1060 LXXX.
1018 1017 1119 1059 Huic
1141 1019 1347 1073 superiore
1370 1026 1546 1072 tempore
1569 1034 1658 1060 cum
1679 1018 1706 1059 9

172 1088 332 1141 reliquis
356 1088 580 1128 ciuitatibus
603 1088 847 1128 continentia
868 1087 969 1128 bella
991 1087 1326 1138 intercesserant3
1352 1088 1420 1127 sed
1437 1094 1573 1127 nostro
1592 1088 1660 1127 ad-

172 1163 293 1196 uentu
315 1156 482 1210 permoti
503 1154 687 1195 Britanni
710 1156 812 1195 hunc
837 1154 907 1195 toti
929 1155 1032 1196 bello
1053 1155 1294 1209 imperioque
1317 1156 1603 1209 praefecerant.

282 1221 516 1264 Britanniae
539 1238 627 1278 pars
650 1223 817 1264 interior
838 1223 885 1263 ab
907 1223 954 1264 iis
978 1223 1188 1273 incolitur,
1215 1237 1312 1275 quos
1336 1229 1450 1263 natos
1473 1222 1513 1262 in
1535 1222 1663 1263 insula
1685 1222 1737 1267 12

173 1291 247 1345 ipsi
269 1292 456 1331 memoria
479 1292 673 1345 proditum
696 1292 852 1342 dicunt,
885 1292 1093 1332 marituma
1115 1306 1206 1346 pars
1228 1291 1275 1332 ab
1297 1290 1346 1331 iis
1361 1321 1372 1341 ,
1408 1291 1471 1344 qui
1493 1291 1661 1344 praedae
1682 1290 1710 1330 2

174 1373 219 1399 ac
241 1359 332 1399 belli
354 1359 547 1400 inferendi
571 1374 687 1400 causa
710 1373 762 1400 ex
783 1357 924 1413 Belgio
955 1360 1199 1400 transierunt
1230 1359 1324 1412 (qui
1347 1372 1484 1399 omnes
1506 1360 1590 1399 fere
1611 1359 1661 1400 iis

176 1426 398 1467 nominibus
421 1427 624 1467 ciuitatum
647 1427 908 1481 appellantur,
935 1427 1073 1480 quibus
1096 1427 1171 1467 orti
1185 1441 1238 1467 ex
1255 1426 1482 1467 ciuitatibus
1505 1440 1552 1467 eo
1574 1441 1663 1481 per-

175 1496 389 1548 uenerunt)
413 1502 451 1534 et
468 1495 569 1536 bello
592 1495 713 1535 inlato
736 1495 789 1535 ibi
811 1502 1113 1548 permanserunt
1138 1502 1256 1548 atque
1278 1508 1395 1549 agros
1418 1495 1548 1535 colere
1571 1508 1663 1536 coe-

174 1568 330 1615 perunt.
393 1561 608 1603 Hominum
643 1569 704 1603 est
733 1562 886 1603 infinita
920 1563 1125 1603 multitudo
1149 1562 1464 1616 creberrimaque
1486 1563 1661 1604 aedificia
1683 1563 1709 1604 3

176 1630 259 1669 fere
282 1627 445 1670 Gallicis
468 1630 685 1671 consimilia
700 1661 710 1680 ,
744 1644 928 1685 pecorum
960 1645 1125 1685 magnus
1148 1644 1352 1670 numerus.
1396 1629 1576 1671 Vtuntur
1596 1637 1663 1671 aut
1683 1630 1711 1671 4

174 1710 266 1737 aere
290 1697 377 1750 [aut
398 1712 555 1738 nummo
578 1699 717 1752 aereo]
751 1705 818 1738 aut
847 1698 961 1739 taleis
985 1699 1126 1739 ferreis
1149 1699 1196 1738 ad
1220 1705 1368 1738 certum
1393 1699 1543 1752 pondus
1567 1713 1664 1739 exa-

172 1764 331 1805 minatis
354 1779 423 1818 pro
446 1780 619 1806 nummo.
681 1765 878 1806 Nascitur
905 1766 959 1806 ibi
990 1766 1188 1820 plumbum
1219 1766 1349 1806 album
1372 1766 1414 1805 in
1435 1766 1664 1807 mediterra-
1686 1766 1711 1806 5

175 1832 259 1872 neis
282 1833 528 1887 regionibus,
553 1834 592 1874 in
615 1834 834 1874 maritumis
859 1835 1004 1874 ferrum
1021 1865 1031 1884 ‚
1071 1834 1140 1874 sed
1163 1834 1247 1874 eius
1271 1834 1419 1887 exigua
1441 1840 1503 1874 est
1525 1835 1660 1888 copia3

174 1913 265 1941 aere
287 1908 453 1941 utuntur
473 1901 699 1955 importato.
742 1900 917 1942 Materia
940 1902 1129 1955 cuiusque
1151 1902 1312 1956 generis
1336 1909 1379 1942 ut
1399 1902 1438 1942 in
1453 1900 1582 1942 Gallia
1605 1909 1665 1942 est

175 1975 333 2022 praeter
364 1971 493 2023 fagum
527 1976 642 2022 atque
676 1969 860 2011 abietem,
913 1969 1111 2023 Leporem
1145 1977 1183 2010 et
1211 1970 1397 2024 gallinam
1420 1977 1459 2010 et
1479 1984 1664 2011 anserem
1685 1969 1713 2011 6

174 2043 334 2090 gustare
347 2038 405 2078 fas
418 2052 496 2078 non
510 2044 668 2092 putant3
695 2038 791 2079 haec
806 2045 935 2079 tamen
948 2038 1191 2079 aluntanimi
1214 2038 1504 2092 uoluptatisque
1526 2052 1660 2078 causa.

322 2197 333 2229 1
359 2196 471 2240 quam]
492 2207 575 2239 quas
595 2198 624 2229 b.
808 2198 917 2241 possit
936 2208 993 2229 ce.
1014 2197 1177 2229 Addend.
1197 2198 1246 2229 ad
1257 2208 1295 2239 Ι).
1317 2198 1373 2230 85.
1549 2199 1570 2230 4
1588 2197 1666 2229 sub-

178 2246 269 2287 iungi
287 2246 332 2278 A.
474 2248 573 2279 rebus
592 2258 661 2279 om.
685 2248 725 2280 C.
870 2249 985 2279 deceni
1004 2248 1075 2289 (B).
1235 2249 1252 2280 ὃ
1273 2258 1357 2290 quas
1377 2252 1470 2288 ante,
1491 2249 1664 2290 praesidio

180 2299 338 2341 nauibus]
358 2309 443 2341 quae
464 2304 542 2331 ante
562 2300 735 2342 praesidio
756 2300 901 2331 nauibus
924 2299 1061 2331 fuerant
1080 2300 1097 2330 b
1111 2299 1200 2331 cde.
1385 2300 1404 2332 7
1423 2300 1589 2342 relinquit
1607 2310 1663 2331 ce.

320 2349 489 2391 redierat]
510 2355 655 2382 uenerat
675 2351 706 2383 b.
863 2350 881 2382 9
902 2350 1117 2381 Britauorum
1137 2350 1179 2382 B.
1371 2351 1410 2383 10
1431 2351 1666 2383 ‘Casibellano

178 2400 237 2432 uel
254 2400 472 2434 Casiuellano
492 2413 574 2434 mss.
594 2401 766 2444 qm'dam':
802 2401 1075 2434 Cassouellauno
1094 2401 1392 2444 Langobar-cliens
1412 2402 1534 2434 Orosiz·
1550 2402 1609 2443 Vl,
1632 2403 1665 2435 9.

320 2453 356 2485 11
381 2454 468 2486 diuit
485 2465 531 2486 m..
547 2464 606 2497 pr.
626 2455 669 2486 B.
810 2454 849 2487 14
869 2453 1111 2496 praefecerunt
1128 2454 1174 2485 D.
1299 2454 1339 2486 15
1360 2454 1505 2486 interior
1522 2466 1590 2487 om.
1609 2456 1664 2495 A,

181 2500 324 2534 inferior
340 2514 360 2535 a
374 2505 432 2537 bc.
600 2506 639 2538 16
660 2506 723 2548 ipsi
742 2506 801 2538 Bc
823 2505 972 2546 ‘eeterz·’,
995 2506 1067 2548 ipsa
1088 2506 1105 2536 b
1119 2506 1180 2537 cd.
1202 2506 1241 2538 P.
1263 2506 1318 2539 78.
1485 2504 1666 2539 marituma

181 2552 230 2592 A,
253 2554 337 2585 mari
354 2559 424 2587 tum
442 2556 472 2588 B
486 2556 533 2596 C,—
553 2556 714 2589 maritimi
735 2557 778 2588 D.
946 2556 986 2589 17
1005 2556 1118 2597 Belgis
1137 2566 1215 2588 cum
1228 2558 1360 2598 paucis
1378 2557 1467 2590 dett.
1488 2569 1521 2590 u.
1544 2558 1584 2590 P.
1607 2559 1661 2591 79.

323 2608 535 2640 transierunt
555 2609 649 2641 ‘tn-cs.
671 2608 779 2651 qnid),
802 2608 1014 2640 transierant
1030 2608 1105 2640 Bu.
1317 2610 1356 2642 19
1374 2610 1481 2642 inlato
1500 2613 1542 2643 B.
1561 2612 1602 2643 P.
1624 2612 1664 2644 79

182 2656 276 2685 eoetr.
417 2664 678 2699 permanserunt
696 2660 726 2691 B
746 2659 898 2700 ‘celerz'’,
923 2664 1163 2691 remanserunt
1183 2659 1301 2691 bede.
1442 2661 1482 2694 21
1504 2672 1663 2704 pecorum

184 2704 241 2743 (B)
262 2706 423 2748 ‘euncti'‚
444 2710 577 2751 pecoris
597 2721 626 2742 e.
828 2711 987 2754 magnus]
1009 2711 1128 2752 ingens
1148 2711 1230 2743 bed
1246 2715 1300 2752 et,
1329 2714 1489 2754 quipost
1507 2723 1665 2745 numerus

177 2759 305 2797 ponit,
327 2768 356 2789 θ·
554 2762 598 2796 22
618 2763 691 2794 ‘aut
709 2773 840 2795 nummo
861 2773 961 2795 aereo
981 2763 1042 2794 uel
1057 2773 1159 2795 aureo
1177 2763 1287 2795 multi
1303 2763 1434 2795 codd.’.·
1454 2768 1512 2795 aut
1532 2774 1663 2795 nummo

181 2818 281 2839 aereo
301 2818 367 2845 αθ,
391 2814 449 2841 aut
467 2821 598 2842 nummo
617 2821 722 2844 aureo
740 2815 783 2845 B.
965 2818 1025 2845 aut
1043 2814 1145 2845 taleis
1164 2824 1185 2845 α
1199 2814 1217 2845 b
1231 2825 1266 2854 e,
1289 2818 1348 2845 aut
1366 2814 1444 2845 aliis
1464 2815 1535 2846 AB
1551 2814 1620 2846 CI)
1633 2825 1661 2846 e.

325 2859 366 2890 23
386 2869 444 2901 pro
463 2871 594 2894 nummo
613 2873 680 2895 om.
702 2874 732 2894 c.
873 2865 917 2897 24
935 2864 1126 2895 maritumis
1151 2865 1192 2895 A.
1337 2864 1408 2895 eius
1429 2874 1496 2895 om.
1519 2865 1550 2896 b.

1378 2918 1432 2958 23
1448 2921 1465 2939 *⁵
