1835 3240
652 204 765 210 ——
825 178 902 219 191
967 203 1080 209 ————-

127 300 341 350 molemque
373 293 419 333 ad
449 293 618 333 insulam
647 293 909 346 pertinentem
939 292 1112 333 insuam
1134 292 1337 345 redigeret
1359 302 1605 347 potestatem.

124 365 318 407 Perfectis
347 363 451 404 enim
482 375 625 415 magna
652 375 706 401 ex
726 368 836 415 parte
858 360 1139 401 munitionibus
1161 361 1202 400 in
1224 360 1363 413 oppido
1386 369 1425 401 et
1445 363 1549 402 illam
1572 372 1610 403 et

126 434 257 474 urbem
282 446 359 471 uno
382 438 557 484 tempore
590 429 773 482 temptari
795 442 910 482 posse
933 428 1182 469 confidebat'.
1218 427 1329 468 Haec
1353 429 1474 468 uerba
1496 431 1611 471 aliter

123 499 299 551 intellegi
331 513 409 539 non
442 505 630 552 possunt,
667 497 743 537 nisi
772 503 814 536 ut
849 495 1001 537 Caesar
1023 497 1160 536 eodem
1185 503 1357 549 tempore
1380 504 1420 537 et
1440 497 1609 537 insulam

122 566 290 607 Pharum
324 573 363 606 et
384 567 506 619 ipsam
529 565 816 605 Alexandriam
852 578 1077 618 oppugnare
1100 564 1273 604 uoluisse
1296 565 1464 604 dicatur.
1498 564 1603 605 Nam

122 636 250 684 uicus,
277 635 443 686 quemin
465 633 593 673 insula
608 634 728 672 fuisse
742 630 896 673 Caesar
909 633 945 672 b.
962 632 1040 672 ciu.
1057 630 1129 681 ΙΙΙ,
1151 632 1242 679 112,
1267 631 1291 671 3
1306 633 1605 683 demonstrauit,

123 716 199 742 non
224 708 377 755 poterat
400 702 491 741 urbs
514 701 716 755 appellari.
752 701 805 740 At
825 700 1110 740 Alexandriam
1136 697 1350 741 Caesarem
1374 715 1451 740 non
1475 702 1609 742 eodem

124 778 300 823 tempore
322 783 546 823 oppugnare
580 769 751 809 uoluisse
783 783 835 809 ex
863 767 1086 821 insequenti
1108 769 1338 809 narratione
1361 776 1510 810 certum
1535 778 1608 811 est.

123 837 257 879 Solam
290 838 392 878 enim
423 837 592 877 insulam
623 850 836 890 aggressus
869 842 930 876 est
960 843 999 876 et
1020 837 1137 890 cepit3
1163 850 1231 890 per
1252 838 1394 878 molem
1416 838 1462 878 ab
1484 839 1612 879 insula

122 908 168 947 ad
192 907 325 947 urbem
350 906 608 960 pertinentem
632 907 750 957 (quae
764 904 885 943 moles
899 907 1009 947 ἑπτα
1018 902 1200 947 στάδιον
1217 906 1436 957 dicebatur)
1453 914 1613 960 postero

124 975 275 1014 demum
308 973 368 1013 die
400 986 633 1027 progressus
664 980 726 1012 est
758 978 796 1012 et
818 971 984 1012 alterum
1008 979 1165 1025 pontem
1187 987 1239 1013 ex
1262 973 1410 1014 duobus
1433 974 1613 1015 Alexan-

122 1042 229 1082 driae
252 1042 471 1095 propiorem
495 1039 703 1093 occupauit
725 1040 780 1093 (c.
810 1038 876 1089 19,
900 1039 962 1091 2).
1004 1039 1085 1080 Iam
1118 1041 1158 1080 in
1186 1039 1282 1080 Par.
1318 1055 1398 1082 sec.
1423 1044 1609 1097 scriptum

123 1117 184 1149 cst
215 1109 279 1148 ‘in
313 1109 452 1162 oppido
484 1114 523 1148 et
544 1108 650 1147 illam
673 1107 848 1158 urben1'3
872 1108 911 1146 in
934 1106 1050 1148 Lcid.
1078 1123 1136 1162 pr.
1163 1106 1270 1149 Scal.
1291 1107 1430 1150 Cuiac.
1466 1112 1522 1151 ‘in
1543 1127 1608 1164 op-

126 1177 214 1230 pido
238 1184 277 1217 et
299 1177 364 1216 illa
387 1177 427 1216 in
452 1174 627 1226 urbem'3
659 1176 700 1216 in
722 1174 810 1215 Pet.
839 1175 932 1216 Vrs.
959 1175 1081 1217 Voss.
1120 1177 1176 1216 ‘in
1212 1177 1350 1230 oppido
1382 1185 1422 1217 et
1442 1179 1547 1219 illam
1570 1180 1610 1218 in

121 1244 246 1284 urhe⁷.
287 1243 422 1297 Itaque
454 1242 629 1283 Hirtium
659 1244 715 1283 ita
746 1244 954 1297 scripsisse
987 1244 1238 1284 existimaui:
1277 1243 1485 1286 ‘Perfectis
1510 1247 1612 1286 enim

121 1326 263 1366 magna
286 1325 338 1352 ex
360 1318 470 1365 parte
492 1312 774 1351 munitionibus
804 1311 844 1352 in
869 1312 1006 1366 oppido
1030 1312 1144 1352 etiam
1168 1313 1236 1353 illa
1257 1313 1392 1354 urbem
1414 1329 1493 1354 uno
1516 1321 1613 1355 tem—

121 1393 216 1431 pore
238 1380 418 1432 temptari
443 1392 557 1432 posse
582 1378 829 1419 confidebat'.
864 1378 951 1419 Hoc
973 1381 1075 1420 enim
1090 1379 1275 1421 Caesaris
1289 1381 1493 1422 consilium
1508 1389 1610 1433 erat,

121 1454 177 1495 ut,
214 1461 300 1486 cum
335 1446 519 1499 perfectis
552 1446 849 1497 munitionibus,
885 1462 981 1500 quas
1004 1449 1043 1487 in
1067 1449 1152 1502 ipsa
1175 1449 1270 1488 urbe
1292 1449 1535 1500 instituerat,
1560 1451 1613 1490 ibi

121 1514 302 1554 omnibus
325 1515 445 1567 copiis
470 1528 548 1553 non
570 1514 780 1568 indigeret,
816 1522 928 1568 capta
951 1516 1079 1555 insula
1102 1523 1140 1556 et
1163 1516 1423 1569 heptastadio,
1457 1532 1530 1570 quo
1552 1519 1611 1558 ina

121 1584 206 1623 sula
238 1596 324 1622 cum
354 1582 448 1621 urbe
481 1581 807 1635 coniungebatur,
843 1597 921 1622 uno
944 1590 1119 1636 tempore
1142 1591 1181 1624 et
1203 1599 1255 1624 ex
1277 1585 1358 1625 suis
1383 1586 1612 1626 munitioni—

119 1651 207 1697 bus,
233 1663 332 1702 quae
354 1650 553 1703 perfectae
575 1656 703 1698 erant,
728 1657 765 1690 et
789 1650 854 1690 illa
877 1657 989 1704 parte
1002 1651 1048 1689 ab
1063 1651 1309 1704 heptastadio
1323 1651 1610 1695 Alexandriam

121 1724 380 1772 oppugnaret.
415 1715 522 1757 Vrbs
555 1723 594 1756 et
625 1717 805 1771 oppidum
837 1717 1083 1758 Alexandria
1108 1733 1230 1772 paruo
1253 1721 1378 1773 spatio
1400 1722 1611 1763 interiecto

119 1786 237 1826 etiam
253 1800 287 1825 c.
304 1785 342 1834 1,
366 1783 477 1824 4et5
501 1784 731 1838 appellatur.
767 1783 1087 1840 Oudendorpius,
1105 1801 1191 1826 cum
1205 1787 1406 1828 coniceret
1430 1794 1485 1829 ‘et
1505 1790 1612 1831 illam

120 1863 161 1895 et
190 1855 353 1895 turrem'
371 1883 380 1901 ,
415 1867 493 1892 non
526 1854 758 1894 meminerat
786 1861 950 1904 turrem,
986 1869 1086 1908 quae
1116 1856 1163 1895 ad
1193 1856 1428 1898 orientalem
1455 1858 1611 1900 insulae

118 1930 267 1976 partem
291 1922 367 1962 sita
388 1921 472 1974 ipsa
494 1934 646 1973 quoque
669 1920 823 1962 Pharus
846 1922 1063 1972 dicebatur,
1089 1923 1220 1963 statim
1241 1931 1345 1965 moto
1361 1925 1462 1966 bello
1476 1940 1496 1966 a
1511 1924 1613 1968 Cae⁴

120 2005 209 2030 sare
233 2003 322 2029 esse
346 1995 589 2042 occupatam,
615 1990 714 2042 quod
738 1991 917 2030 narrauit
938 1991 975 2030 b.
1003 1992 1080 2032 eiu.
1106 1989 1180 2041 III,
1210 1991 1303 2032 112.

232 2057 371 2098 Eiusd.
398 2072 432 2097 c.
448 2059 484 2111 ξ.
504 2057 528 2097 3
553 2058 646 2097 haec
668 2059 946 2112 excipiebant:
977 2056 1082 2111 ‘Quo
1107 2067 1219 2113 capto
1243 2061 1409 2101 consilio
1425 2064 1609 2105 cohortes

116 2124 159 2166 X
182 2133 222 2166 et
242 2126 340 2166 leuis
364 2133 587 2166 armaturae
609 2126 773 2173 electos,
800 2141 897 2180 quos
920 2127 1085 2168 idoneos
1108 2142 1160 2168 ex
1182 2128 1378 2182 equitibus
1398 2129 1524 2171 Gallis
1547 2147 1611 2172 ιιι»

117 2194 356 2243 bitrabatur,
387 2194 427 2234 in
460 2194 618 2247 nauigia
648 2194 802 2234 minora
831 2196 1074 2249 scaphasque
1106 2196 1286 2249 imponit,
1321 2198 1412 2239 inde
1444 2200 1608 2240 alteram

117 2261 271 2301 insulae
294 2268 442 2314 partem
465 2263 710 2302 distinendae
741 2276 881 2303 manus
904 2277 1023 2303 causa
1045 2265 1258 2305 constratis
1282 2266 1446 2307 nauibus
1469 2282 1610 2323 aggred

118 2331 222 2370 ditur
244 2330 426 2383 praemiis
448 2330 601 2385 magnis
623 2330 849 2383 propositis,
875 2331 938 2383 qui
956 2332 1497 2388 primusinsulamcepisset'.
1532 2335 1607 2377 Hic

118 2398 281 2450 primum
304 2405 412 2439 recte
424 2396 585 2451 Lipsius
608 2398 858 2438 scribendum
884 2398 1073 2439 iudicauit
1097 2405 1289 2454 ‘quosque
1311 2402 1488 2443 idoneos'
1512 2410 1605 2444 cett.

121 2462 225 2504 Nam
256 2465 331 2506 etsi
363 2466 514 2518 equites
538 2479 692 2518 quoque
714 2466 813 2506 leuis
836 2473 1058 2506 armaturae
1082 2476 1221 2516 erant,
1246 2476 1378 2511 tamen
1401 2471 1608 2512 dicendum

122 2538 204 2571 erat
228 2537 282 2572 ‘ct
304 2534 475 2586 equitum
498 2534 598 2574 leuis
621 2541 843 2574 armaturae
867 2535 1044 2586 electos',
1071 2544 1108 2576 ct
1132 2537 1360 2578 incredibile
1382 2546 1443 2579 est
1460 2538 1610 2580 Caesa⁶

122 2610 202 2636 rem
231 2602 422 2651 peditibus
455 2602 538 2641 eius
570 2601 729 2654 generis
760 2615 869 2641 usum
903 2617 981 2642 non
1014 2618 1118 2654 esse,
1151 2606 1217 2658 qui
1248 2607 1369 2646 multo
1393 2608 1547 2648 facilius
1570 2615 1608 2647 et

123 2664 265 2716 imponi
294 2670 333 2708 in
363 2672 529 2725 scaphas
561 2678 600 2712 et
629 2671 719 2711 inde
750 2684 925 2724 pugnare
956 2680 1132 2725 possent.
1176 2672 1329 2715 Deinde
1350 2675 1523 2729 ineptum
1548 2683 1608 2715 est

124 2732 353 2776 uocabulum
377 2738 518 2779 ‘inde'z
545 2752 633 2778 nam
657 2752 782 2791 neque
805 2753 857 2779 ex
875 2740 1010 2779 eodem
1028 2740 1114 2780 loco
1137 2755 1184 2782 ea
1205 2741 1365 2792 fiebant,
1392 2757 1490 2795 quae
1514 2740 1606 2782 suh-

121 2799 222 2839 iecta
251 2810 363 2851 sunt,
388 2818 512 2858 neque
545 2807 765 2860 posteriore
788 2813 978 2861 tempore.
1014 2805 1211 2862 Scriptum
1236 2817 1296 2849 est
1317 2810 1371 2849 ita
1392 2811 1431 2849 in
1455 2811 1605 2850 duobus

122 2867 382 2910 deterioribus
414 2873 552 2921 codd.‚
584 2874 625 2913 in
656 2874 743 2914 aliis
776 2874 1038 2915 deterioribus
1070 2877 1217 2929 legitur
1250 2877 1412 2929 ‘inque',
1448 2878 1485 2917 in
1510 2876 1603 2918 Par.
