1835 3240
706 171 1102 213 —85—

161 289 374 331 secundum
397 286 509 327 codd.
545 287 669 325 forma
691 291 805 338 aptae
827 292 894 325 aut
915 285 1172 338 interpositae
1195 286 1476 327 enuntiationis
1508 289 1650 341 prima-

158 359 240 397 riae
263 370 339 395 non
361 353 597 407 respondet,
631 365 697 392 res
729 352 769 391 in
791 353 1079 405 permutatione
1102 352 1167 391 illa
1189 361 1409 406 peruagata
1430 356 1654 397 coniuncti-

162 438 297 463 uormn
323 420 477 476 ‘possit’
501 427 540 460 et
564 419 726 474 ‘posset'
749 421 929 460 uertitur.
979 419 1072 461 vid.
1108 419 1146 459 b.
1173 418 1280 460 Gall.
1306 418 1339 469 Ι,
1365 420 1406 470 8,
1430 421 1472 462 2.
1498 421 1552 471 V,
1584 423 1651 471 11,

157 491 198 530 4.
229 488 300 540 46,
333 490 375 530 4.
411 487 504 538 VII,
529 487 571 537 2,
596 487 637 527 2.
676 487 745 537 71,
771 487 809 528 3.
855 487 962 528 Nam
995 501 1095 541 quae
1125 488 1164 527 b.
1190 485 1294 528 Gall.
1328 487 1423 538 VII,
1452 488 1518 540 15,
1549 490 1652 530 410-

157 565 302 612 guntur
335 556 609 611 ‘procumbunt
640 556 821 596 omnibus
854 555 979 596 Gallis
1012 556 1058 595 ad
1091 556 1209 609 pedes
1242 553 1461 610 Bituriges,
1499 571 1548 597 ne
1570 558 1652 610 pul-

156 625 390 665 cherrimam
416 638 536 678 prope
558 623 677 663 totius
702 622 856 663 Galliae
880 623 1030 673 urbem,
1065 637 1165 676 quae
1198 630 1237 663 et
1258 624 1454 676 praesidio
1476 631 1517 664 et
1538 638 1654 664 orna—

161 701 294 733 mento
317 694 369 733 sit
389 691 540 733 ciuitati
556 722 567 741 ,
601 691 683 731 suis
708 690 888 730 manibus
911 691 1152 730 succendere
1175 698 1438 745 cogerentur:
1475 693 1589 732 facile
1611 707 1654 733 se

158 761 234 801 loci
265 768 404 801 natura
434 760 665 800 defensuros
697 758 856 806 dieunt,
892 759 993 811 quod
1024 772 1144 812 prope
1176 772 1228 798 ex
1258 759 1438 799 omnibus
1479 760 1654 814 partibus

158 829 315 869 flumine
346 835 386 868 et
416 827 556 881 palude
588 826 854 876 circumdata,
889 840 1009 866 unum
1042 826 1184 866 habeat
1207 833 1246 866 et
1268 834 1550 882 perangustum
1573 828 1654 867 adi—

160 896 271 947 tum',
304 895 395 936 item
429 909 529 948 quae
560 909 613 935 ex
644 894 799 948 optimis
830 893 942 934 codd.
973 894 1133 934 restitui
1164 891 1259 944 Vll,
1293 893 1343 935 61
1370 903 1477 935 extr.
1515 900 1654 950 ‘parua

158 978 276 1004 manu
297 963 435 1013 missa,
461 977 561 1016 quae
583 969 734 1004 tantum
758 962 1048 1016 progrediatur,
1083 970 1270 1016 quantum
1294 977 1414 1003 naues
1437 964 1654 1017 processis-

156 1032 275 1080 sent',
300 1038 340 1072 et
361 1045 396 1071 e.
422 1029 477 1071 66
499 1039 604 1072 extr.
634 1031 1183 1087 ⁴sanctissimojjureiurando
1207 1031 1428 1071 confirmari
1452 1039 1651 1085 oportere,

157 1113 206 1140 ne
230 1106 334 1140 tecto
356 1099 588 1153 recipiatur,
613 1112 663 1139 ne
685 1101 732 1140 ad
754 1100 916 1148 liberos,
943 1115 993 1141 ne
1015 1101 1063 1140 ad
1085 1105 1288 1152 parentes,
1313 1099 1361 1139 ad
1386 1114 1554 1140 uxorem
1571 1101 1653 1140 adi-

158 1175 238 1207 tum
269 1167 433 1217 habeat,
474 1168 539 1220 qui
570 1182 649 1207 non
677 1168 737 1208 bis
770 1182 839 1222 per
871 1182 1013 1222 agmen
1058 1166 1225 1209 hostium
1261 1166 1581 1220 perequitasset',
1617 1175 1656 1207 et

156 1234 228 1285 66,
252 1235 278 1274 4
302 1236 479 1289 ‘proinde
503 1236 657 1289 agmine
678 1235 885 1288 impeditos
909 1236 1177 1277 adorirentur.
1213 1232 1258 1275 Si
1279 1235 1429 1288 pedites
1442 1236 1523 1276 suis
1540 1236 1654 1276 auxi-

157 1304 250 1343 lium
275 1305 403 1343 serant
424 1311 541 1357 atque
564 1304 602 1343 in
625 1317 671 1343 eo
694 1310 914 1353 morentur,
938 1304 1015 1345 iter
1028 1306 1161 1345 facere
1174 1318 1252 1342 non
1270 1302 1399 1357 posse'
1418 1310 1531 1353 cett.,
1558 1304 1653 1344 haec

159 1372 280 1424 igitur
302 1371 524 1411 rectissime
547 1372 746 1410 dicuntur.
780 1370 887 1410 Nam
910 1372 1188 1412 coniunctiuus
1213 1379 1254 1411 et
1276 1372 1447 1411 futurum
1470 1378 1652 1411 exactum

160 1446 199 1479 et
221 1439 479 1492 imperatiuus
503 1439 675 1478 direct-ae
699 1439 890 1478 orationis
913 1440 953 1479 in
967 1439 1120 1491 obliqua
1139 1439 1334 1488 oratione,
1360 1453 1445 1478 cum
1470 1447 1653 1479 accurate

159 1507 316 1554 dicitur,
341 1508 381 1546 in
405 1506 695 1546 coniunctiuunl
718 1506 938 1559 imperfecti
962 1515 1000 1547 et
1030 1507 1400 1562 plusquamperfecti
1428 1514 1650 1548 transeunt.

160 1573 237 1614 Vll
261 1582 406 1622 lamen,
445 1574 510 1623 19,
548 1574 572 1614 5
594 1575 740 1614 retinui
764 1575 996 1627 scripturam
1028 1575 1354 1628 interpolatorum
1389 1576 1501 1615 codd.
1538 1581 1652 1628 ‘quos

156 1656 241 1681 cum
263 1642 320 1681 sic
341 1641 472 1681 animo
495 1649 653 1694 paratos
677 1642 833 1690 uideat,
868 1648 910 1681 ut
941 1642 1087 1681 nullum
1111 1656 1178 1695 pro
1201 1657 1272 1682 sua
1302 1643 1415 1683 laude
1438 1644 1654 1696 periculum

156 1717 362 1758 recusent,
396 1723 570 1749 summae
601 1724 643 1749 se
673 1709 893 1762 iniquitatis
929 1710 1184 1750 condemnari
1208 1710 1376 1760 debere,
1411 1711 1486 1750 nisi
1517 1724 1653 1750 eorum

156 1779 275 1819 uitam
297 1793 369 1820 sua
392 1778 518 1818 salute
541 1777 680 1817 habeat
704 1777 928 1817 cariorem'.
979 1777 1084 1817 Nam
1112 1779 1150 1826 ⁴si
1185 1784 1195 1802 ‘
1212 1778 1388 1818 uideret'
1423 1779 1653 1832 probamus,

158 1847 259 1899 quod
281 1847 320 1887 iu
342 1845 504 1898 reliquis
527 1845 640 1885 codd.
664 1845 834 1899 legitur,
870 1847 986 1886 etiam
1011 1845 1274 1886 ‘recusarent'
1297 1846 1545 1887 scribendum
1575 1854 1651 1897 est,

157 1928 270 1967 quam
293 1914 578 1954 correctionem
601 1927 701 1954 unus
724 1912 929 1968 Bong.pr.
945 1914 1174 1965 adiuuat,in
1197 1929 1273 1968 quo
1296 1914 1649 1955 est‘recusasent'.

271 2048 364 2090 Lib.
390 2048 462 2099 VI,
489 2048 556 2100 11,
581 2049 608 2090 2
628 2050 668 2090 in
692 2050 750 2091 his
773 2051 930 2091 uerbis:
967 2049 1038 2090 ‘In
1063 2049 1191 2091 Gallia
1214 2066 1292 2092 non
1316 2052 1442 2092 solum
1465 2052 1505 2092 in
1529 2052 1653 2093 omni-

158 2118 229 2158 bus
262 2118 488 2158 ciuitatibus
520 2125 635 2172 atque
667 2118 707 2158 in
740 2118 920 2159 omnibus
953 2120 1062 2173 pagis
1095 2119 1373 2173 partibusque,
1418 2121 1488 2160 sed
1527 2134 1652 2174 paene

160 2187 277 2226 ctiam
300 2186 467 2240 singulis
491 2187 667 2227 domibus
692 2188 884 2227 sactiones
906 2188 1009 2227 sunt'
1042 2186 1210 2227 Dauisio
1246 2188 1544 2241 ‘partibusque'
1579 2188 1652 2228 tol-

157 2255 312 2294 lendum
335 2255 460 2294 uisum
484 2264 559 2304 est,
586 2256 687 2308 quod
710 2262 842 2308 partes
865 2255 1084 2296 ciuitatium
1105 2254 1270 2296 Caesari
1295 2256 1383 2311 pagi
1407 2256 1648 2296 dicerentur.

157 2319 269 2374 Quae
291 2337 388 2364 sane
409 2323 512 2362 ratio
536 2323 640 2363 nulla
663 2331 746 2373 est,
781 2338 867 2363 cum
889 2323 1071 2364 ciuitates
1094 2339 1171 2364 non
1195 2325 1319 2364 solun]
1344 2324 1383 2363 in
1407 2338 1550 2378 pagos,
1584 2325 1653 2363 sed

158 2390 274 2430 etiam
297 2390 336 2431 in
359 2390 456 2431 alias
479 2399 610 2445 partes
634 2391 784 2432 diuisae
808 2405 897 2431 esse
930 2392 1144 2444 potuerint.
1199 2389 1279 2432 Sed
1322 2391 1423 2446 quod
1466 2389 1652 2432 Clarkius

160 2462 296 2512 ‘pagos
328 2458 552 2512 partesque'
587 2459 721 2499 eadem
754 2459 952 2499 sententia
981 2459 1057 2500 diei
1087 2460 1344 2500 existimabat
1374 2466 1488 2512 atque
1513 2464 1652 2513 ‘pagos

157 2533 364 2579 partesque
385 2527 604 2581 pagorum',
640 2528 765 2567 forma
802 2527 994 2568 orationis
1018 2528 1144 2568 nullas
1167 2528 1264 2568 alias
1288 2527 1363 2567 nisi
1387 2525 1542 2568 Galliae
1564 2542 1652 2581 par-

157 2599 216 2632 tes
245 2594 419 2648 intellegi
451 2595 612 2649 patitur.
660 2593 783 2649 Atqui
818 2596 1021 2647 ciuitates,
1056 2597 1169 2650 pagi,
1205 2596 1340 2636 doinus
1374 2596 1526 2649 species
1559 2603 1650 2635 sunt

159 2661 323 2712 partium
346 2661 514 2704 Galliae.
548 2662 685 2717 Itaque
708 2665 844 2704 uitium
867 2664 907 2704 in
931 2678 976 2704 eo
999 2664 1167 2717 positum
1191 2671 1266 2714 est,
1293 2664 1394 2717 quod
1416 2670 1648 2717 partescum

160 2728 218 2767 his
242 2730 430 2771 orationis
454 2733 578 2772 forma
602 2739 895 2785 exaequantur,
921 2739 1039 2785 atque
1060 2732 1117 2772 ita
1139 2747 1264 2786 genus
1287 2739 1483 2785 tamquam
1498 2732 1648 2784 species

159 2797 317 2849 generis
339 2799 511 2850 ponitur.
558 2800 692 2853 Atque
724 2800 794 2840 hac
826 2800 872 2840 de
903 2814 1023 2840 causa
1055 2800 1223 2841 Dauisio
1254 2798 1548 2841 assentiendum
1571 2805 1646 2838 est.

161 2862 277 2917 Quod
300 2864 360 2906 hic
377 2865 417 2906 in
439 2867 572 2908 codice
594 2868 811 2923 archetypo
834 2869 979 2909 factum
1002 2875 1078 2920 est,
1112 2869 1213 2909 idem
1244 2867 1279 2919 I,
1315 2867 1382 2918 1⁶2,
1417 2867 1441 2907 4
1464 2867 1505 2907 in
1527 2867 1649 2906 intere
