1835 3240
99 171 183 213 610
670 168 743 210 DE
776 167 965 210 BELLO
998 164 1173 211 CIVILI

177 291 230 333 et,
256 297 342 323 cum
365 279 554 323 Caesaris
576 282 708 335 copias
731 282 964 335 despiceret,
980 280 1142 335 Pompei
1165 282 1367 323 consilium
1391 284 1550 323 summis
1574 283 1654 323 lau*

127 352 154 392 2
177 352 288 392 dibus
312 351 487 399 efferret,
510 349 651 399 ‘Nom
667 349 807 402 inquit,
826 349 1089 399 ‘existimarc‚
1106 348 1283 404 Pompei,
1300 350 1402 391 hunc
1425 365 1512 392 esse
1536 365 1654 391 exer-

176 420 318 469 citum,
361 419 425 472 qui
456 416 625 458 Galliam
657 415 987 470 Germaniamque
1016 417 1218 458 deuicerit.
1274 415 1464 459 Omnibus
1495 419 1656 459 interfui

129 488 153 529 3
176 487 334 542 proeliis
359 499 483 538 neque
507 491 653 525 temere
675 484 916 538 incognitam
940 499 1022 525 rem
1045 485 1271 539 pronuntio.
1313 484 1539 539 Perexigua
1563 500 1652 540 pars

173 556 279 597 illius
311 553 512 595 exercitus
535 559 740 606 superest3
774 566 914 605 magna
936 567 1024 606 pars
1048 553 1237 606 deperiit,
1272 553 1373 606 quod
1394 553 1572 594 accidere
1596 561 1651 594 tot

174 623 333 678 proeliis
359 621 430 661 suit
451 633 615 660 necesse
630 651 640 669 ‚
672 620 815 660 multos
838 621 1012 660 autumni
1035 620 1256 674 pestilentia
1278 621 1318 660 in
1340 620 1453 661 Italia
1476 635 1654 662 consum-

175 692 274 746 psit,
310 689 418 729 multi
452 688 606 728 domum
637 688 927 736 discesserunt,
957 688 1066 728 multi
1095 695 1188 728 sunt
1209 688 1335 729 relicti
1358 689 1398 728 in
1421 688 1652 729 continenti.

127 761 153 800 4
175 759 239 799 An
272 773 346 797 non
372 755 536 797 audistis
560 769 613 796 ex
633 755 707 803 iis,
739 756 802 809 qui
834 770 903 810 per
924 771 1082 797 causam
1106 756 1342 796 ualetudinis
1364 764 1654 806 remanserunt,

129 829 153 868 5
177 828 360 867 cohortes
375 839 464 865 esse
487 821 675 864 Brundisi
699 825 852 864 factas?
903 824 990 865 Hae
1012 824 1171 878 copiae,
1197 837 1292 877 quas
1317 824 1482 874 uidetis,
1518 838 1572 864 ex
1593 825 1657 864 de-

174 894 340 935 lcctibus
373 893 511 933 horum
541 906 731 932 annorum
754 892 794 932 in
817 892 1001 933 citeriore
1025 891 1153 933 Gallia
1175 899 1270 932 sunt
1290 892 1460 933 refectae
1475 922 1486 942 ,
1519 899 1559 931 et
1579 892 1658 946 ple-

174 963 285 1015 rique
315 969 407 1003 sunt
437 975 489 1002 ex
512 960 677 1001 coloniis
699 958 1009 1015 Transpadanis.
1054 960 1114 1000 Ac
1137 967 1267 1000 tamen
1290 961 1391 1013 quod
1414 960 1485 1000 fuit
1506 959 1659 1000 roboris

129 1030 155 1071 (i
177 1031 325 1071 duobus
348 1030 508 1085 proeliis
531 1027 819 1084 Dyrrhachinis
841 1028 1023 1069 interiit'.
1060 1027 1168 1068 Haec
1191 1042 1278 1068 cum
1301 1028 1482 1077 dixisset,
1506 1027 1657 1068 iurauit

174 1114 217 1140 se
240 1099 314 1139 nisi
337 1099 527 1139 uictorem
550 1097 592 1137 in
614 1104 745 1137 castra
767 1111 845 1136 non
867 1110 1120 1137 reuersurum
1141 1096 1406 1149 reliquosque,
1422 1103 1464 1135 ut
1482 1095 1582 1135 idem
1603 1096 1657 1135 fa-

174 1174 336 1217 cerent,
371 1167 551 1207 hortatus
585 1172 659 1205 est.
704 1164 791 1205 Hoc
822 1165 985 1204 laudans
1008 1162 1218 1217 Pompeius
1248 1164 1348 1203 idem
1380 1163 1550 1213 iurauit3
1585 1177 1657 1202 nec

126 1236 151 1277 7
173 1249 269 1275 uero
301 1249 353 1275 ex
382 1234 545 1286 reliquis
579 1233 650 1272 fuit
681 1233 910 1285 quisquam,
945 1232 1008 1284 qui
1031 1232 1163 1271 iurare
1185 1230 1394 1271 dubitaret.
1439 1230 1548 1270 Haec
1573 1245 1658 1270 cnm

174 1305 279 1344 facta
301 1309 393 1343 sunt
413 1302 453 1341 iu
476 1300 658 1350 consilio,
674 1314 815 1354 magna
837 1313 905 1353 spe
929 1307 966 1339 et
984 1299 1135 1340 laetitia
1152 1299 1324 1339 omnium
1343 1298 1555 1338 discessum
1571 1306 1655 1347 est3

173 1386 219 1411 ac
251 1371 326 1411 iam
349 1369 479 1410 animo
504 1368 711 1408 uictoriam
734 1367 1051 1422 praecipiebant,
1085 1368 1187 1421 quod
1210 1367 1256 1407 de
1277 1380 1320 1407 re
1344 1373 1451 1406 tanta
1475 1372 1514 1405 et
1534 1380 1557 1405 a
1580 1372 1657 1405 tam

96 1439 157 1484 88
174 1439 298 1494 perito
321 1439 558 1492 imperatore
581 1435 676 1476 nihil
699 1436 847 1476 frustra
869 1435 1094 1476 confirmari
1117 1434 1335 1475 uidebatur.
1381 1430 1546 1482 Caesar,
1573 1447 1658 1473 cum

172 1506 334 1562 Pompei
357 1505 499 1547 castris
522 1505 889 1558 adpropinquasset,
905 1503 950 1544 ad
975 1503 1076 1543 bunc
1098 1504 1252 1544 modum
1271 1502 1393 1543 aciem
1412 1503 1495 1543 eius
1513 1501 1659 1541 instru-

174 1584 277 1616 ctam
300 1573 592 1615 animaduertit.
632 1571 760 1613 Erant
781 1572 820 1612 in
843 1571 1005 1612 sinistro
1029 1586 1151 1612 cornu
1172 1571 1350 1625 legiones
1374 1571 1471 1611 duae
1494 1568 1660 1609 traditae

173 1659 197 1685 a
229 1641 405 1685 Caesare
445 1642 558 1682 initio
601 1640 859 1681 dissensionis
890 1653 943 1680 ex
974 1640 1343 1690 senatusconsulto3
1376 1652 1539 1692 quarum
1580 1651 1658 1677 una

174 1712 322 1766 prima,
355 1711 481 1751 altera
503 1709 620 1751 tertia
642 1707 926 1764 appellabatur.
971 1706 1015 1748 In
1040 1722 1086 1749 eo
1108 1708 1196 1748 loco
1217 1708 1301 1761 ipse
1324 1713 1410 1747 erat
1429 1704 1655 1759 Pompeius.

124 1781 151 1822 2
173 1779 347 1821 Mediam
369 1779 494 1820 aciem
517 1776 649 1832 Scipio
672 1791 757 1816 cum
780 1775 999 1829 legionibus
1021 1774 1198 1830 Syriacis
1221 1775 1394 1816 tenebat.
1430 1771 1658 1814 Ciliciensis

173 1849 275 1902 legio
299 1848 508 1887 coniuncta
531 1859 616 1886 cum
640 1844 869 1884 cohortibus
892 1843 1102 1898 Hispanis,
1128 1858 1225 1897 quas
1249 1844 1448 1883 traductas
1471 1840 1517 1881 ab
1540 1841 1659 1880 Afra-

126 1915 151 1956 3
174 1917 238 1957 nio
262 1916 464 1956 docuimus
479 1945 489 1962 ‚
522 1914 563 1953 in
586 1913 727 1952 dextro
751 1926 873 1952 cornu
895 1919 1008 1952 erant
1030 1912 1260 1952 collocatae.
1305 1910 1390 1950 Has
1413 1908 1659 1949 firmissimas

174 1998 218 2025 se
249 1983 394 2024 habere
425 1981 637 2036 Pompeius
671 1980 938 2020 existimabat.
984 1979 1174 2033 Reliquas
1206 1980 1311 2020 inter
1338 1978 1462 2018 aciem
1494 1975 1659 2017 mediam

125 2053 153 2094 4
175 2065 401 2104 cornuaque
424 2049 679 2090 interiecerat
700 2062 943 2101 numeroque
967 2048 1148 2088 cohortes
1172 2055 1232 2088 CX
1254 2046 1501 2100 expleuerat.
1548 2043 1658 2084 Haec

174 2127 288 2162 erant
320 2118 424 2159 milia
446 2124 565 2167 XLV,
599 2123 855 2157 euocatorum
878 2115 1037 2156 circiter
1058 2115 1132 2156 duo
1149 2145 1159 2165 ‚
1197 2128 1295 2168 quae
1319 2128 1372 2154 ex
1392 2111 1657 2153 beneficiariis

174 2188 419 2242 superiorum
443 2185 689 2226 exercituum
712 2185 758 2224 ad
778 2198 863 2224 eum
882 2190 1176 2234 conuenerant3
1193 2195 1292 2236 quae
1310 2188 1390 2222 tota
1406 2180 1490 2221 acie
1508 2180 1654 2233 disper*

174 2263 296 2297 serat.
322 2254 513 2307 Reliquas
537 2252 711 2293 cohortis
727 2257 788 2291 Vll
811 2252 851 2292 in
875 2252 1017 2292 castris
1034 2251 1340 2306 propinquisque
1358 2247 1528 2290 castellis
1547 2261 1660 2301 prae-

321 2359 334 2392 1
358 2357 543 2399 Pompeia.
710 2354 728 2387 7
749 2355 961 2386 continentia
978 2365 999 2386 a
1014 2355 1046 2385 b.
1209 2353 1230 2386 8
1249 2351 1439 2384 exaudistis
1458 2361 1478 2381 ιι
1495 2351 1512 2381 b
1530 2351 1550 2382 4
1570 2349 1657 2381 dett.

317 2410 370 2441 his
389 2419 423 2440 α.
563 2406 764 2438 ualitudinis
784 2416 818 2437 α.
962 2406 980 2438 9
999 2405 1158 2436 Brundisi
1177 2414 1210 2436 a.
1354 2401 1536 2434 dilectibus
1558 2401 1586 2440 b,
1610 2401 1659 2431 di-

174 2464 270 2494 lectis
288 2472 330 2501 α,·
353 2461 488 2492 delectu
507 2470 535 2490 c.
717 2457 752 2489 ll
776 2457 920 2488 coloniis
939 2456 992 2499 (a)
1005 2457 1036 2496 b,
1057 2455 1186 2487 colonis
1205 2464 1242 2486 u.
1404 2463 1443 2484 ac
1462 2457 1572 2484 tamen
1592 2462 1612 2483 α
1626 2452 1655 2491 l»,

174 2519 324 2547 attamen
343 2522 378 2543 u.
545 2509 586 2541 12
604 2508 837 2551 Dyrracbenis
858 2509 888 2539 b.
1052 2507 1092 2540 13
1112 2518 1176 2539 non
1195 2517 1264 2538 om.
1287 2506 1317 2536 b.
1484 2505 1522 2537 16
1542 2509 1659 2536 sunta

176 2568 273 2598 ‘msam
296 2558 439 2601 onirzes'‚
462 2564 578 2592 essent
596 2570 631 2590 u.
775 2558 921 2590 omnium
939 2568 1006 2590 om.
1030 2558 1061 2589 b.
1203 2557 1243 2589 18
1261 2559 1346 2587 ante
1365 2555 1450 2587 nihil
1469 2556 1551 2587 add.
1573 2561 1606 2587 ct
1624 2567 1657 2587 α.

321 2615 361 2647 19
381 2612 515 2655 Pompei
535 2622 567 2643 a.
726 2610 1037 2652 adpropinquasset
1054 2619 1087 2640 a.
1245 2608 1287 2642 20
1306 2607 1452 2638 animum
1472 2607 1622 2638 aduertit
1639 2617 1660 2638 ιι

175 2672 196 2706 2
215 2669 304 2701 dett.
325 2676 360 2697 n·
525 2663 567 2696 22
587 2659 702 2701 tertia]
721 2660 760 2692 P.
786 2660 861 2694 121.
1020 2658 1064 2692 23
1084 2658 1228 2690 Siriacis
1247 2669 1280 2689 α.
1437 2657 1619 2690 Cilicensis
1637 2668 1658 2689 a

179 2726 274 2754 ‘mss.
295 2718 341 2751 4'.
518 2714 560 2748 24
579 2712 726 2745 Aeronio
744 2723 779 2753 a,
799 2711 944 2744 Acronio
964 2712 994 2750 b,
1016 2710 1148 2742 Exonio
1162 2721 1221 2752 pr.
1243 2714 1279 2742 et
1295 2710 1453 2742 Petronio
1472 2721 1540 2742 sec.
1561 2721 1608 2742 m.
1629 2721 1658 2742 e.

309 2769 350 2803 ‘25
371 2766 422 2798 his
441 2776 474 2797 0.
616 2763 658 2797 26
678 2762 770 2794 acies
790 2772 823 2793 α.
974 2760 1018 2796 27
1037 2761 1281 2794 interiecerant
1299 2772 1319 2793 α
1333 2762 1364 2793 b.
1521 2760 1563 2795 29
1583 2771 1661 2792 con-

176 2824 353 2856 uerterant
370 2829 391 2850 a
412 2818 507 2849 ‘msa
528 2815 573 2849 4'.
715 2814 756 2846 30
777 2813 994 2856 reliquasque
1015 2814 1046 2845 b.
1190 2814 1343 2846 cohortis
1363 2824 1397 2845 α.
1555 2813 1587 2844 ἰι]
1607 2823 1663 2845 ca-

178 2874 260 2907 stris
280 2872 328 2903 ab
343 2881 371 2911 r,
393 2868 518 2901 castris
539 2878 573 2899 ιι.

1691 898 1731 931 10

1695 1238 1732 1269 15

1690 1575 1733 1609 20

1689 1913 1732 1947 25

1691 2254 1733 2286 30
