1835 3240
687 175 915 216 -12

147 288 285 341 oppido
306 295 443 337 erant,
477 289 655 343 iugulare
685 294 725 327 et
746 287 791 326 de
812 301 924 326 muro
945 285 1178 339 praecipites
1200 285 1357 326 mittere
1379 291 1623 342 coeperunt⁷‚

148 354 201 395 19
216 386 226 405 ‚
260 354 286 395 3
312 356 559 408 ‘insequenti
591 357 677 395 luce
699 354 994 393 materfamiliae
1017 354 1063 393 de
1085 366 1194 392 muro
1216 366 1259 393 se
1282 354 1448 406 deiecit,
1482 357 1528 396 ad
1552 371 1624 397 nos

145 422 369 472 transiliit',
410 423 490 470 22,
523 422 550 461 2
592 422 792 462 ‘loricatus
831 434 930 459 unus
961 433 1012 459 ex
1044 419 1200 472 legione
1233 422 1443 463 uernacula
1474 425 1522 463 ad
1554 410 1627 464 nos

145 489 367 542 transfugit'
384 521 393 538 ‚
427 489 506 538 21,
544 488 562 528 1
599 489 764 540 ‘equites
796 502 880 526 cum
914 487 991 527 leui
1014 494 1211 527 armatura
1234 501 1287 527 ex
1307 489 1627 531 aduersariorum

145 557 288 596 castris
329 557 376 596 ad
416 569 488 595 nos
532 553 864 609 transfugerunt',
907 561 946 593 et
974 553 1187 594 Mundensi
1219 555 1367 609 proelio
1400 557 1627 599 interfuisse

143 622 223 673 29,
253 623 280 663 6
312 624 458 675 ‘itaque
491 622 614 661 nostri
636 622 877 674 procedunt,
911 622 947 661 id
976 623 1076 675 quod
1097 623 1350 663 aduersarios
1373 624 1628 673 existimaba-

143 704 230 730 mus
262 689 475 738 facturos',
519 696 558 728 et
595 689 725 728 statim
759 696 844 742 post
873 703 1042 742 pugnam
1075 704 1160 730 cum
1193 687 1369 730 Caesare
1403 688 1626 732 Cordubam

143 758 304 798 uenisse
335 756 386 796 33
418 757 473 796 in.
509 753 677 795 ‘Caesar
708 770 761 796 ex
792 757 941 809 proelio
973 757 1189 797 munitione
1214 757 1452 798 circumdata
1475 756 1628 799 Cordu-

143 825 232 865 bam
262 824 386 865 uenit.
443 821 520 875 Qui
558 837 610 862 ex
649 824 769 863 caede
809 837 854 863 60
884 825 1141 877 refugerant,
1182 831 1340 881 pontem
1369 833 1624 879 occuparunt.

144 889 244 933 Cum
268 906 313 932 eo
337 899 494 931 uentum
517 897 648 939 esset,
682 890 897 931 conuiciari
919 899 1158 945 coeperunt:
1193 907 1263 932 nos
1291 907 1344 933 ex
1364 894 1511 946 proelio
1533 908 1627 946 pau-

145 973 213 999 cos
244 972 476 1012 superesse,
511 972 586 1010 quo
617 959 877 1011 fugeremus?
911 957 1055 999 Omnia
1085 960 1181 1000 haec
1205 958 1335 999 Hirtio
1368 961 1623 1011 conueniunt,

141 1026 188 1066 ab
219 1024 344 1079 Oppio
386 1033 424 1065 et
452 1025 631 1079 proxima
663 1025 792 1065 aliena
822 1033 936 1076 sunt,
977 1041 1104 1080 neque
1133 1027 1260 1067 minus
1294 1040 1393 1079 quae
1427 1041 1545 1080 snpra
1573 1042 1627 1068 ex

140 1093 243 1134 bello
264 1093 538 1134 Alexandrino
562 1094 776 1148 posuimus.
820 1092 925 1133 Nam
949 1109 1034 1135 cum
1057 1095 1191 1135 ultima
1213 1094 1376 1148 epistola
1399 1092 1623 1145 Ciceronis,

139 1162 242 1201 unde
272 1159 436 1214 Oppium
469 1159 621 1201 Romae
653 1161 775 1201 fuisse
807 1162 1106 1215 cognoscimus,
1139 1162 1186 1202 ad
1208 1161 1294 1202 Att.
1317 1161 1397 1210 XI,
1434 1161 1502 1211 18,
1536 1162 1625 1203 data

140 1229 194 1268 sit
223 1242 260 1268 a.
296 1229 333 1268 d.
368 1227 452 1268 XII
485 1226 572 1269 Cal.
599 1226 737 1280 Quint.
755 1260 765 1279 ,
801 1225 1015 1270 Caesarem
1042 1237 1169 1270 autem
1193 1228 1361 1282 Quintili
1383 1243 1518 1270 mense
1539 1229 1626 1270 An-

139 1295 308 1336 tiochiae
339 1296 380 1336 in
410 1292 527 1349 Syria
564 1297 684 1337 fuisse
716 1310 767 1336 ex
799 1311 859 1350 ep.
884 1294 940 1337 20
966 1297 1091 1337 eiusd.
1116 1298 1143 1338 l.
1170 1305 1348 1345 constet,
1384 1298 1625 1350 eundemque

138 1363 258 1404 rebus
306 1363 347 1403 in
395 1361 537 1417 Syria,
592 1361 759 1415 Cilicia,
804 1362 1078 1418 Cappadocia,
1122 1363 1399 1419 Gallograecia
1440 1366 1626 1406 celeriter

139 1431 331 1471 conlectis
382 1432 532 1484 magnis
579 1431 788 1472 itineribus
829 1432 870 1472 in
909 1431 1079 1473 Pontum
1120 1433 1373 1472 contendisse
1413 1433 1453 1472 b.
1496 1432 1620 1473 Alex.

138 1496 306 1539 65-69
336 1499 558 1549 referatur,
593 1514 669 1539 non
704 1500 858 1540 uidetur
889 1499 1064 1554 Oppius,
1099 1501 1253 1541 etiamsi
1284 1507 1373 1554 post
1393 1500 1499 1539 illum
1522 1501 1624 1541 diem

137 1564 266 1606 Roma
297 1566 344 1605 ad
378 1563 594 1606 Caesarem
625 1568 824 1621 profectus
852 1574 979 1616 esset,
1015 1568 1123 1620 prius
1146 1569 1191 1609 ad
1215 1583 1302 1608 eum
1326 1568 1534 1621 peruenire
1556 1582 1624 1620 po-

138 1633 290 1682 tuisse,
324 1646 435 1685 quam
469 1634 658 1686 proelium
692 1649 778 1674 cum
801 1633 1006 1674 Pharnace
1037 1635 1179 1674 sactum
1203 1643 1333 1682 esset,
1368 1636 1469 1687 quod
1492 1635 1624 1675 calen-

138 1700 247 1740 daria
271 1701 520 1739 Amiternina
544 1715 579 1740 a.
607 1702 643 1740 d.
669 1700 728 1742 IV
750 1700 860 1741 Non.
887 1699 1003 1742 Sext.
1030 1702 1221 1742 accidisse
1249 1703 1535 1743 demonstrant.

250 1768 390 1807 Adhuc
423 1781 523 1820 quae
555 1768 838 1822 disputauimus
862 1769 991 1810 omnia
1013 1769 1183 1810 Hirtium
1209 1770 1452 1823 suppleuisse
1475 1768 1623 1811 Caesa-

137 1835 194 1876 ris
225 1835 526 1875 commentarios
559 1837 811 1890 persuadent.
856 1835 1068 1891 Superest,
1102 1844 1145 1876 ut
1175 1838 1279 1890 ipsos
1302 1837 1421 1878 libros
1445 1839 1622 1879 conside-

136 1917 268 1944 remus
283 1933 294 1952 ,
328 1909 456 1942 utrum
489 1917 555 1943 eos
579 1918 713 1944 omnes
735 1904 781 1943 ab
805 1904 937 1944 Hirtio
959 1904 1127 1958 scriptos
1151 1918 1238 1945 esse
1261 1919 1384 1945 necne
1407 1907 1621 1948 uerisimile

137 1971 333 2011 uideatur.
376 1969 439 2009 Ad
462 1985 573 2023 quam
598 1986 678 2012 rem
701 1972 753 2011 ita
776 1972 1048 2026 aggredimur,
1078 1979 1120 2012 ut
1149 1980 1329 2012 octauum
1349 1973 1488 2012 librum
1512 1974 1557 2014 de
1578 1974 1617 2014 b.

139 2036 245 2079 Gall.
280 2037 400 2078 Hirtii
429 2052 516 2079 esse
544 2053 613 2093 pro
637 2047 743 2079 certo
768 2053 973 2093 ponamus.
1016 2038 1111 2079 Non
1143 2054 1230 2080 esse
1255 2040 1357 2079 enim
1381 2039 1501 2080 Hirtii
1524 2041 1621 2081 nihil

137 2113 221 2157 est,
255 2120 331 2159 quo
362 2106 518 2159 probari
542 2108 687 2161 possit,
721 2121 810 2148 esse
838 2114 877 2147 et
898 2105 1079 2148 Suetonii
1110 2108 1363 2160 codicumque
1395 2108 1620 2149 testimonia

137 2181 177 2215 et
207 2187 279 2224 ea,
312 2188 410 2227 quae
440 2182 646 2228 praeterea
679 2175 957 2230 exposuimus,
989 2175 1235 2215 confirmant.
1281 2172 1380 2215 Cum
1405 2176 1477 2216 hoc
1498 2177 1620 2231 igitur

136 2242 277 2295 reliqui
300 2244 570 2283 commentarii
591 2251 684 2284 sunt
706 2243 954 2297 comparandi
984 2244 1089 2297 (nam
1114 2242 1315 2298 perbreuis
1338 2242 1503 2296 epistola
1523 2244 1619 2285 Hir-

136 2310 207 2360 tii,
240 2324 337 2363 quae
366 2311 512 2364 legitur
542 2313 640 2365 apud
665 2309 746 2352 Cic.
772 2311 819 2351 ad
841 2310 926 2350 Att.
950 2309 1047 2361 XV,
1085 2309 1136 2361 6,
1172 2326 1249 2352 11011
1278 2318 1405 2365 potest
1435 2312 1482 2352 ad
1517 2313 1616 2353 hanc

135 2392 218 2419 rem
245 2377 384 2419 idonea
405 2379 572 2431 uideri):
608 2378 671 2431 qui
694 2381 724 2419 si
758 2379 840 2419 fieri
872 2379 997 2432 potuit
1027 2385 1068 2418 ut
1096 2379 1142 2418 ab
1176 2378 1305 2418 Hirtio
1327 2379 1613 2431 scriberentur,

135 2459 205 2496 ea,
238 2460 336 2499 quae
367 2461 485 2500 supra
516 2447 893 2496 demonstrauimus,
928 2459 1012 2486 eam
1047 2446 1123 2485 uim
1156 2446 1321 2493 habent,
1355 2454 1398 2486 ut
1420 2448 1502 2487 eius
1526 2462 1616 2488 esse

135 2513 388 2554 existimandi
411 2516 512 2565 sint3
546 2514 579 2553 si
610 2515 646 2554 id
680 2515 725 2554 de
748 2529 826 2554 uno
849 2521 888 2554 et
909 2514 1032 2553 altero
1051 2513 1237 2553 credibile
1260 2528 1338 2553 non
1362 2515 1458 2562 erit,
1494 2517 1548 2555 ita
1570 2516 1616 2557 de

134 2581 193 2622 his
224 2581 473 2622 statuendum
506 2588 592 2630 est,
627 2589 667 2621 ut
700 2589 738 2622 et
768 2582 862 2634 ipsis
896 2581 1187 2622 commentariis
1214 2588 1251 2622 et
1274 2582 1319 2622 iis
1342 2582 1485 2632 rebus,
1520 2599 1615 2636 quas

134 2655 250 2689 antea
272 2649 579 2698 declarauimus,
616 2650 692 2689 erit
713 2650 1174 2690 accommodatissimum.

247 2714 531 2757 Commentarii
562 2717 684 2771 igitur
713 2717 760 2757 de
783 2717 884 2757 bello
909 2716 1060 2757 Gallico
1083 2724 1245 2757 octauus
1268 2723 1307 2756 et
1330 2717 1376 2757 de
1397 2716 1499 2757 bello
1522 2717 1615 2757 Ale-

132 2784 329 2825 xandrino
369 2798 434 2825 res
476 2791 512 2824 et
554 2786 756 2825 commodo
787 2785 924 2825 ordine
954 2785 1096 2825 habent
1126 2784 1334 2838 dispositas
1365 2792 1404 2825 61
1432 2799 1615 2826 sermone

131 2860 314 2894 narratas
336 2853 484 2893 urbano
507 2859 546 2893 61
567 2853 710 2906 polito,
745 2854 808 2906 qui
832 2852 1258 2908 praestantissimorum
1282 2853 1450 2906 optimae
1472 2853 1612 2894 aetatis
