1835 3240
138 197 220 239 722
653 196 825 238 BELLI
857 194 1250 239 HISPANIENSIS

164 311 188 352 3
212 310 286 351 duo
307 309 427 350 milia.
469 309 536 351 Ex
558 324 603 351 ea
624 311 786 364 regione
808 309 935 363 oppidi
958 309 997 349 in
1020 309 1215 350 montibus
1245 317 1375 351 castra
1402 311 1536 353 habuit
1564 313 1688 366 posita

208 376 417 432 Pompeius
448 378 489 418 in
519 384 731 430 conspectu
760 383 1017 432 utrorumque
1046 377 1272 431 oppidorum
1301 391 1427 431 neque
1457 381 1537 421 suis
1567 395 1687 421 ausus

161 446 187 486 4
209 452 273 486 est
299 445 473 486 subsidio
503 444 656 485 uenire.
699 443 864 497 Aquilas
893 451 933 485 et
960 444 1074 498 signa
1095 444 1230 485 hahuit
1249 452 1330 485 XIII
1351 446 1563 499 legionum.
1607 446 1686 488 Sed

209 526 262 554 ex
283 513 421 567 quibus
444 512 585 565 aliquid
609 511 840 552 firmamenti
862 525 905 552 se
927 512 1180 553 existimabat
1201 512 1346 553 habere
1360 543 1370 562 ‚
1404 513 1502 554 duae
1529 516 1687 556 fuerunt

207 582 461 627 uernaculae,
485 593 582 632 quae
604 578 841 620 aTrebonio
864 580 1182 634 transfugerant3
1202 594 1280 620 una
1302 581 1404 621 facta
1426 594 1479 620 ex
1500 582 1679 632 coloniis,

205 662 304 702 quae
327 650 486 688 fuerunt
513 646 553 686 in
584 646 643 687 his
674 647 927 701 regionibus3
962 655 1100 701 quarta
1123 648 1194 688 fuit
1214 647 1432 688 Afraniana
1456 662 1508 688 ex
1530 648 1683 699 Africa,

158 714 183 756 5
205 730 318 770 quam
340 728 471 755 secum
494 715 728 755 adduxerat.
772 713 965 768 Reliquae
988 729 1039 756 ex
1062 715 1237 769 fugitiuis
1258 717 1288 768 †
1308 716 1523 756 auxiliares
1556 717 1684 757 consi-

204 783 376 824 stebant.
419 780 522 822 Nam
545 782 592 822 de
612 782 691 823 leui
713 790 913 823 armatura
934 791 974 824 et
995 784 1169 837 equitatu
1189 784 1305 837 longe
1327 791 1366 824 et
1386 784 1533 823 uirtute
1555 791 1594 824 et
1614 798 1685 824 nu-

156 850 185 894 8
206 864 314 890 mero
337 850 464 891 nostri
486 856 602 890 erant
629 850 871 904 superiores.
913 850 1130 892 Accidebat
1160 852 1255 902 hoc,
1289 858 1332 891 ut
1361 851 1515 904 longius
1537 851 1682 891 bellum

203 918 365 958 duceret
386 916 597 972 Pompeius
612 948 622 968 ‚
659 918 758 971 quod
780 919 867 959 loca
888 927 980 960 sunt
1001 920 1103 960 edita
1133 926 1173 960 et
1194 919 1242 959 ad
1263 926 1481 959 castrorum
1503 919 1685 959 munitio-

202 1000 273 1026 nes
296 1000 373 1026 non
397 999 531 1040 parum
554 986 710 1027 idonea.
743 985 847 1027 Nam
870 987 953 1028 fere
978 988 1094 1028 totius
1117 987 1317 1029 ulterioris
1334 986 1551 1040 Hispaniae
1572 987 1683 1041 regio

200 1061 360 1109 propter
383 1061 512 1095 terrae
534 1054 814 1095 fecunditatem
834 1056 863 1108 -1-
883 1055 1036 1110 inopem
1060 1056 1327 1108 difficilemque
1350 1053 1465 1095 babet
1483 1068 1681 1108 oppugna-

152 1121 180 1162 2
201 1122 348 1162 tionem
381 1129 420 1162 et
451 1136 529 1162 non
561 1122 688 1163 minus
719 1122 916 1176 copiosam
949 1124 1210 1176 aquationem.
1267 1122 1343 1163 Hic
1375 1121 1491 1162 etiam
1522 1128 1682 1175 propter

200 1189 457 1230 barbarorum
481 1189 640 1230 crebras
662 1190 920 1230 excursiones
943 1191 1074 1231 onmia
1094 1191 1202 1240 loca,
1226 1204 1325 1243 quae
1347 1196 1440 1230 sunt
1461 1189 1507 1228 ab
1531 1189 1681 1242 oppidis

198 1265 347 1298 remota
364 1287 374 1307 ,
409 1257 580 1297 turribus
604 1263 643 1297 et
663 1257 947 1298 munitionibus
974 1258 1214 1308 retinentur,
1238 1258 1341 1297 sicut
1361 1257 1402 1296 in
1423 1255 1562 1296 Africa
1576 1286 1586 1306 ‚
1617 1270 1682 1296 ru-

150 1324 175 1364 3
198 1326 318 1375 dere,
353 1338 431 1364 non
464 1324 607 1378 tegulis
640 1331 849 1378 teguntur3
884 1325 1077 1379 simulque
1106 1326 1146 1366 in
1178 1325 1238 1366 his
1270 1324 1415 1365 babent
1443 1323 1621 1378 speculas
1643 1331 1682 1364 et

149 1394 175 1433 4
196 1399 355 1447 propter
376 1392 617 1432 altitudinem
639 1392 755 1446 longe
777 1392 933 1446 lateque
949 1393 1205 1448 prospiciunt.
1240 1392 1337 1433 Item
1355 1392 1583 1446 oppidorum
1601 1406 1680 1432 ma-

195 1475 272 1515 gna
294 1474 383 1515 pars
407 1460 491 1500 eius
514 1459 739 1514 prouinciae
761 1461 958 1501 montibus
981 1463 1062 1502 fere
1084 1461 1233 1502 munita
1254 1467 1294 1501 et
1315 1467 1456 1501 natura
1478 1460 1678 1500 excellen-

194 1529 298 1570 tibus
321 1528 417 1569 locis
439 1535 497 1569 est
521 1528 757 1579 constituta,
792 1535 833 1569 ut
866 1529 980 1569 simul
1001 1530 1129 1570 aditus
1159 1542 1425 1582 ascensusque
1447 1527 1589 1567 habeat
1610 1526 1681 1567 dif-

146 1596 171 1637 5
194 1597 331 1638 ficiles.
375 1595 434 1637 Ita
454 1595 501 1637 ab
523 1596 876 1650 oppugnationibus
898 1604 1040 1638 natura
1061 1597 1138 1638 loci
1160 1596 1411 1646 distinemur,
1434 1602 1478 1636 ut
1498 1595 1679 1636 ciuitates

192 1664 410 1719 Hispaniae
431 1679 512 1705 non
533 1664 647 1705 facile
669 1663 716 1704 ab
738 1664 853 1705 hoste
875 1664 1094 1719 capiantur.
1137 1663 1180 1705 Id
1211 1664 1313 1718 quod
1344 1664 1385 1704 in
1413 1663 1485 1704 1100
1515 1663 1680 1716 contigit

143 1731 171 1773 6
191 1733 309 1774 bello.
351 1731 457 1773 Nam
487 1746 575 1773 cum
605 1734 712 1772 inter
740 1730 939 1786 Ateguam
972 1740 1011 1773 et
1031 1732 1222 1782 chbim,
1257 1745 1357 1787 quae
1389 1730 1528 1785 oppida
1561 1744 1678 1783 supra

191 1808 284 1841 sunt
304 1801 451 1855 scripta
465 1831 476 1851 ‚
508 1798 721 1853 Pompeius
743 1800 878 1840 habuit
899 1806 1029 1840 castra
1050 1800 1263 1841 constituta
1285 1799 1326 1839 in
1348 1805 1561 1852 conspectu
1582 1799 1678 1838 duo-

190 1882 277 1909 rum
299 1868 527 1923 oppidorum
543 1898 553 1918 ,
578 1867 625 1908 ab
647 1867 730 1908 suis
753 1868 895 1908 castris
918 1867 1076 1908 circiter
1097 1867 1203 1908 milia
1224 1880 1409 1921 passuum
1432 1873 1493 1905 IIII
1516 1879 1677 1919 grumus

191 1944 253 1978 est
275 1936 477 1977 excellens
501 1942 664 1985 natura,
688 1936 753 1988 qui
774 1936 991 1990 appellatur
1013 1942 1142 1976 castra
1163 1933 1445 1975 Postumiana:
1479 1932 1530 1972 ibi
1563 1947 1676 1987 prae-

143 2005 170 2049 9
192 2004 281 2046 sidii
304 2018 423 2045 causa
445 2003 649 2044 castellum
671 2000 824 2044 Caesar
845 2003 979 2044 habuit
1000 2002 1267 2043 constitutum.
1311 2000 1427 2055 Quod
1448 1999 1674 2055 Pompeius,

189 2073 291 2126 quod
313 2072 449 2113 eodem
480 2072 572 2125 iugo
596 2071 802 2126 tegebatur
830 2071 904 2112 loci
928 2078 1085 2122 natura,
1111 2078 1150 2111 et
1169 2077 1362 2111 remotum
1386 2076 1472 2110 erat
1492 2083 1515 2109 a
1535 2069 1676 2110 castris

189 2137 377 2181 Caesaris
393 2171 403 2190 ,
428 2139 767 2181 animaduertebat
786 2139 862 2180 loci
885 2139 1148 2180 difficultatem
1170 2146 1231 2189 et,
1266 2139 1354 2192 quia
1377 2137 1535 2178 flumine
1557 2134 1674 2177 Salso

187 2208 537 2259 intercludebatur,
563 2222 643 2248 non
664 2221 752 2249 esse
775 2208 1074 2249 commissurum
1088 2204 1318 2254 Caesarem,
1345 2213 1387 2246 ut
1408 2206 1448 2245 in
1469 2211 1578 2245 tanta
1599 2205 1675 2244 loci

140 2276 167 2317 2
188 2276 414 2317 difficultate
436 2277 484 2317 ad
505 2276 721 2317 subsidium
743 2276 974 2316 mittendum
996 2289 1039 2317 se
1062 2275 1337 2316 committeret.
1372 2271 1431 2313 Ita
1449 2273 1573 2313 fretus
1592 2272 1673 2326 opi-

331 2392 351 2423 4
370 2401 407 2423 se
426 2401 493 2423 om.
517 2391 547 2423 b.
713 2391 731 2423 6
750 2390 898 2422 Afrania
917 2391 947 2423 b.
1090 2390 1109 2423 7
1126 2388 1151 2432 ’1-
1170 2387 1373 2430 auxiliares]
1391 2388 1429 2420 P.
1449 2386 1528 2421 230.

187 2441 206 2474 9
219 2441 399 2473 accidebat
415 2441 478 2474 hoc
497 2452 583 2484 ego5
602 2441 790 2474 accedebat
808 2442 870 2473 1100
888 2452 921 2482 a,
943 2441 1131 2473 accedebat
1148 2441 1212 2473 huc
1230 2440 1377 2481 reliqui.
1396 2438 1436 2472 P.
1449 2437 1527 2470 230.

189 2493 232 2528 12
248 2491 272 2533 †
287 2492 434 2535 inopem]
454 2493 494 2525 P.
507 2493 585 2527 231.
728 2493 980 2536 difficillemque
997 2503 1032 2525 a.
1175 2493 1215 2526 13
1228 2491 1345 2534 etiam]
1365 2495 1478 2523 autem
1499 2491 1529 2521 b.

189 2544 231 2577 14
249 2543 291 2575 ad
309 2553 342 2575 a.
516 2543 553 2575 15
574 2543 782 2586 retinentur]
801 2549 835 2576 et
853 2548 979 2577 contra
999 2543 1099 2577 codd.
1118 2543 1202 2575 add.
1220 2553 1256 2575 u.
1418 2542 1459 2574 10
1479 2540 1617 2583 specula
1637 2550 1671 2570 a.

332 2595 372 2628 17
392 2596 579 2638 respiciunt
599 2597 630 2629 b.
768 2596 858 2628 idem
877 2607 911 2628 a.
1053 2597 1096 2629 18
1109 2594 1321 2638 prouinciae]
1341 2595 1374 2626 in
1391 2593 1475 2625 add.
1497 2593 1528 2624 b.

188 2647 229 2680 19
245 2656 480 2688 ascensusque
500 2646 568 2687 (a).
712 2647 754 2681 20
770 2647 986 2679 destinentur
1005 2647 1037 2678 b.
1175 2646 1219 2680 22
1234 2655 1308 2677 011111
1326 2655 1346 2676 α
1366 2645 1398 2685 b,
1417 2643 1474 2675 ubi
1493 2654 1527 2674 u.

186 2701 229 2735 23
248 2697 440 2742 Pompeius]
458 2703 496 2730 ut
514 2698 600 2730 add.
619 2710 653 2731 α.
806 2700 849 2734 26
869 2699 957 2742 1111011
975 2697 1153 2741 Pompeius
1173 2708 1194 2729 a
1215 2698 1233 2729 b
1251 2709 1280 2738 0,
1303 2697 1482 2740 Pompeius
1501 2693 1615 2726 Aldus
1633 2703 1669 2725 u.

326 2750 369 2785 27
389 2750 476 2793 1111011
496 2751 615 2782 1301113111
633 2761 654 2782 α
674 2751 750 2783 cod.
773 2752 865 2793 Vrs„
887 2751 942 2794 qui
961 2751 1078 2783 eodem
1096 2760 1129 2781 u.
1273 2754 1307 2782 et
1324 2760 1345 2782 a
1364 2750 1382 2782 b
1400 2760 1429 2790 c,
1451 2752 1486 2780 et
1504 2746 1592 2789 quod
1611 2746 1672 2778 Al-

187 2802 253 2835 dus
270 2813 306 2834 u.
451 2802 495 2836 28
514 2802 593 2845 quia
610 2812 631 2833 a
648 2801 669 2835 2
687 2802 793 2844 dett„
814 2802 902 2845 quod
919 2812 955 2834 u.
1106 2801 1148 2834 30
1168 2801 1209 2833 ab
1228 2811 1262 2833 a.
1413 2798 1613 2833 mittendum
1633 2807 1669 2830 se

184 2853 414 2886 committeret
430 2863 506 2896 ego,
527 2852 802 2886 committendum
819 2863 856 2886 se
874 2853 1027 2886 mitteret
1044 2862 1064 2885 α
1085 2853 1103 2884 b
1124 2852 1231 2885 ‘ale'i’.
1251 2852 1291 2886 P.
1311 2852 1390 2887 231.
1532 2850 1582 2883 ita
1599 2859 1621 2881 a
1634 2849 1665 2890 b,

186 2904 254 2937 ista
271 2904 384 2937 Aldus
402 2915 437 2936 u.

1713 591 1731 622 vx

1717 926 1757 958 10

1716 1264 1755 1297 15

1709 1601 1753 1635 20

1706 1940 1749 1974 25

1706 2279 1748 2311 30
