1835 3240
73 177 155 219 514
637 177 710 219 DE
742 176 932 219 BELLO
965 175 1139 226 CIVILI

145 290 217 331 bus
240 289 463 331 ciuitatibus
488 290 730 330 nobilissimo
753 304 906 342 quoque
928 297 1090 331 euocato
1106 322 1115 340 ,
1141 293 1169 344 -l-
1190 292 1277 333 bine
1308 293 1440 347 optimi
1464 294 1622 347 generis

147 359 343 399 hominum
367 372 420 398 ex
440 358 650 410 Aquitanis
673 358 971 410 montanisque,
1006 358 1069 410 qui
1092 356 1257 399 Galliam
1290 362 1532 413 prouinciam
1565 369 1624 402 at-

100 427 125 467 3
149 427 303 481 tingunt
327 457 335 465 .
353 456 362 465 .
380 457 388 465 .
408 457 416 465 .
441 427 469 477 †
484 425 673 463 Audierat
693 422 920 478 Pompeium
953 439 1021 478 per
1044 424 1321 466 Mauritaniam
1354 442 1438 467 cum
1461 429 1624 482 legioni-

146 495 218 535 bus
240 495 316 534 iter
336 494 374 532 in
400 492 626 545 Hispaniam
650 492 779 531 facere
803 493 1084 545 confestimque
1108 507 1195 533 esse
1219 501 1438 535 uenturum.
1496 495 1623 537 Simul

145 577 165 603 a
189 561 356 602 tribunis
378 560 538 598 militum
563 559 937 612 centurionibusque
959 568 1111 601 mutuas
1134 561 1319 614 pecunias
1342 564 1526 615 sumpsit3
1552 564 1620 604 bas

97 629 125 670 4
148 628 340 670 exercitui
365 626 576 666 distribuit.
623 624 712 678 Quo
742 628 845 667 facto
868 629 961 668 duas
984 642 1050 668 res
1073 636 1309 668 consecutus
1333 636 1414 678 est,
1449 631 1546 682 quod
1571 632 1625 684 pi-

146 710 268 751 gnore
291 696 441 735 animos
465 694 738 733 centurionum
764 695 942 736 dcuinxit
964 703 1000 736 et
1024 696 1236 749 largitione
1259 697 1421 736 militum
1448 698 1624 737 uolunta-

71 764 131 809 40
148 772 206 805 tes
228 762 408 804 redemit.
452 759 597 800 Fabius
621 762 870 802 finitimarum
896 764 1095 804 ciuitatum
1118 764 1268 803 animos
1293 765 1434 804 litteris
1457 764 1625 804 nuntiis-

146 845 219 884 que
242 828 469 883 temptabat.
513 827 559 868 In
583 827 721 869 Sicore
753 831 910 871 ssumine
942 838 1079 884 pontes
1113 832 1297 872 effecerat
1319 833 1412 872 duos
1436 832 1627 872 distantes

145 899 249 938 inter
270 911 313 937 se
335 897 441 936 milia
455 904 726 949 passuumttll.
762 896 834 937 llis
859 899 1041 952 pontibus
1065 899 1285 952 pabulatum
1310 899 1502 949 mittebat,
1528 899 1629 952 quod

145 980 214 1015 ea,
245 978 343 1018 quae
366 965 464 1005 citra
487 965 626 1004 flumen
652 966 830 1015 fuerant,
865 967 1132 1019 superioribus
1157 967 1290 1007 diebus
1313 974 1624 1021 consumpserat.

97 1035 123 1075 2
145 1032 231 1073 Hoc
253 1034 353 1073 idem
378 1034 460 1073 sere
491 1040 607 1085 atque
638 1033 769 1072 eadem
802 1034 848 1073 de
881 1048 996 1074 causa
1019 1033 1248 1088 Pompeiani
1281 1035 1481 1074 exercitus
1511 1034 1628 1075 duces

146 1101 364 1151 faciebant,
406 1101 621 1153 crebroque
652 1101 756 1141 inter
786 1115 828 1141 se
858 1102 1107 1154 equestribus
1139 1103 1298 1156 proeliis
1321 1102 1623 1142 contendebant.

96 1168 123 1208 3
146 1168 232 1208 Huc
256 1183 339 1208 cum
373 1169 569 1208 cotidiana
602 1168 883 1208 consuetudine
908 1183 1092 1221 egressae
1116 1170 1408 1223 pabulatoribus
1431 1169 1627 1223 praesidio

145 1237 328 1290 propiore
344 1244 470 1291 ponte
503 1236 680 1288 legiones
702 1234 903 1275 Fabianae
927 1237 1023 1275 duae
1047 1237 1188 1276 flumen
1211 1238 1475 1286 transissent,
1509 1237 1630 1290 impe-

124 1304 393 1357 dimentaque
416 1310 455 1342 et
476 1303 602 1342 omnis
636 1303 831 1355 equitatus
855 1310 1112 1355 sequeretur,
1147 1305 1276 1344 subito
1299 1305 1337 1344 ui
1360 1311 1567 1344 uentorum
1591 1310 1630 1344 et

145 1385 267 1424 aquae
290 1370 555 1423 magnitudine
590 1384 686 1423 pons
710 1378 771 1410 est
792 1371 1037 1424 interruptus
1061 1378 1097 1411 et
1120 1372 1272 1425 reliqua
1293 1372 1498 1413 multitudo
1522 1371 1628 1424 equi-

97 1438 123 1478 4
147 1445 224 1479 tum
247 1438 475 1479 interclusa.
517 1437 606 1491 Quo
630 1440 787 1492 cognito
811 1452 832 1478 a
849 1437 1005 1479 Petreio
1029 1440 1248 1480 etAfranio
1272 1454 1324 1479 ex
1345 1453 1490 1493 aggere
1512 1446 1628 1491 atque

145 1507 342 1555 cratibus,
378 1521 476 1559 quae
509 1507 666 1546 [lumine
697 1507 949 1556 ferebantur,
982 1508 1166 1548 celeriter
1186 1522 1256 1547 suo
1280 1514 1398 1561 ponte
1421 1507 1626 1556 Afranius,

147 1589 260 1628 quem
294 1575 433 1628 oppido
465 1575 687 1627 castrisque
721 1575 968 1615 coniunctum
995 1575 1185 1625 babebat,
1212 1576 1390 1629 legiones
1414 1582 1457 1614 111
1481 1574 1630 1628 equita-

143 1649 302 1695 tumque
333 1657 486 1682 omncm
520 1643 674 1682 traiecit
712 1643 938 1696 duabusque
967 1642 1155 1684 Fabianis
1188 1644 1361 1683 occurrit
1389 1643 1625 1696 legionibus.

98 1709 122 1749 5
146 1708 273 1751 Cuius
296 1711 467 1750 aduentu
490 1711 670 1750 nuntiato
693 1709 744 1750 L.
768 1709 939 1751 Plancus
955 1743 964 1761 ,
991 1712 1054 1764 qui
1077 1712 1295 1765 legionibus
1319 1717 1523 1765 praeerat,
1560 1723 1628 1749 ne-

145 1778 320 1818 ccssaria
343 1793 385 1819 re
419 1786 578 1818 coactus
611 1777 734 1818 locum
760 1779 860 1832 capit
880 1779 1122 1832 superiorem
1148 1780 1421 1831 diuersumque
1444 1778 1565 1818 aciem
1588 1777 1630 1816 in

97 1845 124 1886 6
146 1847 240 1886 duas
264 1853 394 1899 partes
418 1846 644 1895 constituit,
686 1860 733 1885 ne
766 1846 813 1886 ab
846 1848 1021 1899 equitatu
1054 1847 1332 1887 circumueniri
1363 1852 1512 1900 posset.
1568 1843 1629 1884 Ita

146 1927 384 1966 congressus
416 1914 554 1968 impari
579 1928 740 1954 numero
764 1929 925 1967 magnos
948 1915 1115 1967 impetus
1140 1915 1334 1968 legionum
1359 1914 1629 1966 equitatusque

99 1981 123 2021 7
146 1982 328 2022 sustinet.
375 1979 597 2022 Commisso
630 1982 676 2021 ab
709 1982 904 2034 equitibus
942 1982 1089 2035 proelio
1112 1983 1225 2035 signa
1247 1981 1442 2034 legionum
1466 1981 1628 2020 duarum

146 2050 281 2103 procul
304 2049 349 2089 ab
373 2049 549 2102 utrisque
572 2050 891 2102 conspiciuntur,
926 2064 1021 2103 quas
1045 2047 1093 2089 C.
1119 2049 1267 2090 Fabius
1301 2049 1487 2089 ulteriore
1509 2055 1627 2102 ponte

145 2117 319 2157 subsidio
343 2118 489 2157 nostris
512 2118 675 2157 miserat
696 2118 916 2171 suspicatus
940 2118 1024 2156 fore
1046 2118 1107 2166 id,
1143 2118 1242 2170 quod
1265 2117 1421 2165 accidit,
1449 2123 1489 2155 ut
1509 2116 1627 2155 duces

145 2186 462 2224 aduersariorum
497 2185 705 2226 occasione
738 2194 777 2225 et
807 2185 996 2226 beneficio
1027 2186 1208 2224 fortunae
1240 2185 1287 2224 ad
1320 2191 1476 2224 nostros
1500 2183 1628 2237 oppri-

145 2253 306 2293 mendos
328 2260 552 2304 uterentur.
607 2251 779 2305 Quarum
804 2253 975 2294 aduentu
998 2253 1184 2306 proelium
1209 2253 1425 2302 dirimitur,
1459 2266 1505 2292 ae
1537 2264 1628 2291 suas

291 2401 305 2433 1
330 2400 573 2432 nobilissimoa
589 2401 605 2432 b
620 2412 647 2441 e,
670 2401 882 2433 nobilissimo
902 2406 936 2433 et
956 2400 1142 2433 fortissimo
1159 2411 1194 2433 η.
1374 2399 1451 2431 liuic
1468 2399 1583 2442 optimi
1597 2409 1625 2430 c.

289 2452 308 2483 3
326 2451 349 2492 ἦ·
367 2451 524 2482 audierat
540 2462 636 2492 seqq.
657 2452 696 2483 P.
721 2452 783 2483 138
803 2455 900 2483 emir.
1063 2453 1083 2484 4
1103 2450 1306 2493 Hyspaniam
1326 2461 1360 2481 α.
1502 2450 1520 2482 7
1540 2450 1627 2482 miti-

146 2508 214 2535 tnm
234 2503 430 2534 uoluntates
450 2503 595 2534 redemit
612 2514 632 2535 α
651 2503 874 2545 Stephanus,
904 2503 1048 2534 redemit
1074 2503 1217 2534 militum
1242 2503 1438 2534 uoluntates
1467 2502 1629 2543 reliquae

147 2554 226 2586 edd.
369 2555 386 2586 0
407 2555 521 2586 effecit
540 2555 571 2586 I).
736 2556 905 2586 distantes
925 2555 1015 2586 inter
1033 2565 1069 2586 se
1086 2565 1119 2595 α,
1142 2555 1311 2586 distantes
1331 2564 1349 2585 a
1369 2564 1404 2585 se
1425 2554 1463 2594 ὂς
1483 2554 1572 2585 inter
1590 2564 1626 2586 se

145 2607 311 2639 distantes
330 2617 365 2637 u.
534 2607 572 2639 10
592 2607 619 2638 is
641 2608 799 2649 pontibus
818 2619 852 2639 a.
1018 2607 1054 2638 11
1078 2607 1198 2638 diebus
1218 2617 1286 2638 om.
1306 2617 1340 2639 α.
1505 2606 1545 2638 14
1565 2606 1627 2637 hue

146 2669 215 2690 om.
238 2659 268 2689 b.
431 2667 592 2697 egressae
610 2657 782 2696 Jnrsm'ns,
805 2666 1009 2696 congressae
1029 2656 1130 2688 eodcl.
1292 2658 1330 2689 15
1351 2657 1506 2699 propiore
1525 2660 1626 2698 ponte

148 2710 300 2749 legiones
321 2719 404 2750 eg05
425 2708 559 2751 proprio
580 2708 772 2748 relegiones
793 2719 869 2739 cam
886 2711 1032 2749 punctis
1051 2709 1114 2739 snb
1134 2719 1169 2740 re
1189 2719 1223 2749 (ι,
1248 2710 1383 2751 proprio
1405 2710 1556 2750 legiones
1576 2719 1629 2739 re-

150 2762 253 2802 liqui.
273 2761 313 2792 P.
334 2760 409 2793 141.
562 2759 600 2791 16
620 2760 652 2790 ui
674 2764 849 2792 uentorum
868 2759 1113 2801 Noruieensss,
1136 2761 1360 2793 iumentorum
1380 2762 1511 2803 reliqui
1526 2761 1624 2793 codd.

291 2812 333 2846 20
350 2823 386 2843 ιιι
404 2822 424 2842 a
441 2811 471 2851 b,
493 2822 525 2842 tv
542 2821 578 2842 u.
728 2812 770 2845 25
792 2812 955 2852 legionem
976 2823 1010 2843 ιι.
1177 2814 1219 2848 ,26
1240 2814 1410 2855 legionum
1430 2815 1571 2846 duarum
1591 2824 1623 2854 α,

151 2863 290 2895 duarum
325 2862 494 2902 legionum
515 2861 592 2893 edd.
732 2862 775 2896 28
795 2863 826 2893 id
847 2874 912 2894 om.
938 2863 968 2893 I).

1664 906 1702 938 10

1664 1243 1702 1275 15

1660 2258 1701 2290 30
