1835 3240
92 884 132 916 10

99 1222 136 1254 15

94 1558 137 1592 20

591 152 774 196 COMM.
799 153 858 196 111
879 151 1002 195 CAP.
1030 152 1225 196 10—12.
1639 158 1721 200 317

168 277 362 310 tentorum
386 267 558 320 equitum
573 266 859 319 Romanorum,
883 267 1044 308 rebellio
1068 268 1170 307 facta
1192 273 1282 320 post
1303 267 1553 320 deditionem,
1579 272 1645 312 de-

164 336 278 377 fectio
302 335 402 375 datis
425 335 626 375 obsidibus
643 366 652 384 ,
678 343 737 376 tot
759 337 960 376 ciuitatum
984 335 1230 384 coniuratio,
1264 334 1441 388 inprimis
1457 365 1466 383 ,
1500 351 1549 376 ne
1573 338 1644 378 hac

166 410 276 458 parte
310 403 492 456 neglecta
524 403 698 456 reliquae
731 404 911 444 nationes
941 404 1016 444 sibi
1047 404 1148 443 idem
1180 402 1300 443 licere
1342 403 1643 445 arbitrarentur.

165 470 302 523 Itaque
337 485 423 510 cum
456 470 708 523 intellegeret
729 485 862 511 omnes
887 472 967 511 fere
993 471 1130 511 Gallos
1154 471 1266 511 nouis
1288 471 1406 511 rebus
1430 472 1588 510 studere
1611 479 1650 512 et
1671 472 1695 512 3

169 539 215 578 ad
240 538 378 578 bellum
403 539 600 578 mobiliter
631 538 890 591 celeriterque
913 538 1107 588 excitari,
1141 553 1276 579 omnes
1307 545 1439 579 autem
1471 537 1650 578 homines

164 613 306 646 natura
328 606 496 645 libertati
520 606 677 646 studere
700 606 1237 646 etcondicionemseruitutis
1251 607 1397 655 odisse,
1422 606 1650 659 priusquam

165 675 297 727 plures
321 674 500 714 ciuitates
532 673 819 726 conspirarent,
845 674 1088 726 partiendum
1112 674 1185 713 sibi
1209 688 1253 714 ac
1274 675 1391 714 latius
1415 673 1650 714 distribuen-

168 742 258 781 dum
290 742 504 781 exereitum
529 741 696 794 putauit.
741 739 880 794 Itaque
900 740 1033 781 Titum
1055 740 1273 782 Labienum
1297 743 1467 797 legatum
1489 742 1529 781 in
1551 739 1654 781 Tre-
1675 740 1725 784 11

165 823 300 858 ueros,
327 809 391 861 qui
413 808 582 862 proximi
606 808 752 848 flumini
775 808 917 849 Rheno
940 816 1045 859 sunt,
1071 824 1157 849 eum
1181 810 1353 863 equitatu
1373 811 1505 850 mittit.
1549 808 1650 849 Huic
1671 806 1699 849 2

164 877 338 926 mandat,
363 875 511 916 Remos
534 876 783 929 reliquosque
795 874 940 931 Belgas
964 877 1077 917 adeat
1098 883 1215 930 atque
1238 878 1278 917 in
1301 879 1425 918 officio
1449 879 1652 919 contineat

165 943 479 996 Germanosque,
505 944 568 996 qui
591 945 738 983 auxilio
759 943 925 998 aBelgis
949 946 1132 985 arcessiti
1154 945 1400 996 dicebantur,
1426 947 1458 987 si
1482 961 1550 1001 per
1572 949 1651 988 uim

165 1011 331 1052 nauibus
362 1013 503 1051 flumen
534 1012 706 1052 transire
729 1020 938 1063 conentur,
971 1013 1191 1066 probibeat.
1255 1012 1436 1053 Publium
1461 1013 1652 1058 Crassum
1674 1017 1699 1058 3

166 1093 249 1119 cum
274 1080 497 1119 cohortibus
519 1079 746 1132 legionariis
761 1087 824 1118 xli
849 1087 887 1119 et
908 1095 1050 1134 magno
1073 1095 1238 1120 numero
1262 1082 1457 1134 equitatus
1473 1083 1511 1123 in
1529 1085 1654 1140 Aqui-

165 1147 312 1186 taniam
343 1147 538 1200 proficisci
572 1146 704 1196 iubet,
740 1160 788 1186 ne
821 1161 873 1186 ex
904 1148 963 1187 his
995 1148 1219 1188 nationibus
1251 1150 1400 1189 auxilia
1423 1151 1462 1189 in
1486 1149 1654 1192 Galliam

168 1215 398 1264 mittantur,
436 1229 480 1255 ae
504 1221 637 1254 tantae
660 1215 841 1255 nationes
865 1216 1173 1270 coniungantur.
1237 1214 1428 1269 Quintum
1454 1217 1653 1260 Titurium
1675 1220 1704 1261 4

169 1279 358 1322 Sabinum
389 1283 556 1336 legatum
592 1297 677 1322 eum
700 1283 920 1336 legionibus
943 1285 1069 1324 tribus
1100 1285 1139 1324 in
1161 1283 1328 1325 Vnellos
1345 1317 1354 1335 ,
1393 1283 1655 1329 Curiosolites

169 1347 452 1402 Lexouiosque
476 1350 608 1400 mittit,
635 1351 697 1403 qui
723 1365 805 1390 eam
828 1366 984 1391 manum
1008 1353 1269 1393 distinendam
1294 1361 1418 1393 curet.
1450 1353 1654 1396 Decimum
1678 1356 1703 1396 5

169 1415 332 1456 Brutum
356 1417 645 1457 adulescentem
670 1418 787 1458 classi
811 1417 1053 1472 Gallicisque
1076 1420 1260 1471 nauibus,
1289 1436 1384 1473 quas
1408 1436 1458 1462 ex
1481 1421 1656 1464 Pictoni-

170 1484 241 1524 bus
266 1492 305 1524 et
327 1483 517 1525 Santonis
538 1485 778 1539 reliquisque
800 1487 949 1541 pacatis
971 1487 1198 1541 regionibus
1229 1489 1442 1529 conuenire
1464 1490 1653 1541 iusserat,

168 1553 345 1605 praeficit
367 1559 420 1602 et,
447 1567 531 1592 eum
554 1553 717 1606 primum
742 1562 902 1607 posset,
926 1555 966 1594 in
988 1554 1168 1596 Venetos
1190 1557 1387 1609 proficisci
1409 1557 1530 1598 iubet.
1566 1557 1656 1613 lpse

172 1633 217 1659 eo
239 1620 486 1672 pedestribus
511 1621 632 1674 copiis
657 1622 872 1661 contendit.
934 1621 1063 1662 Erant
1097 1623 1286 1664 eiusmodi
1320 1626 1401 1664 fere
1432 1626 1527 1666 situs
1551 1629 1658 1681 oppi-
1679 1627 1732 1673 12

171 1687 321 1736 dorum,
347 1694 389 1727 ut
411 1688 537 1740 posita
559 1689 597 1728 in
621 1690 811 1729 extremis
834 1690 990 1743 lingulis
1014 1692 1373 1745 promunturiisque
1397 1706 1522 1746 neque
1550 1696 1657 1748 pedi-

171 1754 243 1794 bus
273 1755 419 1795 aditum
452 1756 664 1805 habereut,
702 1771 788 1796 cum
819 1771 871 1797 ex
904 1758 984 1798 alto
1015 1772 1057 1798 se
1089 1766 1223 1799 aestus
1255 1759 1528 1812 incitauisset,
1554 1764 1657 1816 quod

174 1822 271 1876 [bis]
296 1823 437 1863 accidit
457 1838 613 1878 semper
634 1825 818 1865 horarum
833 1833 897 1865 XII
919 1826 1063 1880 spatio,
1089 1841 1214 1881 neque
1238 1828 1418 1880 nauibus,
1444 1830 1546 1882 quod
1566 1845 1657 1871 rur-

316 1971 336 2003 2
355 1975 405 2003 tot
423 1972 546 2004 ciuium
566 1973 805 2016 coniuratios.
924 1976 943 2009 3
963 1976 1066 2009 licere
1086 1987 1154 2009 om.
1180 1977 1220 2010 C.
1319 1978 1338 2010 4
1358 1978 1570 2019 intelligeret
1586 1990 1654 2012 sec.

174 2033 220 2053 m.
240 2024 284 2054 Β.
462 2025 480 2057 6
500 2025 653 2058 libertati
671 2027 828 2066 studere]
847 2028 1033 2061 ‘libertatis
1052 2030 1205 2062 studiose
1224 2030 1361 2061 incitari
1381 2031 1441 2061 uel
1456 2031 1569 2063 studio
1589 2032 1657 2063 inc.

175 2073 359 2116 becses,
378 2086 526 2116 quorum
547 2079 752 2120 studioses,
774 2080 885 2111 studio
907 2091 942 2112 se
962 2082 1024 2114 de.
1168 2083 1397 2114 conditionem
1417 2084 1489 2126 (B).

173 2127 193 2158 8
212 2125 324 2158 Titum
342 2129 393 2169 B,
415 2128 455 2161 T.
475 2140 510 2161 u.
525 2155 535 2171 ,
556 2141 624 2162 om.
644 2131 870 2164 Flodoarclus
884 2142 922 2174 p.
947 2134 1009 2166 507
1028 2145 1062 2166 α.
1210 2134 1259 2177 in]
1279 2135 1369 2167 inter
1388 2135 1419 2166 b.
1576 2134 1658 2167 Tre-

172 2187 271 2209 ueros
290 2178 341 2219 B,
363 2178 527 2213 Treuiros
545 2182 787 2216 Flodoardus.
929 2186 947 2218 9
968 2187 1096 2218 flumini
1115 2197 1183 2219 om.
1196 2188 1234 2229 s.
1398 2187 1515 2219 Rhono
1534 2198 1656 2230 m.pr.

171 2230 225 2270 A,
247 2230 339 2263 Reno
358 2232 597 2267 Flodoardus.
739 2241 819 2268 sunt
837 2247 906 2269 om.
928 2238 958 2270 b.
1100 2240 1279 2281 aequitatu
1297 2240 1339 2271 B.
1504 2240 1598 2271 misit
1617 2240 1657 2272 C.

317 2283 355 2315 11
377 2284 417 2315 ab
436 2283 549 2326 Belgis
569 2286 600 2318 B
617 2290 655 2318 et
669 2287 687 2318 b
706 2288 767 2319 uel
783 2288 824 2319 ab
845 2290 910 2320 int.
933 2299 1025 2320 uers.
1042 2292 1164 2332 posito
1179 2291 1216 2331 C,
1237 2290 1383 2322 abbellis
1397 2290 1430 2321 A
1447 2290 1517 2330 (‘ab
1536 2294 1621 2322 ante
1639 2291 1658 2322 b

177 2333 311 2366 Caesar
328 2346 503 2378 nusquam
522 2338 669 2371 uidetur
680 2341 862 2382 posuz‘sse’
880 2341 1089 2382 Schnez'd.),·
1111 2341 1219 2375 Gallis
1239 2346 1368 2375 omisso
1392 2342 1457 2383 as.

175 2384 217 2420 12
234 2384 389 2418 Publium
408 2388 458 2428 B,
479 2388 516 2421 P.
537 2400 571 2420 u.
723 2392 763 2423 13
784 2392 961 2423 duodecim
981 2392 1057 2433 (B).
1246 2394 1285 2426 15
1306 2393 1466 2435 Quintum
1486 2393 1537 2431 B,
1559 2393 1600 2435 Q.
1620 2404 1656 2425 u.

326 2438 364 2470 16
386 2438 613 2472 Curiosolites
641 2443 694 2482 A,
725 2442 946 2476 Coriosolites
976 2445 1112 2485 BCD,
1144 2444 1370 2478 Curiosolitos
1394 2446 1443 2485 E,
1476 2444 1662 2477 Coriosoli-

177 2493 230 2519 tas
240 2489 277 2531 f·
464 2492 503 2525 17
522 2492 759 2536 Lexouiosque
780 2496 797 2526 b
811 2520 820 2535 ,
839 2495 1079 2538 Lexobiosque
1095 2497 1138 2529 B.
1333 2497 1508 2529 Decimum
1526 2497 1660 2538 ABE,

179 2537 220 2569 D.
240 2549 261 2570 u
280 2543 317 2571 et
332 2541 470 2574 adiecto
489 2554 557 2576 sec.
576 2555 624 2576 m.
645 2547 712 2577 int.
732 2556 826 2578 uers.
849 2547 1005 2589 eciums.
1209 2549 1249 2581 18
1268 2549 1525 2581 adulescentem
1544 2549 1662 2581 BDE

181 2593 214 2621 et
232 2601 308 2622 eum
327 2603 344 2623 o
362 2604 468 2635 super
486 2606 506 2626 u
523 2597 567 2628 A.
756 2598 796 2630 19
817 2598 997 2631 Sanetonis
1019 2600 1066 2641 C,
1088 2599 1310 2642 Santoniiss.
1477 2601 1660 2632 conuenire

182 2639 326 2681 fecerat,
346 2643 559 2687 praefecits.
701 2648 741 2680 21
764 2647 817 2690 eo]
838 2651 959 2691 cums.
1123 2652 1323 2694 obpidorum
1340 2653 1391 2683 A.
1537 2651 1580 2683 22
1600 2650 1664 2681 liu-

181 2692 272 2730 guris
291 2696 325 2724 et
343 2696 378 2725 in
397 2705 510 2738 marg.
531 2697 716 2740 Lingurum
736 2711 766 2732 e.
1021 2704 1335 2746 promunturiisque
1353 2704 1384 2735 B
1399 2703 1444 2743 C,
1466 2707 1663 2745 promuntu-

181 2742 331 2784 riisquae
351 2755 426 2777 cum
447 2756 464 2777 o
483 2758 588 2790 super
605 2761 659 2782 mu
677 2752 728 2791 A,
750 2752 1062 2795 promuntoriisqne
1092 2754 1276 2797 ‘plerique
1289 2754 1308 2795 ',
1330 2753 1660 2797 promunctoriisque

180 2794 212 2825 D
227 2794 299 2833 Es.
329 2795 410 2827 Vici.
430 2798 518 2829 insc.
541 2799 650 2832 Orell.
672 2802 774 2834 3671.
914 2804 958 2837 24
975 2804 1027 2836 bis
1045 2815 1115 2836 om.
1138 2805 1275 2846 Oaeon.,
1303 2806 1355 2837 his
1376 2816 1404 2836 e·
1440 2804 1479 2835 1'·
1501 2803 1554 2835 67-

183 2845 317 2877 accedit
334 2847 407 2878 AB
421 2846 539 2880 ΓΒΕ.
682 2852 857 2884 duodecim
875 2853 919 2885 E.
