1835 3240
90 162 173 205 542
651 163 726 206 DE
759 163 948 207 BELLO
981 162 1155 208 CIVILI

164 290 209 317 se
230 289 345 330 posse
365 276 501 317 confisi
523 283 636 326 sunt,
671 277 891 317 musculum
923 276 1040 331 pedes
1062 285 1124 318 LX
1144 277 1300 333 longum
1322 292 1374 320 ex
1395 279 1558 320 materia
1581 277 1639 319 bi-

162 345 304 398 pedali,
328 358 441 398 quem
464 358 486 384 a
508 345 607 385 turri
629 343 806 383 latericia
829 344 875 384 ad
897 345 1066 384 hostium
1087 346 1226 385 turrim
1249 361 1476 400 murumque
1499 347 1639 401 perdu-

115 410 143 452 2
164 419 321 462 cere-nt,
346 414 474 452 facere
496 411 776 462 instituerunt3
801 411 912 451 cuius
934 412 1098 452 musculi
1120 413 1218 452 haec
1240 420 1325 454 erat
1346 415 1484 455 forma.
1528 414 1641 455 Duae

163 479 327 534 primum
349 479 482 520 trabes
514 479 554 517 in
586 477 669 519 solo
701 492 828 531 aeque
858 478 1001 534 longae
1037 480 1228 520 distantes
1250 480 1355 521 inter
1375 495 1417 522 se
1439 483 1555 535 pedes
1578 489 1638 522 1111

164 547 420 595 collocantur,
446 546 562 598 inque
586 545 642 586 eis
665 545 895 587 columellae
917 548 1055 600 pedum
1078 548 1119 588 in
1149 548 1392 588 altitudinem
1413 555 1443 589 V
1463 549 1637 603 defigun-
1668 556 1686 588 5

116 614 141 656 3
165 622 241 655 tur.
285 612 367 653 Has
390 612 494 652 inter
514 626 558 654 se
579 614 772 667 capreolis
794 615 902 654 molli
924 615 1081 668 fastigio
1112 616 1380 670 coniungunt,
1412 616 1478 656 ubi
1510 617 1638 670 tigna,

163 695 264 735 quae
286 680 450 720 musculi
474 682 634 733 tegendi
656 696 774 722 causa
794 689 966 736 ponant,
992 683 1249 724 collocentur.
1292 683 1354 724 Eo
1386 697 1505 738 super
1534 685 1642 737 tigna

116 749 142 790 4
163 748 353 803 bipedalia
375 747 540 788 iniciunt
564 763 686 802 eaque
707 749 864 790 laminis
886 750 1086 803 clauisque
1108 752 1293 805 religant.
1337 751 1400 791 Ad
1423 757 1645 792 extremum

160 815 327 857 musculi
349 822 495 856 tectum
517 816 725 870 trabesque
748 824 948 858 extremas
972 819 1180 871 quadratas
1211 818 1367 873 regulas
1390 826 1451 859 1111
1473 818 1644 872 patentis

161 884 305 937 digitos
328 884 515 937 deligunt,
540 898 638 938 quae
659 886 823 936 lateres,
848 889 910 939 qui
930 900 1049 940 super
1073 887 1287 941 [musculo]
1310 893 1526 936 struantur,
1551 899 1645 926 con·
1677 891 1717 925 10

113 952 138 993 5
162 952 327 993 tineaut.
350 953 380 1005 -ξ-
400 950 461 992 Ita
483 953 667 1007 fastigato
689 960 806 1006 atque
829 954 1037 994 ordinatim
1059 961 1224 1005 structo,
1250 962 1293 994 ut
1315 954 1446 995 trabes
1469 961 1584 995 erant
1602 953 1646 993 in

161 1020 353 1075 capreolis
376 1020 608 1071 collocatae,
632 1021 820 1062 lateribus
842 1022 999 1075 lutoque
1016 1023 1230 1072 musculus,
1255 1029 1299 1062 ut
1317 1022 1364 1062 ab
1385 1023 1484 1075 igni,
1510 1021 1644 1074 quiex

113 1085 141 1127 6
161 1102 274 1128 muro
294 1088 510 1139 iaceretur,
536 1096 641 1129 tutus
665 1096 787 1139 esset,
814 1090 1053 1143 contegitur.
1089 1088 1219 1143 Super
1237 1090 1382 1130 lateres
1400 1089 1507 1130 coria
1528 1089 1642 1129 indu·

160 1162 326 1206 cuntur,
360 1169 410 1196 ne
442 1156 643 1197 canalibus
666 1171 765 1210 aqua
785 1157 951 1197 inmissa
970 1157 1116 1198 lateres
1141 1157 1286 1198 diluere
1316 1164 1466 1210 posset.
1520 1153 1644 1196 Coria

161 1230 308 1272 autem,
332 1235 382 1262 ne
402 1237 541 1264 rursus
562 1223 645 1276 igni
666 1237 712 1264 ac
733 1224 925 1278 lapidibus
949 1232 1269 1278 corrumpantur,
1295 1224 1527 1264 centonibus
1551 1237 1644 1263 con·
1675 1229 1716 1262 15

113 1291 140 1332 7
163 1298 363 1344 teguntur.
409 1289 494 1330 Hoc
527 1304 624 1344 opus
657 1305 772 1331 omne
794 1297 939 1332 tectum
962 1292 1088 1332 uineis
1111 1292 1158 1332 ad
1180 1293 1303 1346 ipsam
1326 1291 1467 1331 turrim
1489 1290 1642 1345 perfici-

158 1364 229 1398 unt
249 1357 457 1410 subitoque
478 1358 769 1412 inopinantibus
792 1358 969 1399 hostibus
989 1359 1282 1400 machinatione
1305 1359 1458 1409 nauali,
1484 1358 1643 1413 phalan-

159 1425 218 1480 gis
240 1425 427 1466 subiectis
442 1456 452 1475 ,
487 1426 537 1467 ad
557 1426 696 1466 turrim
719 1426 888 1467 hostium
912 1427 1147 1478 admouent,
1176 1435 1219 1468 ut
1239 1427 1417 1468 aedificio
1438 1427 1640 1481 iungatur.

77 1492 133 1537 '11
157 1490 247 1546 Quo
269 1494 371 1535 malo
392 1493 596 1547 perterriti
625 1493 755 1534 subito
785 1495 970 1550 oppidani
1000 1508 1101 1535 saxa
1132 1509 1246 1548 quam
1277 1494 1452 1534 maxima
1475 1499 1642 1550 possunt

158 1561 337 1602 uectibus
359 1569 594 1614 promouent
623 1562 953 1616 praecipitataque
976 1578 1087 1603 muro
1108 1563 1148 1603 in
1170 1563 1386 1603 musculum
1410 1563 1641 1602 deuoluunt.
1673 1567 1716 1603 20

157 1626 282 1669 Ictum
305 1629 469 1670 firmitas
491 1630 681 1670 materiae
702 1631 897 1680 sustinet,
933 1638 972 1671 et
1001 1632 1184 1685 quidquid
1213 1630 1351 1672 incidit
1381 1630 1537 1683 fastigio
1560 1643 1643 1669 mu-

110 1694 139 1737 2
158 1696 257 1736 sculi
280 1697 462 1738 elabitur.
506 1695 551 1738 Id
574 1698 638 1738 ubi
659 1698 816 1749 uident,
848 1705 1002 1739 mutant
1032 1699 1263 1739 consilium:
1300 1712 1417 1752 cupas
1449 1697 1561 1738 taeda
1594 1710 1641 1736 ac

158 1763 245 1816 pice
266 1765 435 1805 refertas
456 1764 672 1806 incendunt
702 1780 846 1819 easque
878 1768 926 1807 de
956 1781 1067 1807 muro
1099 1767 1140 1807 in
1168 1767 1384 1807 musculum
1407 1764 1638 1805 deuoluunt.

157 1827 364 1871 Inuolutae
377 1831 573 1881 labuntur,
600 1833 816 1888 delapsaea
837 1834 1025 1875 lateribus
1040 1835 1230 1889 longuriis
1253 1834 1450 1886 furcisque
1463 1831 1508 1873 ab
1523 1844 1642 1885 opere

110 1896 136 1938 3
158 1906 428 1940 remouentur.
485 1898 650 1941 Interim
680 1901 752 1942 suh
784 1903 961 1943 musculo
992 1903 1136 1943 milites
1170 1902 1348 1942 uectibus
1379 1902 1513 1942 infima
1542 1911 1643 1939 saxa
1672 1904 1714 1939 25

158 1966 279 2007 turris
302 1966 488 2016 hostium,
514 1957 652 2021 quibus
668 1970 920 2011 fundamenta
934 1970 1254 2020 continebantur,
1280 1968 1524 2010 conuellunt.
1548 1965 1641 2007 Mu-

303 2086 318 2119 1
348 2085 450 2129 pedes
477 2086 498 2119 2
516 2085 628 2128 dett„
659 2089 781 2130 pedum
807 2090 952 2131 reliqui.
974 2089 1058 2122 Vid.
1078 2090 1244 2132 Maclm'g.
1264 2090 1403 2122 obsera.
1423 2087 1470 2120 ad
1483 2095 1639 2129 gramm.

157 2137 241 2170 Lat.
259 2149 295 2180 p.
316 2139 372 2171 81.
563 2145 721 2182 Reputo,
744 2152 821 2173 cum
841 2144 959 2174 trabes
980 2142 1157 2184 bipedales
1175 2144 1371 2183 seoeaglnla
1386 2140 1493 2182 pedes
1512 2139 1640 2180 longae

156 2191 248 2220 satis
265 2190 552 2230 quidemfirmae
568 2194 741 2223 materiae
759 2195 916 2233 reperiri
931 2204 1001 2225 non
1020 2193 1226 2225 uideantur.
1249 2193 1348 2234 (mod
1364 2195 1482 2224 autem
1496 2191 1643 2232 Lipsius

157 2243 356 2273 musculum
376 2252 408 2273 ix
422 2242 532 2283 pedes
551 2243 694 2284 longum
711 2245 834 2285 fitisse
849 2248 1017 2286 putauit,
1038 2245 1076 2277 id
1093 2247 1250 2286 spatium
1270 2254 1380 2286 neque
1401 2243 1563 2274 idoneum
1582 2242 1642 2273 Ιιο-

156 2297 292 2326 mz'num
313 2304 498 2326 numerum
517 2305 629 2336 neque
647 2299 763 2327 nectes
781 2299 872 2328 satis
893 2297 1018 2339 longos
1035 2298 1213 2338 capiebat.
1359 2297 1381 2331 2
1398 2304 1484 2337 quae
1501 2305 1521 2325 a
1542 2294 1639 2325 ‘mssa

158 2345 201 2378 4'.
342 2345 495 2377 lateritia
514 2345 583 2387 (a).
723 2348 745 2379 4
762 2347 862 2388 longe
882 2348 914 2379 b.
1071 2349 1192 2390 pedum
1211 2349 1243 2380 b.
1401 2347 1420 2378 5
1437 2345 1639 2378 columellae

160 2396 213 2436 (α)
231 2395 250 2427 3
269 2395 371 2437 dett„
393 2407 463 2428 non
482 2396 723 2428 columnellae.
866 2398 885 2430 7
903 2408 962 2430 eos
981 2408 1084 2440 super
1103 2399 1135 2430 b.
1289 2398 1310 2429 8
1328 2397 1514 2428 immittunt
1533 2406 1573 2427 ea
1592 2396 1640 2427 la·

157 2446 258 2478 minis
279 2447 309 2478 b.
453 2448 472 2480 9
491 2448 642 2490 tectique
663 2448 778 2480 trabes
797 2459 817 2480 α
832 2449 861 2489 b,
884 2449 968 2480 tecti
987 2449 1102 2481 trabes
1119 2459 1150 2480 c.
1312 2448 1462 2490 patentis
1480 2458 1500 2479 a
1522 2447 1640 2489 ‘pleri-

158 2498 248 2539 que'.
436 2499 477 2531 10
494 2500 647 2531 musculo
665 2500 706 2532 P.
728 2500 923 2540 Manutlus,
945 2501 1116 2532 musculos
1135 2511 1156 2531 α
1178 2500 1272 2531 ‘ms-s,
1289 2499 1472 2541 plurz'mi’.
1499 2500 1538 2530 P.
1561 2499 1639 2532 147.

302 2548 495 2591 struantur]
516 2555 685 2581 conantur
704 2551 735 2583 h.
877 2551 914 2584 11
939 2551 1100 2592 fastigato
1119 2549 1174 2593 (α)
1193 2551 1211 2583 3
1230 2550 1333 2590 deth,
1359 2561 1426 2582 non
1446 2550 1638 2591 fastigiata.

303 2599 344 2631 12
362 2600 529 2631 lateribus
547 2601 677 2641 Aldux,
699 2602 732 2633 in
751 2601 919 2634 lateribus
938 2612 958 2633 α
971 2603 988 2633 b
1002 2612 1031 2632 c.
1188 2602 1258 2633 luto
1277 2604 1408 2633 omissa
1428 2601 1555 2642 copula
1575 2602 1593 2633 b
1606 2612 1634 2633 c.

300 2651 465 2682 musculis
485 2661 562 2682 cum
581 2662 598 2682 o
616 2653 750 2693 superi
767 2663 801 2684 α.
942 2653 1010 2692 igni
1033 2652 1128 2683 ‘mss.
1144 2651 1317 2693 potiores-⁹
1337 2656 1373 2683 et
1389 2662 1481 2684 corr.
1501 2662 1539 2693 a,
1563 2652 1639 2693 igne

158 2706 242 2734 anic
260 2712 351 2734 corr.
371 2712 406 2734 α.
563 2703 604 2736 14
623 2704 763 2735 inmissa
781 2714 815 2735 a.
970 2703 1080 2746 possit
1099 2704 1130 2735 b.
1274 2704 1313 2736 16
1335 2704 1442 2746 ipsum
1459 2714 1494 2735 a.

158 2752 354 2796 perficiunt]
375 2754 567 2796 perducunt
579 2765 648 2795 pro
667 2765 746 2786 nar.
766 2755 845 2786 leet.
866 2765 896 2786 c.
1039 2755 1079 2788 18
1099 2756 1326 2796 coniungatur
1340 2757 1370 2787 b.
1511 2755 1553 2788 20
1564 2765 1639 2798 per-

158 2809 297 2836 mouent
316 2805 348 2836 b.
487 2805 530 2839 24
549 2814 569 2835 a
587 2804 754 2838 lateribus
772 2816 793 2837 a
815 2806 915 2837 ‘mss.
936 2809 973 2838 et
987 2806 1063 2838 edd.
1086 2805 1194 2848 qdd.’,
1216 2807 1256 2839 ab
1276 2807 1441 2839 lateribus
1460 2817 1493 2839 u.

159 2853 266 2886 furcis
285 2857 416 2887 omissa
433 2854 556 2897 copula
576 2865 605 2887 c.
