1835 3240
82 185 167 228 780
760 190 869 233 CAE
876 189 1001 232 SARt
1009 190 1037 232 S

162 314 251 341 esse
274 300 445 351 dubium,
470 303 563 354 quin
585 310 677 343 ante
699 316 783 343 eam
807 303 908 343 diem
930 311 1122 345 uenturus
1145 312 1276 355 esset3
1300 306 1476 360 idemque
1494 304 1633 358 Balbo,

161 381 247 407 cum
270 382 354 408 eam
377 369 579 423 epistolam
600 370 778 423 legisset,
803 372 927 412 uideri
948 370 1089 413 Lamia
1112 371 1276 412 dicebat.

764 453 813 477 An
834 452 1029 481 SENATVM.

274 505 333 557 (a.
358 503 432 555 57>
460 503 575 544 Caes.
598 504 636 544 b.
667 504 779 545 Gall.
804 505 857 545 II
872 513 1010 547 amru:
1055 506 1116 548 Oh
1147 520 1289 560 easque
1319 520 1382 547 res
1413 521 1466 547 ex
1496 508 1639 549 litteris

161 569 348 612 Caesaris
371 572 453 612 dies
476 572 693 624 quindecim
717 573 950 627 supplicatio
973 574 1128 615 decreta
1152 582 1226 614 est.
1667 584 1685 615 5

273 642 329 689 (a.
354 638 425 689 55)
458 639 570 679 Idem
593 640 690 681 ibid.
716 641 790 681 IV
805 648 944 682 mvn:
989 641 1062 682 His
1102 642 1219 683 rebus
1250 642 1374 696 gestis
1417 655 1470 683 ex
1499 641 1641 682 litteris

161 705 347 749 Caesaris
370 707 517 746 dierum
541 707 681 761 uiginti
703 709 934 763 supplicatio
957 723 979 749 a
1001 717 1141 750 senatu
1164 711 1318 751 decreta
1342 717 1416 750 est.

275 782 329 823 (α.
353 771 424 825 55)
447 773 556 814 Plut.
585 775 676 816 Cat.
702 776 861 818 me·2z.51
880 794 888 817 :
920 773 994 820 ’Eu
1015 775 1179 820 τούτου
1203 780 1379 833 Καῖσαρ
1402 775 1641 832 ἐπιστολήν

157 840 336 899 γράψας
357 837 616 885 α’πέστειλεν
637 847 699 890 εἰς
720 843 803 899 τήν
821 840 1066 902 σύγκλητον
1083 861 1090 870 ·
1107 843 1163 892 αἶς
1185 844 1229 889 δὲ
1246 842 1513 900 α’νεγνώσθη
1529 846 1643 901 βλα-

157 908 358 965 σφημίας
378 910 550 957 πολλοῖς
570 914 731 969 ἔχουσα
754 913 825 956 καὶ
850 913 1116 969 κατηγορίας
1137 914 1214 956 τοῦ
1236 910 1457 960 Κάτωνος
1481 920 1576 954 cett.
1675 919 1716 953 10

271 980 330 1028 (α.
357 976 429 1030 52)
468 977 587 1019 Caes.
623 979 662 1019 b.
701 980 811 1021 Gall.
839 981 934 1022 VII
960 990 1100 1022 earm:
1136 983 1164 1035 †
1195 980 1269 1022 His
1300 981 1443 1021 litteris
1475 981 1642 1035 cognitis

159 1044 310 1086 Romae
333 1047 480 1088 dierum
504 1049 643 1103 uiginti
667 1049 897 1103 supplicatio
919 1049 1108 1090 redditur.

271 1117 330 1165 (a.
357 1114 412 1155 50
433 1122 631 1168 eoelremo)
658 1117 776 1157 Caes.
802 1117 837 1157 b.
863 1119 942 1156 εἰη.
966 1118 1011 1166 Ι,
1036 1116 1085 1166 9,
1110 1115 1159 1157 3:
1205 1115 1304 1156 Cum
1337 1117 1489 1157 litteras
1512 1118 1558 1156 ad
1581 1130 1643 1157 se-

158 1187 289 1221 natum
313 1183 479 1233 miserit,
506 1192 545 1224 ut
567 1199 701 1225 omnes
724 1184 770 1224 ab
794 1184 1035 1224 exercitibus
1059 1184 1332 1234 discederent,
1358 1198 1407 1223 ne
1429 1184 1465 1223 id
1490 1184 1642 1235 quidem

157 1248 447 1303 impetrauisse.
483 1252 650 1292 Sueton.
678 1251 797 1292 Caes.
821 1251 900 1292 29:
934 1249 1123 1291 Senatum
1146 1251 1290 1292 litteris
1314 1251 1547 1305 deprecatus
1569 1258 1645 1299 est,
1680 1259 1720 1291 15

159 1331 208 1357 ne
227 1317 301 1357 sibi
324 1318 555 1359 beneficium
580 1320 710 1374 populi
732 1319 986 1369 adimeretur,
1012 1326 1078 1358 aut
1098 1326 1141 1359 ut
1162 1319 1281 1360 ceteri
1304 1332 1457 1372 quoque
1478 1318 1643 1373 impera-

160 1391 267 1425 tores
300 1385 346 1425 ab
380 1387 619 1428 exercitibus
651 1387 914 1427 discederent.
960 1387 1146 1441 Appz'an.
1172 1387 1210 1427 b.
1235 1388 1315 1427 cz'u.
1339 1386 1406 1436 II,
1432 1386 1510 1427 32:
1547 1387 1646 1429 Πε-

157 1461 290 1510 ριεῖχε
323 1449 359 1495 δ’
388 1452 416 1508 ἡ
444 1453 592 1511 γραφή
625 1451 872 1511 κατάλογόν
892 1471 940 1497 τε
971 1454 1139 1509 σεμνὸν
1168 1451 1229 1497 ὧν
1260 1458 1302 1503 ἐξ
1322 1450 1460 1512 α’ρχῆς
1482 1450 1504 1496 ὁ
1524 1457 1646 1497 Καῖ-

159 1536 240 1574 σαρ
263 1519 500 1579 ἐπεπράχει
525 1523 597 1565 καὶ
619 1519 878 1578 πρόκλησιν,
901 1520 971 1564 ὅτι
992 1522 1359 1579 θέλοιΠομπηΐῳ
1384 1522 1647 1565 συναποθέ-

160 1592 295 1641 σθαι,
326 1585 545 1647 ἄρχοντος
577 1589 614 1632 δ”
643 1594 707 1633 ἔτι
729 1592 900 1634 ἐκείνου
923 1586 1026 1633 οὔτε
1056 1586 1382 1644 εἷποθήσεσθαι
1414 1591 1486 1633 καὶ
1508 1606 1648 1645 τιμω-
1679 1597 1722 1632 20

158 1654 233 1710 ρός
263 1652 425 1700 αὐτίκα
456 1675 503 1700 τε
532 1660 585 1717 τῇ
617 1658 797 1714 πατρίδι
827 1658 900 1701 καὶ
931 1657 1072 1716 ἑαυτῷ
1095 1658 1208 1702 κατά
1231 1657 1366 1717 τοῖχος
1387 1655 1643 1710 ιῖᾳίξεσθαι.

164 1723 252 1765 Cic.
274 1727 331 1765 acl
345 1725 460 1766 Fam.
476 1726 608 1776 XVI,
627 1727 692 1777 11,
710 1729 760 1769 2:
793 1724 947 1768 Caesar
961 1758 971 1778 ,
987 1727 1135 1768 amicus
1157 1735 1306 1778 noster,
1321 1728 1494 1768 minaces
1516 1728 1563 1767 ad
1585 1741 1646 1768 se-

159 1800 290 1833 natum
314 1801 352 1833 et
373 1794 536 1834 acerbas
559 1795 709 1836 litteras
731 1796 909 1836 miserat.

269 1864 330 1913 (a.
355 1861 429 1914 47)
465 1861 549 1902 Cic.
576 1863 685 1903 Plzz‘l.
709 1863 849 1911 XIV,
875 1862 926 1913 8,
951 1862 1032 1903 23:
1067 1862 1130 1903 Ad
1163 1871 1199 1902 te
1230 1863 1354 1916 ipsum
1372 1893 1382 1912 ,
1406 1860 1454 1902 P.
1481 1860 1643 1911 Seruili,

161 1942 250 1968 num
275 1929 380 1969 misit
403 1929 499 1969 ullas
523 1931 674 1984 collega
692 1931 845 1971 litteras
864 1932 910 1972 de
927 1932 989 1972 illa
1011 1932 1238 1972 calamitosa
1254 1944 1381 1985 pugna
1395 1929 1649 1971 Pharsalica?
1679 1937 1720 1969 25

163 2011 252 2036 num
285 2004 322 2037 te
354 1998 400 2037 dc
422 1998 706 2051 supplicatione
729 2000 854 2039 uoluit
876 2001 1056 2040 referre?
1084 1998 1270 2040 Profecto
1292 1999 1430 2039 noluit.
1466 1998 1521 2038 At
1541 1999 1648 2039 misit

161 2072 296 2118 postea
319 2066 364 2105 de
386 2065 650 2117 Alexandria,
676 2068 721 2107 dc
742 2065 964 2108 Pharnace.

763 2151 812 2174 AD
834 2150 1039 2176 LlNGONAS-

277 2203 335 2251 (a.
362 2200 434 2251 58>
460 2201 577 2242 Caes.
605 2203 643 2242 b.
674 2203 785 2243 Gall.
812 2203 857 2251 Ι,
883 2202 963 2253 26,
987 2203 1038 2244 6:
1074 2202 1227 2245 Caesar
1248 2204 1293 2243 ad
1316 2202 1519 2257 Lingonas
1542 2201 1644 2241 litte-

166 2281 230 2308 ras
261 2269 497 2323 nuntioaeque
527 2271 655 2320 misit,
691 2284 739 2310 ne
762 2285 830 2311 eos
854 2272 1047 2312 frumento
1072 2286 1171 2312 neue
1193 2272 1269 2312 alia
1290 2285 1334 2311 re
1355 2272 1558 2311 iuuarent:
1584 2267 1644 2321 qui
1678 2273 1719 2306 30

164 2334 197 2375 si
221 2335 430 2387 iuuissent,
456 2352 498 2377 sc
521 2339 655 2379 eodem
680 2340 781 2388 loco,
807 2354 882 2393 quo
905 2339 1127 2390 Heluetios,
1151 2339 1386 2380 habiturum.

310 2475 322 2506 1
347 2475 502 2517 idemque
522 2475 716 2517 Victorius,
737 2477 886 2519 itemque
906 2478 1084 2509 Mediceus
1104 2480 1140 2508 et
1156 2476 1233 2508 edd.
1250 2476 1401 2516 primae.
1574 2472 1594 2503 8
1612 2468 1648 2502 ἐκ

165 2522 307 2568 τούτου]
328 2537 403 2558 cum
429 2528 518 2559 Cato
541 2528 729 2560 Caesarem
750 2529 935 2561 Germanis
954 2529 1150 2561 dedendum
1170 2528 1377 2565 censuisset,
1401 2524 1495 2565 quod
1513 2534 1569 2554 eos
1583 2532 1650 2564 per

166 2575 329 2607 indute'as
347 2586 538 2618 aggressus
557 2582 659 2610 esset.
820 2580 858 2612 13
882 2581 940 2621 Cs-
963 2581 1065 2612 Caes.
1087 2580 1116 2610 b.
1139 2580 1207 2609 clu.
1226 2577 1244 2607 I
1260 2578 1308 2607 in.
1331 2575 1426 2606 Plnt.
1449 2574 1570 2614 Pomp.
1591 2572 1645 2604 59.

169 2627 271 2659 Caes.
293 2628 348 2659 30.
369 2629 503 2660 Antan.
526 2629 558 2660 5.
582 2629 682 2661 Cass.
703 2630 772 2661 Dio
785 2630 876 2670 A'LJ,
895 2631 925 2663 ’1.
945 2630 1108 2662 Litterae
1125 2639 1146 2659 a
1168 2628 1318 2659 Caesare
1337 2626 1511 2656 &sireniis
1531 2624 1650 2655 diebus

166 2681 257 2710 anni
274 2680 314 2711 50
331 2678 481 2711 Curioni
496 2680 603 2711 datae
623 2682 664 2712 ab
678 2682 744 2713 lzoc
756 2684 844 2723 ipsis
856 2682 940 2714 Hal.
954 2682 1030 2713 Ian.
1045 2680 1184 2712 αηηὶ49
1198 2681 1234 2709 in
1247 2681 1371 2709 senatu
1388 2677 1542 2709 traditae
1551 2679 1647 2708 sunt.

165 2730 358 2762 Suetonius
377 2741 435 2762 eas
453 2733 573 2762 minus
590 2735 683 2762 recte
701 2736 885 2774 super-sore
903 2736 1057 2774 tempore
1069 2730 1208 2762 ‹111122‘50
1221 2733 1352 2761 ‘missus
1365 2732 1504 2760 narrat.

169 2780 209 2813 16
228 2781 428 2813 heneficium
449 2781 579 2824 populi]
599 2786 640 2814 ut
655 2784 798 2815 absenti
814 2784 1039 2816 consulatum
1055 2786 1177 2824 petere
1196 2782 1330 2813 liceret.
1472 2782 1515 2816 24
1525 2780 1651 2812 Seruili

169 2844 245 2866 num
266 2834 486 2875 Naugerius,
509 2835 694 2867 Seruilium
717 2836 818 2868 codd.
1003 2836 1045 2869 25
1070 2834 1370 2867 calamitosissima
1392 2833 1468 2865 eod.
1495 2832 1650 2864 Graeuit'.

311 2885 513 2919 Pharsalica
535 2888 702 2928 Orellz'us,
725 2887 922 2920 Pharsaliae
943 2888 1042 2919 codd.
1185 2888 1226 2919 30
1247 2886 1320 2928 eos]
1341 2886 1536 2918 Heluetios.
