1835 3240
88 195 174 239 784
767 193 1047 238 CAESARIS

335 306 434 349 Cum
458 306 639 359 Graecis,
668 322 792 361 neque
814 308 855 348 in
876 308 948 348 hac
971 308 1176 361 despectus
1199 314 1308 361 parte
1328 309 1495 349 iaceres.

337 375 468 417 Vnum
492 377 564 416 hoc
586 389 765 416 maceror
787 383 825 416 et
846 376 959 416 doleo
982 374 1051 415 tibi
1071 374 1225 423 deesse,
1245 373 1440 416 Terenti'.

275 443 385 484 Plz’n.
411 444 505 484 hist.
527 442 754 493 nat.XIA'‚
770 442 811 491 8,
830 442 932 483 144:
966 441 1054 483 Nec
1078 457 1154 483 nou
1177 443 1262 482 olus
1285 456 1437 495 quoque
1459 442 1642 484 siluestre

162 519 224 554 est
252 513 367 553 trium
392 512 572 551 soliorum
594 509 688 550 Diui
709 509 798 551 Iulii
820 510 1057 551 carminibus
1080 510 1286 564 praecipue
1308 510 1480 563 iocisque
1501 511 1643 552 milita-

161 580 271 621 ribus
302 579 554 619 celebratum.
597 577 776 618 Alternis
799 578 937 632 quippe
960 578 1139 619 uersibus
1163 577 1456 631 exprobrauere
1478 578 1639 630 lapsana
1669 587 1688 618 5

160 662 203 689 se
224 648 373 688 uixisse
396 646 495 699 apud
510 644 798 699 Dyrrhachium
821 646 1082 699 praemiorum
1101 646 1378 700 parsimoniam
1395 645 1638 686 cauillantes.

160 715 236 757 Est
257 723 387 755 autem
410 714 447 753 id
470 726 583 767 cyma
604 713 816 753 siluestris.

274 782 444 821 Sucton.
477 780 597 821 Caes.
617 778 693 821 56:
728 779 907 833 Reliquit
927 788 966 822 et
987 782 1033 821 de
1057 781 1238 835 analogia
1260 781 1356 821 duos
1379 780 1499 821 libros
1523 788 1561 821 et
1578 782 1660 820 An-

159 852 352 891 ticatones
375 848 533 887 totidem
556 861 602 887 ac
626 855 830 901 praeterea
852 853 1003 903 po‘e'ma,
1030 850 1130 902 quod
1152 848 1381 889 inscribitur
1400 849 1489 889 iter.
1532 845 1640 900 Quo-

158 933 243 959 rum
276 917 463 957 librorum
487 916 629 969 primos
651 915 692 955 in
715 917 884 956 transitu
906 915 1062 970 Alpium
1078 948 1088 966 ,
1124 930 1211 957 cum
1234 930 1286 957 ex
1308 916 1492 956 citeriore
1514 915 1643 956 Gallia
1676 923 1716 955 10

159 984 419 1026 conuentibus
451 983 621 1037 peractis
650 984 699 1023 ad
721 984 939 1024 exercitum
962 984 1134 1034 rediret,
1168 991 1376 1037 sequentes
1399 984 1468 1024 sub
1491 991 1641 1037 tempus

157 1052 393 1094 Mundensis
426 1051 564 1105 proelii
587 1051 702 1102 fecit,
737 1052 993 1093 nouissimum
1009 1084 1019 1103 ,
1055 1053 1140 1092 dum
1164 1052 1211 1092 ab
1234 1052 1328 1092 urbe
1349 1052 1390 1091 in
1414 1051 1638 1105 Hispaniam

158 1121 383 1162 ulteriorem
408 1126 545 1172 quarto
568 1126 607 1159 et
628 1120 814 1160 uicesimo
837 1120 898 1160 die
920 1120 1116 1173 peruenit.

757 1230 1033 1273 INCERTA.

269 1312 458 1354 De‘omcd.
476 1327 519 1366 p.
544 1309 625 1352 365
648 1310 717 1351 R:
753 1310 895 1352 Cicero
918 1326 1125 1352 causarum
1146 1318 1252 1352 XIII:
1287 1309 1349 1351 Re
1372 1310 1546 1358 uendita,
1569 1309 1643 1349 ite·
1675 1317 1714 1349 15

156 1395 242 1421 rum
264 1387 408 1434 empta.
444 1377 558 1420 Vnde
579 1379 828 1420 manifestum
852 1380 894 1420 fit
915 1380 1048 1420 uenita
1070 1395 1147 1420 non
1171 1380 1270 1430 dici,
1298 1379 1366 1420 sed
1389 1385 1456 1418 aut
1477 1391 1640 1418 uenum-

155 1449 245 1488 data
266 1454 334 1488 aut
355 1447 527 1487 uendita.
562 1446 616 1487 Vt
639 1444 781 1487 Cicero
800 1444 849 1488 C.
866 1445 1044 1488 Caesar:
1072 1447 1372 1488 ‘Possessiones
1391 1445 1545 1496 redimi,
1571 1459 1638 1486 eas

154 1522 286 1570 postea
311 1514 429 1568 pluris
456 1514 665 1554 uenditas⁷.

274 1582 378 1624 Gell.
404 1583 516 1631 VII,
540 1581 590 1622 9:
634 1580 695 1622 M.
727 1581 879 1623 Tullius
910 1590 950 1624 et
981 1580 1031 1624 C.
1056 1580 1209 1623 Caesar
1239 1583 1401 1623 mordeo
1430 1580 1637 1629 memordi,

154 1666 284 1706 pungo
307 1650 464 1705 pepugi‚
490 1650 661 1704 spondeo
684 1652 871 1705 spepondi
895 1652 1097 1693 dixerunt.
1669 1655 1712 1687 20

273 1719 443 1771 Quintil.
473 1718 509 1768 I,
535 1718 576 1769 7,
601 1717 652 1758 21
671 1735 679 1758 :
717 1716 915 1773 Optimus,
934 1721 1147 1769 maximus,
1164 1727 1206 1760 ut
1228 1720 1391 1760 mediam
1415 1719 1424 1758 i
1447 1719 1633 1765 litteram,

155 1801 252 1841 quae
288 1785 484 1827 ueteribus
518 1800 542 1825 u
566 1787 715 1837 fuerat,
750 1787 998 1840 acciperent,
1026 1785 1074 1827 C.
1107 1788 1269 1840 primum
1293 1785 1478 1827 Caesaris
1501 1784 1638 1825 inscri-

154 1857 285 1911 ptione
317 1854 484 1894 traditur
515 1854 672 1893 factum.
718 1853 814 1894 Vel.
840 1855 974 1909 Long.
992 1869 1040 1909 p.
1066 1853 1177 1894 2228
1201 1855 1279 1895 P.:
1313 1854 1496 1906 Antiquis
1528 1853 1637 1893 uarie

155 1923 417 1977 scriptitatum
432 1928 491 1962 est
504 1922 767 1975 mancupium,
783 1922 1004 1976 aucupium,
1020 1921 1245 1971 manubiae,
1261 1922 1450 1975 siquidem
1465 1918 1513 1960 C.
1531 1919 1633 1961 Cac-

154 1984 221 2033 sar
251 1991 350 2045 peri
375 1989 557 2043 scripsit,
593 1997 635 2029 ut
656 1997 816 2044 apparet
837 2005 887 2030 ex
912 1989 1033 2030 titulis
1056 1990 1191 2043 ipsius.
1247 1989 1435 2030 Cassiod.
1461 2003 1515 2028 ea:
1540 1989 1638 2030 Cor·-
1668 1996 1709 2030 25

154 2067 251 2100 mlto
266 2074 312 2114 p.
327 2056 437 2098 2284
450 2056 497 2097 P.
516 2074 525 2096 ι
552 2055 769 2098 Lacrumae
791 2072 841 2098 an
863 2058 1062 2108 lacrimae,
1079 2071 1285 2097 maxumus
1309 2071 1357 2097 an
1373 2057 1581 2106 maximus,
1597 2063 1635 2097 et

157 2128 189 2168 si
213 2140 312 2180 quae
334 2125 475 2166 similia
496 2132 602 2175 sunt,
621 2125 736 2166 scribi
751 2125 934 2176 debeant,
949 2126 1166 2179 quaesitum
1181 2133 1255 2166 cst.
1279 2123 1492 2165 Terentius
1507 2123 1632 2164 Varro

156 2195 314 2235 tradidit
337 2192 551 2234 Caesarem
585 2207 653 2246 per
684 2193 693 2232 i
725 2193 915 2233 eiusmodi
940 2193 1059 2233 uerba
1080 2193 1234 2233 solitum
1259 2206 1346 2233 esse
1368 2191 1572 2232 enuntiare
1594 2197 1632 2230 et

155 2262 329 2303 scribere
347 2278 355 2301 :
378 2262 467 2302 inde
480 2268 640 2315 propter
651 2261 922 2301 auctoritatem
937 2261 1033 2300 tanti
1048 2261 1122 2301 uiri
1137 2260 1455 2301 consuetudinem
1472 2259 1626 2298 factam.

268 2329 421 2370 Isz'dor.
447 2330 591 2383 origg.
617 2328 700 2378 IV,
718 2327 783 2378 12,
800 2327 851 2368 7:
884 2327 1080 2378 Telinum,
1106 2329 1217 2368 cuius
1240 2325 1358 2367 lulius
1381 2323 1532 2366 Caesar
1553 2338 1633 2364 me·
1663 2330 1705 2363 30

155 2398 268 2438 minit
288 2398 446 2437 dicens:
475 2394 723 2450 ‘Corpusque
745 2396 855 2437 suaui
880 2396 999 2437 telino
1022 2395 1231 2449 ungimus'.
1493 2412 1518 2436 ο

298 2501 314 2532 5
329 2500 386 2541 Cf.
410 2501 507 2533 Caes.
530 2501 560 2532 b.
577 2503 646 2531 eia.
660 2500 724 2540 III,
739 2500 792 2540 48,
812 2500 840 2531 1.
981 2499 1099 2531 Ointcr
1117 2497 1359 2530 Memmianus.
1507 2496 1543 2527 13
1557 2505 1633 2537 per-

154 2551 264 2594 uenit]
285 2562 361 2583 cum
382 2555 506 2583 contra
525 2553 688 2594 Pompeii
706 2552 836 2583 liberos
850 2552 1151 2593 proficisceretur.
1312 2548 1351 2580 19
1373 2548 1462 2579 llaec
1480 2548 1570 2578 male
1588 2547 1635 2579 ad

155 2603 265 2634 libros
283 2601 324 2633 de
334 2602 504 2643 analogia
517 2602 631 2633 relata
645 2613 719 2633 esse
730 2602 900 2633 adiuncta
915 2601 1098 2633 Ciceronis
1111 2600 1241 2631 necatio
1254 2598 1366 2629 docet.
1508 2598 1550 2631 213
1566 2597 1634 2629 Ea-

157 2655 231 2687 dem
248 2656 351 2696 ponit
368 2653 526 2686 Isidorus
544 2656 662 2695 origg.
683 2655 708 2694 J,
730 2654 786 2694 26,
810 2654 862 2686 15.
1043 2653 1083 2684 30
1103 2651 1194 2682 Haec
1210 2651 1277 2681 alt‘c'
1296 2650 1470 2681 Straboni
1488 2650 1637 2681 Caesari

159 2705 348 2737 tribuenda
367 2706 592 2736 existimant.
621 2704 786 2746 Scaliger
803 2708 838 2736 et
852 2703 1010 2735 Grialius
1021 2704 1201 2734 senarium
1212 2702 1336 2744 saissa
1355 2704 1490 2743 putant
1511 2702 1633 2733 liuius-

156 2757 274 2789 modz':
295 2765 482 2799 corpusque
493 2756 590 2787 suaui
603 2755 698 2786 telini
711 2755 858 2796 unguine
877 2754 1044 2795 ungimur.
1154 2753 1191 2785 31
1210 2751 1325 2794 suaui]
1340 2763 1435 2784 suum
1450 2752 1632 2784 Gudianus

153 2811 309 2852 prim-us.
438 2807 555 2839 telinio
568 2816 646 2839 aar.
660 2806 741 2839 lect.
756 2807 854 2848 apud
865 2807 1077 2840 Vulcanz‘am
1091 2808 1124 2836 el
1135 2804 1235 2836 ‘alii'
1249 2805 1411 2836 Areualz'.
1539 2805 1632 2845 ungi-

158 2871 232 2893 mur
252 2858 348 2892 ‘alz'i'
368 2859 528 2891 Areuali.
