1835 3240
130 186 212 228 352
659 185 733 227 DE
756 185 943 228 BELLO
968 182 1219 227 GALLICO

157 300 183 341 2
205 296 341 339 Gallos
362 298 607 339 auctoritatis
629 305 884 352 cognouerat.
944 296 1171 338 Accedebat
1190 297 1264 338 huc
1280 328 1289 346 ,
1323 298 1423 351 quod
1452 298 1492 337 in
1515 299 1679 339 concilio

205 365 455 407 Haeduorum
478 364 700 405 Dumnorix
723 366 880 404 dixerat
901 365 974 404 sibi
997 379 1018 404 a
1041 361 1216 405 Caesare
1236 379 1398 418 regnum
1422 366 1594 406 ciuitatis
1618 366 1683 406 de-

205 434 327 484 ferri,
361 434 461 487 quod
493 434 635 472 dietum
658 431 812 471 Haedui
841 432 1018 484 grauiter
1039 432 1219 471 serebant
1241 445 1364 484 neque
1386 433 1593 473 recusandi
1615 440 1683 473 aut

206 500 438 555 deprecandi
462 513 576 539 causa
600 499 750 551 legatos
773 499 819 538 ad
831 497 1046 540 Caesarem
1069 500 1225 539 mittere
1238 499 1448 539 audebant.
1471 499 1514 540 Id
1538 502 1681 540 factum

158 569 184 610 3
205 582 258 609 ex
278 568 359 609 suis
381 566 598 619 hospitibus
622 563 775 606 Caesar
795 574 1047 621 cognouerat.
1106 565 1177 607 Ille
1208 566 1386 606 omnibus
1409 567 1532 620 primo
1553 567 1680 620 preci-

203 636 275 676 bus
298 642 430 688 petere
452 633 666 683 contendit,
691 640 734 673 ut
754 634 794 674 in
818 632 947 674 Gallia
968 635 1286 688 relinqueretur,
1311 634 1477 687 partim,
1503 636 1602 687 quod
1623 636 1684 676 in-

207 709 344 743 suetus
367 700 578 753 nauigandi
599 714 707 741 mare
729 701 901 752 timeret,
925 703 1080 756 partim,
1103 702 1204 755 quod
1227 701 1483 755 religionibus
1505 702 1683 755 impediri

158 771 183 811 4
205 784 294 811 sese
317 770 479 809 diceret.
522 766 787 821 Posteaquam
809 770 847 809 id
870 770 1064 810 obstinate
1086 769 1160 810 sibi
1182 769 1318 822 negari
1342 769 1437 809 uidit
1452 799 1462 819 ,
1487 769 1592 808 omni
1613 783 1683 824 spe

204 836 424 892 inpetrandi
446 835 623 889 adempta
644 836 839 890 principes
862 835 1015 877 Galliae
1037 837 1264 886 sollicitare,
1298 849 1487 876 seuocare
1509 836 1684 890 singulos

159 903 184 946 5
206 905 433 957 hortarique
465 904 593 957 coepit
609 935 618 953 ,
652 904 707 943 uti
739 904 779 944 in
803 905 1019 945 continenti
1041 911 1318 955 remanerent,
1343 911 1449 943 metu
1472 905 1680 944 territare:

205 986 283 1012 non
307 971 394 1011 sine
417 985 535 1011 causa
556 971 656 1021 fieri,
681 979 723 1010 ut
745 969 875 1012 Gallia
897 972 1000 1012 omni
1024 973 1228 1013 nobilitate
1250 972 1512 1026 spoliaretur,
1536 971 1574 1010 id
1596 984 1684 1011 esse

204 1039 411 1079 consilium
434 1036 622 1079 Caesaris
637 1068 647 1087 ,
673 1045 737 1087 ut,
774 1054 870 1092 quos
892 1041 932 1079 in
955 1048 1168 1095 conspectu
1191 1039 1343 1080 Galliae
1368 1039 1594 1079 interficere
1615 1052 1684 1078 ue-

157 1105 183 1146 6
204 1114 382 1154 reretur‚
416 1107 486 1146 hos
510 1120 646 1146 omnes
668 1106 709 1145 in
731 1104 977 1147 Britanniam
1000 1108 1202 1147 traductos
1225 1113 1409 1157 necaret,
1445 1106 1557 1146 fidem
1590 1105 1683 1145 reli-

205 1175 290 1228 quis
312 1176 582 1227 interponere,
606 1174 875 1213 iusiurandum
899 1188 1078 1227 poscere,
1103 1182 1161 1221 ut,
1186 1176 1287 1227 quod
1311 1188 1397 1214 esse
1421 1188 1470 1214 ex
1494 1187 1566 1213 usu
1590 1171 1684 1213 Gal-

203 1242 280 1282 liae
300 1241 608 1290 intellexissent,
634 1241 827 1280 communi
851 1241 1014 1280 consilio
1038 1242 1372 1282 administrarent.
1408 1240 1517 1280 Haec
1539 1254 1562 1280 a
1583 1254 1686 1280 com-

156 1311 184 1354 7
204 1309 379 1364 pluribus
401 1309 447 1347 ad
471 1305 685 1347 Caesarem
709 1307 1001 1347 deferebantur.
1038 1307 1127 1359 Qua
1148 1322 1191 1348 re
1214 1309 1370 1362 cognita
1393 1306 1560 1357 Caesar,
1585 1308 1686 1360 quod

203 1383 354 1416 tantum
386 1375 538 1415 ciuitati
571 1374 757 1415 Haeduae
791 1375 991 1428 dignitatis
1023 1376 1244 1425 tribuebat,
1278 1376 1537 1415 co'e'rccndum
1569 1383 1686 1427 atque

204 1444 496 1493 deterrendum,
523 1442 828 1498 quibuscumque
841 1442 959 1483 rebus
981 1450 1128 1496 posset,
1154 1442 1437 1497 Dumnorigem
1460 1442 1682 1491 statuebat,

155 1512 183 1554 2
204 1512 305 1565 quod
325 1510 482 1563 longius
506 1511 590 1550 eius
614 1510 824 1550 amentiam
848 1511 1029 1564 progredi
1052 1510 1230 1561 uidebat,
1264 1511 1576 1565 prospiciendum
1592 1541 1603 1560 ,
1636 1522 1686 1549 ne

158 1579 183 1621 3
206 1579 297 1633 quid
318 1578 393 1619 sibi
424 1592 469 1618 ac
499 1578 739 1632 reipublicae
762 1592 907 1618 nocere
929 1585 1077 1632 posset.
1129 1577 1263 1632 Itaque
1295 1579 1377 1619 dies
1411 1578 1569 1619 circiter
1588 1582 1685 1617 XXV

202 1648 243 1688 in
266 1661 314 1688 eo
344 1647 430 1686 loco
462 1653 752 1695 commoratus,
785 1646 885 1698 quod
909 1643 1039 1686 Corus
1070 1654 1213 1687 uentus
1246 1647 1534 1700 nauigationem
1565 1645 1685 1698 impe-

205 1715 358 1764 diebat,
385 1713 450 1767 qui
473 1727 653 1766 magnam
674 1723 823 1766 partem
856 1714 980 1753 omnis
1003 1715 1190 1767 temporis
1212 1715 1253 1754 in
1274 1715 1333 1754 his
1356 1715 1452 1754 locis
1475 1714 1569 1753 flare
1592 1726 1686 1752 con-

205 1782 351 1831 sueuit,
376 1781 489 1820 dabat
513 1794 687 1834 operam,
712 1787 756 1820 ut
775 1781 815 1820 in
837 1782 961 1821 officio
986 1780 1266 1835 Dumnorigem
1290 1782 1538 1831 contineret,
1564 1779 1685 1819 nihilo

157 1850 184 1890 4
205 1857 336 1890 tamen
368 1848 497 1889 secius
532 1848 662 1888 omnia
694 1849 779 1888 eius
810 1849 975 1889 consilia
998 1857 1281 1903 cognosceret:
1317 1850 1474 1890 tandem
1504 1848 1683 1888 idoneam

205 1924 344 1958 nactus
367 1922 637 1969 tempestatem
659 1916 802 1956 milites
825 1917 1050 1969 equitesque
1073 1918 1338 1957 conscendere
1360 1917 1399 1957 in
1421 1929 1542 1956 naues
1564 1914 1684 1955 iubet.

160 1986 184 2026 5
206 1983 262 2025 At
283 1984 454 2024 omnium
487 1983 670 2036 inpeditis
693 1984 833 2024 animis
856 1983 1083 2024 Dumnorix
1104 1998 1189 2024 cum
1213 1985 1407 2038 equitibus
1431 1983 1685 2024 Haeduorum

159 2051 186 2093 G
207 2067 230 2093 a
252 2051 394 2093 castris
416 2050 612 2091 insciente
635 2047 809 2092 Caesare
833 2052 986 2091 domum
1011 2052 1211 2092 discedere
1233 2052 1376 2106 coepit.
1412 2049 1502 2103 Qua
1523 2065 1565 2092 re
1587 2064 1686 2090 nun-

206 2120 301 2161 tiata
324 2115 477 2159 Caesar
496 2118 724 2159 intermissa
746 2119 989 2173 profectione
1011 2126 1127 2173 atque
1151 2119 1329 2159 omnibus
1351 2119 1470 2159 rebus
1492 2117 1686 2171 postposi-

205 2188 256 2228 tis
278 2201 458 2242 maguam
480 2193 631 2241 partem
654 2186 921 2241 equitatusad
943 2201 1031 2228 eum
1061 2187 1345 2241 insequendum
1376 2186 1496 2226 mittit
1515 2184 1684 2225 retrahi-

352 2346 367 2378 1
389 2346 476 2388 quod
495 2346 527 2378 in
546 2346 577 2378 B
595 2349 633 2378 et
647 2349 777 2388 ceteri,
799 2348 887 2390 quod
907 2348 972 2379 iam
992 2348 1024 2379 in
1045 2348 1102 2379 be.
1335 2346 1354 2378 3
1373 2355 1478 2386 graue.
1495 2354 1542 2376 m.
1560 2353 1618 2386 pr.
1641 2344 1681 2375 C.

351 2398 369 2428 5
388 2407 430 2428 ex
449 2397 519 2428 suis
538 2397 694 2429 hostibus
712 2398 757 2430 A.
959 2398 978 2430 6
997 2395 1259 2440 relinqueretur]
1279 2396 1515 2428 remitteretur
1533 2396 1550 2426 b
1570 2398 1604 2425 et
1618 2403 1683 2435 pro

209 2458 288 2480 aar.
310 2447 390 2480 lect.
412 2459 441 2479 c.
604 2448 621 2480 7
642 2450 729 2490 quod
749 2449 939 2490 legionibus
960 2450 990 2481 b.
1153 2448 1309 2491 impediri
1329 2458 1405 2480 sese
1424 2448 1556 2480 diceret
1573 2446 1684 2479 ΑΒΗ

210 2502 308 2532 ‘mss.
324 2497 515 2541 plerz'qne’‚
536 2509 612 2531 sese
632 2500 763 2532 diceret
780 2501 936 2543 impediri
955 2511 990 2533 u.
1129 2501 1147 2534 9
1166 2500 1359 2542 inpetrandi
1378 2500 1420 2532 B.
1572 2499 1686 2530 adem—

210 2556 244 2582 ta
263 2550 335 2591 (B).
480 2550 519 2584 12
539 2550 571 2581 in
591 2556 809 2592 conspectum
828 2562 859 2582 c.
1000 2552 1041 2583 14
1060 2556 1107 2591 ut,
1129 2552 1207 2593 quid
1227 2555 1320 2582 esset
1339 2551 1369 2581 b.
1504 2560 1586 2582 exsu
1606 2548 1686 2581 Gal-

209 2603 278 2634 liae
295 2611 341 2633 m.
357 2610 417 2642 pr.
436 2602 479 2632 B.
609 2601 648 2634 17
668 2602 843 2633 tribuebat
859 2602 890 2634 B
907 2606 943 2634 et
958 2602 1110 2643 reliqui,
1131 2602 1301 2633 tribuerat
1321 2603 1338 2633 b
1352 2614 1408 2634 ce.
1554 2601 1594 2633 18
1612 2600 1684 2642 qui-

210 2654 429 2694 buscumque,
451 2661 519 2683 non
539 2667 583 2674 —-
601 2662 746 2694 cunque,
766 2653 841 2694 (B).
969 2653 1009 2685 19
1028 2653 1299 2694 perspiciendum
1316 2654 1388 2684 AB
1403 2654 1470 2685 CD
1491 2653 1587 2684 ‘mssa
1607 2653 1685 2693 qui-

212 2702 317 2736 dam'.
458 2701 501 2735 20
521 2703 637 2733 noceri
656 2713 685 2734 e.
824 2702 896 2734 dies
916 2713 983 2734 om.
1004 2703 1034 2734 B
1051 2702 1098 2742 C,-
1119 2703 1257 2734 circiter
1271 2714 1342 2735 xxv
1360 2704 1478 2736 diebus
1494 2704 1540 2735 D.

213 2757 251 2790 21
275 2755 407 2787 Chorus
425 2754 456 2786 B
475 2754 569 2785 (πως.
587 2754 778 2795 plerique'.
918 2755 962 2789 22
980 2754 1010 2785 in
1030 2754 1059 2786 is
1077 2755 1119 2786 B.
1266 2755 1351 2787 locis
1370 2766 1390 2787 α
1403 2766 1442 2797 e,
1464 2765 1531 2788 om.
1552 2754 1625 2786 AB
1641 2754 1682 2786 C.

356 2808 398 2843 25
416 2807 451 2839 in
471 2816 575 2838 naues
593 2806 695 2847 A(B)
711 2806 737 2838 C
751 2806 814 2847 bc,
836 2815 941 2838 naues
961 2816 990 2837 e.
1130 2807 1172 2839 26
1193 2807 1348 2840 omnibus
1365 2808 1411 2840 A.
1556 2805 1686 2848 inpedi-

217 2860 258 2892 tis
277 2860 318 2891 B.
458 2858 502 2894 27
520 2858 693 2891 nesciente
711 2857 757 2889 D.
896 2858 938 2892 29
957 2858 1049 2890 misit
1067 2858 1084 2890 b
1097 2868 1153 2891 ce.

1711 575 1729 607 Ul

1718 911 1731 944 1

1719 1247 1758 1280 1-

1716 1921 1735 1954 10

1741 1921 1758 1952 υ(

1738 910 1757 943 O

1742 1259 1759 1279 D
