1835 3240
92 128 177 172 032
618 126 792 170 BELLI
813 125 1059 169 ALEXAN
1063 125 1201 170 DRIN
1206 127 1224 169 1

168 255 242 296 que
265 248 372 282 tuum
395 240 578 283 iudicium
600 241 814 295 saliemus),
840 240 929 281 dum
950 240 1090 294 reliqui
1112 240 1415 295 subsequantur.
1461 240 1546 283 Hos
1569 242 1653 296 qui-

168 309 252 350 dem
277 310 423 350 diutius
446 309 485 349 in
508 317 645 349 nostro
676 315 891 362 conspectu
925 308 1088 361 gloriari
1111 322 1250 362 magno
1273 309 1383 349 nobis
1407 316 1446 350 et
1468 309 1650 350 dedecori

121 376 146 418 5
170 384 209 418 et
240 377 363 418 dolori
395 377 483 417 est'.
528 374 682 417 Caesar
710 375 818 416 illum
851 375 1080 416 adhortatus
1113 382 1228 429 atque
1261 377 1439 418 omnibus
1470 377 1651 418 laudibus

120 443 148 486 6
169 453 400 501 prosecutus
423 446 488 485 dat
509 444 662 496 signum
685 457 852 498 pugnae.
907 441 1149 497 Progressas
1172 444 1273 484 ultra
1297 445 1437 484 uadum
1459 452 1519 485 1111
1541 445 1652 485 Rho-

166 514 250 555 dias
273 527 396 554 naues
421 512 713 551 circumsistunt
734 510 998 551 Alexandrini
1030 518 1146 565 atque
1176 511 1216 551 in
1246 525 1313 551 eas
1343 512 1528 565 impetum
1552 513 1646 554 faci-

165 588 250 622 unt.
297 580 505 622 Sustinent
527 578 580 618 illi
603 586 721 632 atque
743 585 829 619 arte
851 579 1094 633 solertiaque
1116 592 1159 619 se
1182 579 1408 633 explicant,
1435 593 1481 620 ac
1501 587 1652 621 tantum

166 649 344 689 doctrina
370 646 508 701 potuit,
532 653 575 686 ut
594 647 635 686 in
658 647 804 701 dispari
826 662 990 688 numero
1013 647 1120 688 nulla
1142 655 1376 688 transuersa
1398 647 1501 687 hosti
1521 646 1650 689 obice-

166 723 300 765 retur,
327 715 469 755 nullius
491 714 588 754 remi
612 714 938 770 detergerentur,
970 716 1038 756 sed
1062 729 1218 770 semper
1239 714 1488 756 uenientibus
1511 715 1651 756 aduer-

119 784 145 826 7
166 798 234 826 sae
258 789 529 824 occurrerent.
588 780 751 823 Interim
775 791 867 824 sunt
887 784 1062 837 reliquae
1084 783 1336 824 subsecutae.
1388 781 1490 822 Tum
1512 795 1652 823 neces-

169 852 272 892 sario
296 851 511 891 discessum
536 849 582 890 ab
605 857 691 891 arte
713 858 773 891 est
795 859 956 906 propter
976 851 1179 906 angustias
1197 851 1288 901 loci,
1313 857 1428 905 atque
1441 865 1555 891 omne
1568 864 1653 892 cer-

119 918 146 960 8
167 927 299 960 tamen
322 919 360 959 in
383 919 530 960 uirtute
553 919 744 960 constitit.
776 919 919 974 Neque
942 934 1039 961 uero
1060 919 1332 961 Alexandriae
1354 919 1428 959 fuit
1448 919 1652 972 quisquam

166 995 235 1028 aut
257 995 482 1028 nostrorum
505 994 572 1027 aut
593 987 900 1042 oppidanorum,
934 989 996 1042 qui
1031 995 1101 1028 aut
1131 988 1170 1027 in
1200 1001 1319 1042 opere
1351 995 1418 1027 aut
1449 987 1489 1027 in
1522 1001 1652 1041 pugna

166 1063 395 1110 occupatum
419 1056 588 1096 animum
613 1055 819 1106 haberent,
844 1056 935 1110 quin
958 1056 1147 1097 altissima
1171 1063 1274 1096 tecta
1297 1061 1450 1110 peteret
1470 1062 1586 1108 atque
1598 1067 1649 1094 ex

168 1125 272 1164 omni
295 1131 505 1178 prospectu
537 1124 663 1164 locum
695 1124 920 1179 spectaculo
944 1131 1100 1179 caperet
1122 1124 1382 1178 precibusque
1404 1130 1444 1164 et
1466 1122 1569 1163 uotis
1592 1122 1650 1162 ui-

90 1191 145 1236 16
169 1191 329 1232 ctoriam
362 1193 444 1232 suis
477 1192 525 1232 ab
548 1192 619 1232 diis
643 1193 916 1233 inmortalibus
940 1199 1190 1246 exposceret.
1244 1189 1409 1231 Minime
1430 1197 1558 1231 autem
1582 1203 1652 1244 par

166 1267 253 1301 erat
283 1260 423 1314 proelii
455 1267 670 1300 certamen.
725 1259 890 1300 Nostris
922 1260 1024 1300 enim
1060 1259 1221 1314 [pulsis]
1246 1272 1372 1312 neque
1394 1265 1502 1299 terra
1525 1272 1652 1311 neque

164 1328 264 1367 mari
286 1328 470 1381 effugium
494 1327 659 1368 dabatur
680 1327 795 1367 uictis
811 1358 822 1378 ,
857 1328 1065 1381 omniaque
1087 1326 1301 1368 uictoribus
1325 1332 1437 1367 erant
1459 1327 1589 1367 futura
1610 1325 1652 1366 in

118 1397 145 1438 2
166 1396 343 1436 incerto:
369 1396 440 1445 illi,
466 1395 498 1436 si
521 1402 777 1450 superassent
798 1395 982 1446 nauibus,
1007 1395 1138 1436 omnia
1155 1402 1362 1446 tenerent,
1387 1395 1421 1435 si
1441 1395 1651 1436 inferiores

117 1463 143 1503 3
166 1464 356 1514 fuissent,
390 1463 579 1517 reliquam
613 1471 742 1505 tamen
776 1465 972 1504 fortunam
1002 1464 1334 1518 periclitarentur.
1400 1460 1526 1503 Simul
1556 1462 1651 1503 illud

165 1546 287 1588 graue
310 1547 356 1573 ae
378 1532 564 1573 miserum
587 1532 811 1582 uidebatur,
836 1546 1054 1587 perpaucos
1078 1533 1124 1573 de
1146 1546 1296 1572 summa
1317 1546 1450 1572 rerum
1472 1545 1518 1572 ac
1530 1531 1576 1572 de
1589 1544 1652 1571 sa-

163 1600 244 1642 lute
267 1600 437 1641 omnium
461 1601 690 1652 decertare3
726 1615 892 1654 quorum
922 1600 956 1641 si
985 1600 1049 1654 qui
1071 1607 1138 1640 aut
1159 1600 1287 1640 animo
1310 1607 1377 1640 aut
1396 1600 1542 1640 uirtute
1565 1613 1651 1640 ces-

164 1669 301 1720 sisset,
325 1669 486 1723 reliquis
510 1669 626 1710 etiam
649 1676 757 1710 esset
777 1669 1016 1719 cadendum,
1054 1668 1192 1721 quibus
1216 1682 1286 1723 pro
1308 1682 1350 1708 se
1373 1667 1572 1722 pugnandi
1594 1667 1652 1707 fa-

116 1736 144 1778 4
166 1739 292 1779 cultas
314 1752 393 1778 non
417 1738 572 1779 fuisset.
618 1736 727 1778 Haec
749 1737 1017 1791 superioribus
1040 1736 1176 1777 diebus
1198 1749 1483 1790 saepenumero
1498 1733 1652 1776 Caesar

164 1806 245 1846 suis
269 1814 525 1860 exposuerat,
550 1812 592 1845 ut
613 1806 686 1846 hoc
709 1806 857 1845 maiore
878 1805 1008 1845 animo
1031 1804 1334 1854 contenderent,
1359 1803 1459 1857 quod
1481 1803 1651 1843 omnium

117 1872 142 1914 5
165 1874 331 1914 salutem
355 1873 429 1914 sibi
453 1874 762 1914 commendatam
785 1874 982 1914 uiderent.
1017 1872 1168 1913 Eadem
1191 1887 1303 1913 suum
1328 1872 1492 1925 quisque
1515 1878 1653 1912 contu-

163 1941 383 1991 bernalem,
409 1941 592 1992 amicum,
616 1949 748 1982 notum
773 1955 1016 1996 prosequens
1039 1948 1122 1981 erat
1147 1940 1382 1988 obtestatus,
1407 1953 1457 1980 ne
1471 1953 1579 1980 suam
1593 1945 1652 1979 at-

165 2024 241 2064 que
263 2009 436 2050 omnium
461 2010 615 2051 falleret
627 2010 868 2064 opinionem,
893 2023 1056 2062 quorum
1078 2008 1220 2049 iudicio
1235 2007 1408 2048 delectus
1421 2008 1468 2048 ad
1483 2021 1652 2061 pugnam

116 2076 144 2118 6
165 2077 498 2132 proficisceretur.
541 2076 676 2131 Itaque
700 2078 772 2118 boe
794 2078 924 2118 animo
948 2084 1006 2118 est
1030 2078 1272 2117 decertatum
1287 2106 1297 2123 ,
1322 2083 1363 2116 ut
1385 2089 1512 2129 neque
1534 2075 1652 2116 mari-

164 2147 270 2187 timis
292 2146 540 2200 nauticisque
562 2146 723 2187 solertia
746 2153 861 2199 atque
876 2160 941 2186 ars
955 2145 1192 2200 praesidium
1215 2145 1353 2194 ferret,
1377 2157 1502 2196 neque
1517 2155 1652 2182 nume-

164 2229 209 2256 ro
232 2215 390 2255 nauium
413 2214 706 2269 praestantibus
719 2214 927 2255 multitudo
950 2214 1170 2268 prodesset,
1195 2225 1321 2265 neque
1344 2211 1437 2251 flexi
1460 2212 1507 2251 ad
1528 2210 1652 2250 uirtu-

164 2290 243 2323 tem
266 2296 287 2323 e
309 2289 419 2323 tanta
441 2283 689 2324 multitudine
723 2283 800 2323 uiri
822 2282 958 2323 uirtuti
981 2289 1205 2322 nostrorum
1228 2286 1392 2335 possent
1412 2278 1648 2332 adaequare.

115 2350 141 2391 7
166 2349 331 2405 Capitur
352 2351 425 2392 hoc
447 2351 594 2406 proelio
617 2350 907 2406 quinqueremis
929 2363 1008 2390 una
1029 2356 1069 2391 et
1088 2349 1250 2390 biremis
1273 2362 1359 2389 eum
1378 2345 1652 2388 defensoribus

309 2524 327 2554 4
348 2533 458 2564 pugna
479 2523 510 2554 b.
652 2523 845 2567 progressis
865 2524 882 2555 b
901 2526 936 2556 et
953 2526 1038 2555 ante
1055 2531 1147 2554 corr.
1168 2531 1202 2553 a.
1363 2519 1382 2552 6
1401 2524 1503 2561 atque
1523 2524 1597 2551 rate
1616 2529 1650 2551 α.

311 2573 353 2606 12
371 2583 481 2614 pugna
500 2585 521 2605 a
536 2574 553 2605 b
567 2585 596 2614 c,
618 2576 867 2617 oppugnatione
886 2585 920 2606 ιι.
1126 2572 1166 2605 13
1186 2571 1354 2603 haherent
1371 2581 1391 2601 a
1405 2581 1432 2610 c,
1455 2570 1598 2602 baberet
1614 2580 1650 2600 u.

310 2624 350 2657 15
364 2624 602 2656 inmortalibus
615 2636 648 2656 a.
794 2626 832 2658 16
846 2625 954 2668 pulsis
967 2624 1082 2664 codd„
1098 2633 1239 2665 prorsus
1252 2622 1455 2664 Stephanus
1469 2631 1503 2652 u.
1518 2621 1555 2652 P.
1574 2620 1650 2652 190.

306 2676 350 2709 20
369 2677 409 2707 de
429 2686 558 2708 summa
578 2687 689 2708 rerum
709 2688 777 2708 om.
799 2678 863 2708 ab.
1043 2676 1088 2710 22
1106 2675 1294 2706 cadendum
1313 2673 1440 2713 Aldus,
1462 2672 1651 2704 cauendum

166 2727 266 2760 codd.
407 2727 451 2760 24
468 2728 595 2759 maiore
619 2729 714 2759 ‘mss.
735 2732 772 2759 et
788 2728 865 2759 edd.
887 2726 995 2769 (Idci),
1017 2726 1136 2758 maiori
1157 2726 1211 2766 (a)
1225 2737 1258 2757 u.
1423 2724 1466 2757 29
1487 2723 1652 2755 nauticis-

166 2782 247 2823 que]
265 2790 373 2822 neque
392 2779 541 2811 nauticis
561 2780 592 2811 b.
755 2779 909 2811 sollertia
927 2789 961 2810 α.
1115 2778 1156 2810 30
1175 2777 1264 2809 flecti
1282 2787 1302 2808 a
1315 2777 1345 2809 b.
1366 2777 1406 2808 P.
1430 2776 1505 2808 190.

166 2834 203 2866 31
227 2844 243 2865 e
264 2844 283 2864 a
299 2833 330 2873 b,
351 2843 392 2865 ex
411 2843 446 2864 u.
589 2832 785 2875 adaequare
804 2832 823 2866 2
843 2831 947 2872 dett„
969 2831 1205 2873 adaequarent
1222 2840 1291 2870 ac;
1311 2827 1498 2871 adaequari
1517 2837 1549 2858 u.

1685 858 1726 892 10

1684 1196 1725 1229 15

1681 1537 1726 1570 20

1683 1877 1726 1913 25

1684 2216 1727 2249 30
