1835 3240
97 883 137 917 10

98 1225 136 1257 15

97 1907 139 1939 25

99 2248 140 2280 30

702 141 889 187 CAPVT
910 141 1111 186 12—15.
1641 143 1722 186 631

169 269 333 306 suerunt
363 273 484 314 seque
516 259 563 300 ad
595 258 882 313 confligendum
905 256 1084 298 omuibus
1105 255 1225 296 rebus
1248 265 1500 309 parauerunt.
1545 255 1648 300 Cae·
1671 258 1695 299 5

169 346 236 374 sar
254 329 431 371 Rhodias
454 341 577 369 naues
599 334 691 368 VIIII
725 327 893 368 babebat
923 329 1030 379 (nam
1063 325 1195 365 decem
1218 324 1350 364 missis
1372 338 1448 364 una
1470 325 1509 364 in
1531 339 1649 366 eursu

170 398 324 454 [litore]
347 396 545 451 Aegyptio
568 396 802 448 defecerat),
826 393 1014 434 Ponticas
1035 400 1128 442 vul,
1153 390 1301 448 Lycias
1315 397 1359 441 V,
1384 404 1434 431 ex
1448 392 1545 432 Asia
1567 400 1646 433 XII.

166 466 234 507 Ex
256 466 316 506 bis
339 473 452 506 erant
474 466 774 518 quinqueremes
797 469 833 503 et
856 463 1126 515 quadriremes
1147 467 1204 510 X,
1229 459 1404 513 reliquae
1425 459 1527 499 infra
1550 460 1650 500 banc

170 534 478 588 magnitudinem
501 540 539 573 et
559 533 769 587 pleraeque
790 538 967 586 apertae.
1028 528 1182 570 Tamen
1204 528 1350 569 uirtute
1373 527 1538 567 militum
1560 541 1652 567 con-

168 604 264 644 fisus
287 602 455 656 cognitis
478 601 648 642 hostium
671 600 792 653 copiis
815 612 858 639 se
881 598 927 639 ad
951 598 1213 638 dimicandum
1236 596 1410 651 parabat.
1435 593 1651 648 Postquam
1671 594 1726 640 14

169 686 216 712 eo
239 678 398 711 uentum
420 677 504 720 est,
544 676 587 709 ut
609 668 683 709 sibi
706 674 872 721 uterque
894 667 1131 717 confideret,
1167 664 1320 706 Caesar
1340 662 1500 704 Pharon
1522 663 1652 704 classe

169 739 478 780 circumuehitur
506 738 773 790 aduersasque
806 749 928 776 naues
960 735 1138 775 hostibus
1170 733 1397 774 constituit:
1438 731 1480 773 in
1511 731 1652 772 dextro

169 822 292 848 cornu
315 805 491 847 Rhodias
525 805 717 855 collocat,
749 805 789 844 in
819 803 981 844 sinistro
1003 801 1205 843 Ponticas.
1257 800 1367 842 Inter
1389 800 1460 840 has
1482 798 1653 854 spatium

170 883 278 916 CCCC
301 888 484 929 passuum
507 873 720 927 relinquit,
746 873 846 926 quod
869 872 964 912 satis
988 884 1076 912 esse
1100 871 1146 910 ad
1170 869 1424 923 explicandas
1447 881 1569 908 naues
1591 866 1652 907 ui-

169 944 346 985 debatur.
389 941 488 982 Post
519 941 620 982 hunc
652 941 827 981 ordinem
859 940 1030 993 reliquas
1063 951 1186 978 naues
1218 936 1391 977 subsidio
1426 935 1650 985 distribuit3
1674 932 1702 974 2

169 1025 267 1066 quae
289 1024 483 1064 quamque
506 1022 639 1049 earum
661 1015 850 1061 sequatur
871 1015 910 1047 et
932 1007 995 1047 cui
1026 1005 1263 1055 subueniat,
1302 1004 1505 1045 constituit
1536 1010 1654 1057 atque

166 1080 347 1134 imperat.
386 1076 483 1118 Non
505 1077 728 1117 dubitanter
739 1075 1005 1116 Alexandrini
1028 1074 1193 1115 classem
1216 1073 1438 1127 producunt
1458 1078 1572 1124 atque
1593 1071 1654 1111 in·
1676 1069 1700 1111 3
1719 1121 1723 1126 .

167 1153 348 1189 struunt:
373 1146 414 1187 in
436 1147 565 1186 fronte
588 1145 785 1186 collocant
806 1151 920 1194 XXII,
944 1144 1117 1197 reliquas
1139 1140 1395 1182 subsidiarias
1417 1140 1457 1180 in
1480 1140 1654 1180 secundo

169 1216 307 1256 ordine
329 1214 589 1255 constituunt.
646 1212 835 1268 Magnum
867 1219 1077 1267 praeterea
1099 1224 1302 1252 numerum
1325 1209 1519 1249 minorum
1543 1207 1650 1248 naui-
1675 1205 1702 1247 4

169 1285 321 1339 giorum
345 1290 384 1324 et
406 1282 638 1337 scapharum
661 1283 881 1336 producunt
902 1294 988 1321 cum
1012 1278 1203 1320 malleolis
1224 1277 1484 1333 ignibusque,
1510 1276 1543 1316 si
1566 1275 1657 1329 quid

168 1353 252 1407 ipsa
266 1351 473 1392 multitudo
490 1358 528 1391 et
542 1351 690 1391 clamor
701 1357 741 1390 et
762 1350 915 1390 flamma
936 1348 1084 1389 nostris
1107 1346 1273 1388 terroris
1295 1346 1453 1385 adferre
1475 1350 1652 1398 possent.

171 1420 300 1461 Erant
321 1420 426 1460 inter
447 1420 541 1459 duas
565 1419 713 1459 classes
736 1419 836 1459 uada
860 1417 1029 1458 transitu
1051 1422 1243 1470 angusto,
1270 1427 1369 1467 quae
1391 1412 1588 1467 pertinent
1608 1411 1657 1452 ad
1678 1410 1703 1452 5

169 1485 557 1542 regionem‘Africae
579 1487 656 1539 (sie
680 1486 782 1526 enim
806 1486 1061 1540 praedicant,
1093 1491 1242 1538 partem
1275 1495 1363 1523 esse
1385 1480 1658 1521 Alexandriae

170 1557 364 1598 dimidiam
386 1555 596 1609 Africae),
632 1555 805 1608 satisque
835 1555 901 1595 diu
932 1555 1036 1595 inter
1065 1553 1173 1608 ipsos
1208 1558 1269 1592 est
1296 1556 1573 1605 expectatum,
1608 1547 1655 1588 ab
1677 1545 1704 1586 6

169 1626 270 1667 utris
292 1626 404 1665 fieret
424 1623 653 1664 transeundi
675 1622 845 1673 initium,
871 1629 1080 1677 propterea
1102 1621 1204 1674 quod
1233 1621 1294 1670 ei,
1329 1617 1393 1672 qui
1419 1618 1653 1667 intrassent,

170 1701 209 1734 et
230 1693 276 1734 ad
299 1692 569 1746 explicandam
594 1691 761 1731 classem
784 1697 823 1732 et
844 1691 891 1731 ad
913 1697 1130 1744 receptum,
1155 1689 1188 1730 si
1211 1688 1346 1728 durior
1366 1685 1574 1727 accidisset
1592 1697 1657 1725 ca-

169 1776 236 1804 sus
252 1793 263 1813 ,
300 1760 568 1815 impeditiores
592 1760 675 1799 fore
698 1759 948 1799 uidebantur.
992 1757 1159 1798 Rhodiis
1183 1755 1350 1797 nauibus
1372 1760 1557 1809 praeerat
1576 1751 1659 1793 Eu-
1680 1750 1734 1796 15

168 1830 363 1884 phranor,
395 1828 514 1869 animi
535 1827 806 1881 magnitudine
828 1841 873 1867 ac
894 1827 1042 1867 uirtute
1064 1826 1190 1880 magis
1214 1838 1299 1865 cum
1322 1823 1469 1864 nostris
1492 1820 1658 1862 homini-

170 1898 241 1938 bus
275 1911 388 1951 quam
419 1911 505 1937 cum
529 1894 699 1936 Graecis
731 1896 1031 1950 comparandus.
1089 1893 1166 1935 Hic
1189 1893 1237 1934 ob
1260 1892 1505 1933 notissimam
1528 1890 1658 1930 scien·
1679 1887 1708 1930 2

171 1967 263 2006 tiam
286 1973 402 2019 atque
424 1964 545 2005 animi
566 1964 874 2017 magnitudinem
897 1964 1069 2005 delectus
1093 1969 1155 2003 est
1175 1961 1221 2002 ab
1243 1960 1426 2009 Rhodiis,
1451 1959 1516 2012 qui
1538 1958 1659 2012 impe-

169 2034 271 2075 rium
294 2032 432 2074 classis
455 2032 666 2072 obtineret.
713 2028 791 2084 Qui
814 2031 878 2071 ubi
901 2029 1088 2072 Caesaris
1111 2030 1283 2071 animum
1306 2028 1493 2077 aduertit,
1522 2025 1659 2068 ‘Vide-
1680 2023 1705 2064 3

170 2103 225 2142 ris
247 2102 378 2152 mibi',
401 2101 544 2156 inquit,
571 2097 758 2150 ‘Caesar‚
784 2099 930 2149 uereri,
955 2100 988 2140 si
1011 2100 1108 2140 haec
1131 2099 1229 2139 uada
1254 2096 1388 2152 primis
1411 2094 1577 2136 nauibus
1599 2093 1659 2134 in-

171 2170 305 2221 traris‚
330 2183 379 2210 ne
403 2170 510 2224 prius
534 2169 721 2209 dimicare
745 2168 919 2222 cogaris⁷
945 2181 1059 2221 quam
1081 2167 1271 2220 reliquam
1295 2165 1459 2205 classem
1483 2161 1658 2217 potueris

174 2238 391 2294 explicare.
440 2236 570 2278 Nobis
592 2251 675 2278 rem
699 2237 923 2278 committe:
958 2250 1031 2276 nos
1054 2235 1243 2290 proelium
1266 2231 1548 2275 sustinebimus
1571 2231 1659 2283 (ne-
1680 2229 1707 2269 4

312 2393 333 2428 2
352 2403 412 2424 vm
430 2391 578 2424 babebat
595 2402 628 2424 a.
770 2391 788 2424 3
809 2391 924 2423 littore
944 2401 977 2422 α.
999 2390 1039 2422 Ρ.
1063 2389 1139 2422 190.
1291 2386 1444 2429 Aegypto
1465 2385 1497 2426 b,
1517 2384 1662 2428 Aegipto

172 2454 205 2476 α.
345 2444 461 2476 Licias
480 2454 514 2475 α.
655 2445 674 2475 4
694 2448 792 2474 erant
811 2453 878 2474 om.
901 2442 936 2474 d.
1091 2450 1242 2473 v.re1nes
1261 2449 1281 2470 α
1301 2441 1337 2469 et
1352 2440 1404 2469 sic
1423 2438 1481 2469 uel
1498 2438 1661 2479 quinque-

174 2506 283 2527 remes
305 2496 399 2527 ‘mss.
420 2493 565 2535 omnes',
589 2494 850 2536 quinqueremes
871 2493 1018 2536 quinque
1039 2492 1155 2525 Aldus
1174 2501 1209 2523 u.
1369 2488 1387 2521 7
1406 2493 1551 2530 uterque
1571 2498 1591 2519 a
1611 2491 1657 2528 et,

175 2549 328 2589 utputo,
351 2547 391 2586 b,-
411 2551 554 2588 uterque
575 2557 689 2577 eorum
710 2557 752 2577 n:
784 2550 927 2587 uterque
948 2544 1084 2587 (potius
1103 2542 1234 2581 eorum)
1254 2540 1338 2572 ‘nou
1358 2542 1539 2582 comparet
1557 2541 1595 2570 in
1614 2540 1658 2570 b‘.

316 2596 446 2629 Pharon
465 2596 515 2639 (a)
539 2597 661 2637 ‘mss.’,
683 2608 751 2628 non
772 2596 930 2628 Pharum.
1103 2593 1209 2627 classi
1231 2603 1265 2624 α.
1431 2590 1449 2622 9
1467 2590 1612 2622 Rhodios
1624 2600 1658 2621 a.

315 2648 408 2679 locat
422 2648 452 2679 b.
593 2647 754 2679 Ponticos
774 2648 862 2679 iuter
881 2647 940 2678 bos
959 2657 993 2679 a.
1137 2642 1325 2678 Hadferre
1344 2651 1378 2674 α.
1527 2642 1569 2675 20
1588 2641 1659 2682 ipso

175 2698 210 2732 εί·
231 2704 448 2742 expectatum
465 2709 499 2731 a.
636 2701 674 2734 21
697 2700 798 2732 fieret
817 2700 1019 2732 transeundi
1038 2710 1072 2740 a,
1093 2695 1296 2731 transeundi
1316 2694 1413 2726 fieret
1431 2693 1508 2725 edd.
1628 2693 1660 2724 ei

175 2763 195 2784 a
209 2753 226 2783 b
240 2763 256 2783 c
269 2752 301 2791 d,
322 2752 372 2783 eis
390 2762 425 2784 u.
566 2753 609 2784 23
628 2753 859 2795 expeditiores
878 2763 898 2784 a
914 2752 948 2784 d.
1089 2753 1131 2786 25
1146 2750 1267 2783 Grecis
1280 2757 1314 2779 α.
1455 2745 1659 2778 tatis-simam

176 2807 257 2835 (Inte
268 2812 361 2835 corr·
376 2812 410 2834 (1-
551 2803 594 2837 28
612 2803 726 2846 inquid
745 2815 780 2836 a.
924 2804 1063 2837 iutraris
1083 2815 1103 2836 α
1118 2804 1147 2844 ἱ),
1169 2798 1353 2834 intraueris
1368 2807 1401 2828 u.
1542 2798 1583 2830 29
1604 2807 1661 2839 po-

176 2854 282 2886 tueris
302 2863 322 2885 α
341 2853 417 2886 cod.
438 2852 519 2886 Vrs.
542 2854 560 2887 3
579 2854 683 2896 dett„
703 2857 814 2898 possis
834 2868 869 2888 n.
