1835 3240
703 205 813 210 -——
876 179 954 220 126
1014 203 1124 210 —-—-

183 296 380 351 plectitur.
423 293 643 348 Abruptum
666 300 797 333 autem
820 291 1027 333 exordium
1048 293 1235 333 librorum
1258 292 1304 332 de
1326 291 1426 332 bello
1449 290 1554 331 ciuili
1576 305 1663 331 eum

183 378 262 405 non
284 363 478 411 offendet,
510 362 571 415 qui
595 359 810 401 Caesarem
834 374 897 400 res
920 361 1083 400 duorum
1107 360 1350 414 superiorum
1374 374 1564 400 annorum
1587 373 1664 399 non

183 431 514 488 praetermisisse,
539 430 606 470 sed
630 429 828 469 distulisse
852 428 1112 481 reputauerit,
1138 441 1262 480 eoque
1283 428 1430 477 minus,
1455 428 1662 480 siquidem,

182 508 224 541 ut
245 500 356 541 nobis
377 499 504 539 uisum
528 504 612 546 est,
645 492 798 536 Caesar
819 497 889 535 hos
923 495 969 534 de
998 494 1100 534 bello
1132 494 1235 533 ciuili
1259 495 1561 534 commentarios
1584 495 1665 547 ipse

143 584 145 586 ’
183 583 261 609 non
283 567 416 608 edidit.
461 564 598 617 Itaque
620 571 729 604 recte
748 562 889 602 Morus
912 561 1102 601 iudicauit
1123 574 1256 600 eorum
1278 561 1389 601 initio
1411 561 1507 601 nihil
1528 562 1666 601 deesse

184 636 325 677 uideri.

295 702 387 743 Lib.
413 699 432 740 I
453 701 500 739 de
521 699 560 738 b.
586 698 663 737 eiu.
689 711 724 736 o.
748 695 800 744 2,
835 696 884 745 3,
918 695 983 734 ubi
1004 695 1059 735 ita
1082 695 1233 735 editur:
1272 697 1428 737 ‘timere
1451 693 1666 737 Caesarem

184 771 357 824 abreptis
381 769 426 808 ab
450 780 496 806 eo
520 765 666 805 duabus
689 763 908 816 legionibus
924 794 934 812 ,
968 776 1017 802 ne
1047 763 1094 802 ad
1117 764 1200 804 eius
1224 765 1436 817 periculum
1458 778 1667 805 reseruare

184 847 224 879 et
245 839 417 879 retinere
440 848 506 874 eas
544 833 591 872 ad
624 831 758 871 urbem
780 828 990 883 Pompeius
1014 830 1240 880 uideretur'‚
1274 833 1367 873 illud
1403 833 1604 886 ‘abreptis'
1627 833 1669 872 in

184 907 267 948 solo
288 904 401 945 Leid.
429 915 510 942 sec.
536 899 694 952 legitur.
738 896 785 938 In
808 898 967 951 reliquis
990 899 1102 938 codd.
1128 900 1313 953 scriptum
1337 908 1397 941 est
1431 906 1441 924 ⁶
1457 900 1667 954 correptis'

185 977 396 1027 peruagato
419 982 557 1009 errore
580 981 648 1021 pro
682 971 692 990 ⁶
710 966 895 1020 ereptis’,
930 980 1017 1006 cum
1041 968 1277 1020 praepositio
1294 998 1303 1015 ,
1336 982 1434 1020 quae
1463 976 1524 1009 est
1547 971 1666 1017 ‘con’,

184 1042 313 1080 littera
337 1053 357 1078 c
383 1037 621 1090 superducta
642 1034 786 1075 lineola
809 1041 1030 1074 notaretur.
1056 1033 1170 1089 Eripi
1192 1035 1335 1088 aliquid
1355 1036 1403 1076 ab
1422 1036 1549 1089 aliquo
1573 1036 1672 1075 dixit

186 1106 273 1149 Cic.
300 1103 420 1146 Verr.
446 1102 480 1152 Ι,
506 1103 576 1150 41,
604 1100 697 1143 106.
722 1100 796 1151 lv,
820 1102 862 1152 7,
890 1101 966 1152 143
990 1102 1030 1141 in
1053 1101 1146 1143 Vat.
1176 1102 1242 1151 12,
1267 1102 1336 1143 ⁸29.

299 1171 345 1214 C.
360 1172 401 1223 3,
425 1171 452 1213 2
473 1172 514 1212 in
536 1170 693 1224 optimis
715 1170 825 1210 codd.
849 1170 945 1209 haec
967 1170 1112 1223 scripta
1135 1177 1249 1211 sunt:
1277 1170 1410 1211 ‘Multi
1430 1171 1598 1226 undique
1620 1183 1672 1210 ex

188 1243 388 1284 ueteribus
404 1239 579 1293 Pompeii
603 1238 843 1278 exercitibus
866 1251 934 1291 spe
958 1239 1218 1291 praemiorum
1242 1245 1356 1291 atque
1379 1239 1555 1278 ordinum
1580 1252 1672 1278 euo—

188 1319 344 1360 cantur,
370 1308 481 1349 multi
505 1321 557 1347 ex
580 1306 728 1346 duabus
751 1305 985 1359 legionibus,
1011 1319 1108 1358 quae
1130 1313 1218 1345 sunt
1243 1306 1410 1346 traditae
1431 1321 1453 1346 a
1478 1305 1668 1354 Caesare,

187 1384 459 1420 arressuntur.
495 1373 725 1428 Completur
748 1374 839 1413 urbs
862 1379 901 1413 et
922 1373 982 1412 ius
1005 1373 1201 1412 comitium
1225 1380 1275 1413 tr.
1300 1375 1351 1426 pl.
1379 1373 1557 1413 centurio
1582 1386 1675 1411 euo—

189 1448 281 1488 cat'.
318 1446 392 1486 Hic
415 1445 488 1484 tria
513 1451 692 1483 extrema
714 1441 834 1482 uerba
856 1455 935 1480 non
958 1447 1088 1493 potest
1109 1440 1265 1480 dubium
1289 1454 1377 1481 esse
1400 1441 1492 1494 quin
1515 1439 1673 1482 Ouden—

189 1516 347 1569 dorpius
369 1520 477 1554 recte
500 1513 553 1552 ita
577 1509 869 1551 emendauerit:
899 1509 1099 1558 ‘tribunis,
1124 1508 1438 1558 centurionibus,
1466 1509 1671 1549 enoc-atis'.

187 1582 295 1624 Nam
320 1597 400 1622 uox
424 1579 575 1633 ‘plebis’
599 1579 750 1619 adiecta
774 1576 901 1629 potius
924 1589 942 1615 a
967 1575 1143 1625 librario,
1169 1590 1282 1628 quam
1308 1582 1317 1600 ⁶
1333 1576 1511 1616 militum'
1536 1591 1604 1630 pro
1629 1591 1676 1617 ea

189 1650 410 1705 ponendum
432 1647 556 1688 uideri
579 1646 707 1686 debet.
762 1642 842 1685 Sed
865 1645 964 1697 quod
987 1644 1087 1683 idem
1111 1658 1179 1697 pro
1201 1643 1277 1683 illis
1303 1648 1358 1683 ‘et
1379 1644 1440 1684 ius
1462 1645 1674 1684 eomitium'

189 1718 402 1759 editionem
426 1714 529 1757 Veu.
562 1728 599 1754 a.
635 1711 745 1754 1494
776 1719 935 1752 secutus
969 1717 1034 1751 ‘et
1064 1711 1147 1751 eius
1170 1711 1391 1751 comitium⁷
1424 1713 1676 1753 scribendum

192 1784 452 1831 existimauit,
477 1782 634 1837 probari
657 1794 735 1821 non
759 1786 900 1833 potest.
933 1777 1039 1818 Nam
1062 1787 1129 1818 aut
1150 1779 1349 1819 comitium
1372 1780 1410 1819 in
1433 1780 1530 1823 urbe
1554 1780 1677 1820 fuisse

193 1855 323 1906 inepte
346 1853 702 1898 demonstraretur,
728 1855 794 1887 aut
813 1846 923 1887 urbis
948 1846 1144 1886 comitium
1160 1847 1206 1886 ab
1230 1847 1355 1887 altero
1366 1848 1672 1898 discerneretur,

192 1921 292 1974 quod
317 1919 464 1960 nullum
487 1925 587 1959 erat.
639 1915 780 1969 Neque
814 1914 973 1955 omnino
1004 1921 1113 1954 recte
1136 1913 1229 1954 urbs
1251 1916 1428 1956 euocatis
1453 1923 1493 1956 et
1514 1917 1677 1956 duarum

192 1989 389 2041 legionum
425 1986 591 2027 tribunis
621 1991 736 2038 atque
768 1982 1064 2024 centurionibus
1097 1982 1282 2036 compleri
1314 1983 1479 2032 dicitur,
1513 1998 1678 2037 quorum

193 2057 390 2097 hominum
415 2069 493 2094 non
516 2066 681 2105 magnus
704 2064 887 2091 numerus
911 2057 1011 2090 erat.
1055 2048 1190 2102 Itaque
1212 2050 1277 2090 illa
1313 2055 1368 2090 ‘et
1389 2051 1461 2090 ius'
1493 2052 1679 2104 reliquias

193 2139 281 2166 esse
305 2125 421 2164 credo
444 2121 627 2163 uocabuli
653 2119 883 2168 ‘militibus’,
909 2118 1020 2158 cuius
1044 2118 1214 2171 priorem
1235 2126 1385 2171 partem
1402 2119 1583 2171 superior
1598 2133 1682 2158 uox

195 2192 468 2241 absorbuerit,
495 2197 534 2231 et
556 2190 652 2229 haec
674 2188 728 2228 ita
751 2187 959 2227 scribenda
980 2199 1068 2226 esse
1090 2185 1282 2225 arbitror:
1323 2190 1333 2209 ⁶
1349 2185 1564 2238 completur
1586 2185 1679 2226 urbs

196 2260 406 2307 militibus,
443 2258 643 2298 comitium
665 2255 858 2302 tribunis,
892 2253 1214 2301 centurionibus,
1249 2252 1463 2294 euocatis'.
1508 2252 1677 2293 Tribuni

195 2328 314 2375 enim,
343 2326 611 2373 centuriones,
637 2324 806 2371 euocati,
832 2330 875 2362 ut
896 2322 1162 2371 honestiores,
1187 2335 1271 2361 eam
1293 2328 1444 2374 partem
1468 2321 1539 2360 fori
1563 2334 1680 2360 occu-

198 2400 403 2450 pauerant,
429 2407 526 2446 quae
550 2392 681 2432 curiae
704 2392 884 2445 proxima
906 2397 1006 2430 erat.

312 2458 362 2501 C.
388 2462 437 2510 5,
469 2459 493 2499 3
518 2460 613 2499 haec
636 2460 735 2512 apud
759 2456 1078 2511 Oudendorpium
1101 2457 1310 2511 leguntur:
1349 2461 1358 2479 ‘
1375 2453 1614 2495 Decurritur
1635 2456 1679 2494 ad

198 2530 293 2571 illud
315 2537 535 2569 extremum
560 2534 719 2568 senatus
750 2528 996 2575 consultum,
1028 2539 1104 2578 quo
1136 2524 1211 2564 nisi
1243 2536 1364 2577 paene
1396 2523 1435 2562 in
1468 2523 1551 2576 ipso
1574 2523 1682 2563 urbis

198 2598 380 2640 incendio
412 2604 526 2648 atque
559 2596 599 2636 in
640 2594 917 2647 desperatione
951 2593 1122 2632 omnium
1156 2591 1292 2631 salutis
1321 2591 1488 2630 latorum
1520 2590 1684 2630 audaeia

202 2677 409 2718 numquam
432 2672 521 2704 aute
544 2663 760 2703 discessum
789 2668 873 2711 est,
909 2662 999 2700 dent
1030 2673 1186 2713 operam
1220 2658 1399 2698 consules
1417 2688 1426 2706 ,
1463 2665 1681 2711 praetores,

204 2734 345 2774 tribuni
371 2733 491 2787 plebis
515 2732 656 2784 quique
678 2730 907 2770 consulares
931 2736 1019 2768 sunt
1043 2728 1088 2766 ad
1112 2726 1275 2775 urbem,
1301 2740 1350 2765 ne
1383 2725 1469 2778 quid
1494 2725 1683 2779 respubli-

203 2816 248 2842 ca
271 2800 493 2841 detrimenti
517 2799 672 2853 capiat'.
716 2797 792 2837 Hic
815 2798 890 2837 duo
914 2797 1008 2836 uitia
1031 2801 1137 2834 reete
1159 2793 1312 2833 sublata
1336 2800 1451 2842 sunt,
1475 2793 1640 2833 alterum
1662 2807 1685 2832 a

204 2868 361 2919 liohlio,
393 2869 457 2921 qui
481 2869 731 2909 ‘descensum
753 2866 832 2906 est'
865 2864 1084 2918 ponendum
1108 2862 1230 2911 dixit,
1256 2861 1421 2902 alterum
1444 2877 1465 2903 a
1488 2859 1683 2914 Pantaga-
