1835 3240
732 178 1054 222 EPISTOLAE
1629 185 1656 226 7
1658 180 1713 223 69

154 311 306 345 carem,
342 294 534 336 tabellarii
558 308 579 334 a
603 294 714 334 uobis
737 301 934 335 uenerunt
955 308 992 334 a.
1018 293 1055 333 d.
1079 299 1129 333 XI
1150 290 1241 333 Rat.
1269 291 1422 348 [Sept.]
1447 296 1635 338 uicesimo

154 364 231 404 die.
265 361 300 404 Ο
333 377 393 404 me
415 362 647 404 sollicitum!
684 369 870 415 quantum
892 376 966 417 ego
989 362 1092 402 dolui
1114 361 1156 402 in
1178 359 1365 402 Caesaris
1387 364 1634 406 suauissimis

149 431 316 472 litteris!
352 429 433 472 Sed
464 445 538 484 quo
570 437 685 469 erant
705 430 912 470 suauiores
928 461 938 479 ,
972 444 1018 470 eo
1041 429 1227 470 maiorem
1251 429 1423 469 dolorem
1446 430 1548 472 illius
1570 432 1634 473 ille

151 514 267 541 casus
289 498 491 540 afferebat.

105 576 122 607 5
268 568 380 608 Idem
402 566 503 606 ibid.
529 567 549 618 ἓ
571 564 647 605 25ε
682 564 746 604 Ex
768 563 979 605 Britannia
997 562 1151 605 Caesar
1172 564 1220 605 ad
1242 578 1303 605 me
1319 562 1409 605 Ital.
1432 561 1544 619 Sept.
1570 566 1635 608 de-

151 636 206 676 dit
228 636 406 684 litteras,
432 647 528 687 quas
551 648 624 686 ego
648 633 780 686 accepi
803 646 839 672 a.
866 633 904 672 d.
931 639 992 672 1111
1014 630 1103 673 Hal.
1130 629 1296 673 Octobr.
1313 664 1323 683 ,
1348 632 1445 673 satis
1467 647 1637 675 eommo-

151 705 219 743 das
242 704 288 743 de
302 701 542 743 Britannicis
564 701 706 750 rebus,
732 700 889 753 quibus,
914 714 962 739 ne
986 700 1172 750 admirer,
1194 701 1294 753 quod
1315 715 1335 741 a
1359 707 1397 740 te
1420 701 1547 742 nullas
1569 716 1634 743 ac-

150 770 336 824 ceperim,
361 770 498 810 scribit
520 783 563 810 se
585 770 671 810 sine
694 775 732 808 te
754 769 892 819 fuisse,
918 782 1004 808 cum
1028 768 1074 807 ad
1098 782 1204 808 mare
1227 769 1458 809 accesserit.

260 837 508 892 Plu'largyr.
535 839 593 877 ad
614 836 748 891 Verg.
771 835 928 891 Georg.
954 836 1040 886 ΙΙΙ,
1063 834 1168 876 ⁶204:
1205 835 1358 877 Esseda
1380 837 1549 878 uehiculi
1571 839 1637 879 uel

75 913 115 945 10
147 919 286 946 currus
308 919 448 958 genus,
467 919 540 957 quo
564 904 668 944 soliti
690 911 782 944 sunt
804 918 979 958 pugnare
992 902 1112 945 Galli.
1147 902 1301 945 Caesar
1323 905 1433 944 testis
1456 911 1517 945 est
1534 906 1635 946 libro

147 974 194 1013 ad
209 971 445 1014 Ciceronem
469 979 536 1012 111:
566 970 709 1012 ‘Multa
733 972 837 1012 milia
852 973 1025 1025 equitum
1044 979 1160 1025 atque
1178 972 1466 1013 essedariorum
1486 972 1630 1014 habet'.

266 1039 353 1080 Cic.
380 1040 436 1080 ad
458 1039 590 1092 Q.fi·.
615 1040 702 1089 III,
727 1039 752 1079 5
775 1046 813 1079 et
834 1038 876 1089 6,
896 1038 946 1079 3:
983 1038 1172 1080 Caesaris
1193 1054 1343 1090 amore,
1368 1054 1480 1093 quem
1504 1041 1551 1080 ad
1574 1055 1635 1082 me

144 1107 386 1162 perscripsit,
414 1107 530 1148 unice
553 1106 750 1156 delector,
776 1106 980 1160 promissis
1002 1107 1066 1157 iis,
1086 1121 1183 1160 quae
1206 1109 1391 1158 ostendit,
1419 1122 1498 1148 non
1520 1109 1635 1149 ualde

147 1175 319 1228 pendeo:
344 1189 416 1216 nec
438 1175 528 1215 sitio
552 1175 723 1215 honores
746 1189 817 1215 nec
841 1174 1020 1215 desidero
1043 1175 1207 1229 gloriam
1230 1176 1434 1230 magisque
1457 1176 1541 1217 eius
1565 1191 1634 1218 uo-

76 1250 114 1281 15
146 1242 305 1283 luntatis
329 1244 629 1298 perpetuitatem
653 1258 765 1296 quam
789 1242 1069 1296 promissorum
1094 1243 1245 1283 exitum
1271 1251 1455 1298 expecto.

261 1310 347 1351 Cic.
372 1312 430 1351 ud
448 1312 544 1352 Au.
570 1309 655 1360 IV,
684 1309 750 1361 17,
776 1309 826 1350 3:
859 1310 922 1350 Ab
946 1308 1093 1362 Quinto
1117 1312 1241 1351 fratre
1265 1318 1303 1352 et
1324 1325 1347 1352 a
1369 1309 1547 1353 Caesare
1568 1326 1634 1353 ac-

144 1377 227 1430 cepi
249 1391 284 1416 a.
309 1379 346 1419 d.
373 1386 420 1418 IX
440 1377 608 1418 Kalend.
634 1377 856 1419 Nouembr.
882 1379 1036 1420 litteras
1059 1380 1239 1420 confecta
1262 1378 1494 1431 Britannia,
1528 1380 1633 1422 obsi-

146 1445 257 1486 dibus
280 1446 452 1500 acceptis
468 1477 478 1496 ,
503 1446 609 1487 nulla
632 1446 792 1500 praeda,
815 1446 1007 1500 imperata
1029 1454 1158 1488 tamen
1182 1447 1345 1501 pecunia
1368 1448 1478 1488 datas
1501 1462 1523 1488 a
1544 1448 1633 1489 lito-

143 1513 252 1554 ribus
274 1512 507 1556 Britanniae
531 1515 711 1569 proximo
733 1529 771 1555 a.
787 1515 824 1555 d.
850 1522 893 1556 Vl
916 1514 1083 1557 Kalend.
1105 1514 1268 1558 Octobr.
1292 1514 1527 1557 Exercitum
1540 1515 1632 1558 Bri-

69 1587 111 1621 20
143 1582 279 1622 tannia
300 1584 571 1636 reportabant.

256 1650 369 1691 Idem
391 1651 492 1691 ibid.
520 1650 595 1702 18,
621 1650 670 1691 3:
715 1649 900 1705 Perspice
931 1665 1015 1691 cum
1040 1648 1217 1692 Caesare
1239 1651 1514 1693 suauissimam
1537 1668 1631 1695 con-

142 1718 402 1759 iunctionem.
429 1717 507 1771 Qui
530 1720 685 1772 quidem
709 1716 900 1770 Quintum
924 1733 1050 1759 meum
1072 1727 1256 1773 tuumque
1279 1719 1329 1759 dii
1351 1720 1469 1761 boni!
1495 1736 1630 1775 quem-

143 1785 346 1825 admodum
379 1793 524 1826 tractat
553 1787 725 1837 honore,
758 1787 973 1841 dignitate,
1008 1788 1159 1841 gratia!
1194 1801 1272 1828 non
1294 1802 1408 1829 secus
1432 1803 1478 1829 ac
1500 1791 1533 1830 si
1556 1805 1630 1846 ego

143 1866 268 1894 essem
300 1853 532 1909 imperator.
576 1855 753 1896 Hiberna
784 1855 950 1909 legionis
983 1856 1150 1909 eligendi
1181 1856 1285 1910 optio
1309 1856 1437 1897 delata
1460 1871 1630 1899 commo·

66 1926 109 1959 25
142 1920 247 1971 dum,
271 1928 312 1961 ut
335 1922 381 1961 ad
404 1937 465 1963 me
487 1923 638 1962 scribit.

798 1993 856 2041 (a.
879 1990 970 2043 53.)

261 2056 347 2097 Cz'e.
373 2056 482 2098 Phil.
508 2058 578 2109 II,
603 2057 683 2108 20,
710 2058 786 2099 49:
824 2058 978 2100 Venisti
1012 2075 1032 2101 e
1056 2060 1185 2101 Gallia
1217 2062 1264 2102 ad
1287 2070 1539 2115 quaesturam
1563 2076 1628 2116 pe-

142 2125 314 2165 tendam.
348 2126 593 2179 Acceperam
625 2126 701 2166 iam
725 2134 817 2166 ante
840 2125 1028 2169 Caesaris
1053 2129 1202 2169 litteras
1220 2160 1230 2179 ,
1263 2137 1307 2170 ut
1327 2130 1420 2170 mihi
1442 2131 1628 2172 satisfieri

141 2200 300 2246 paterer
322 2207 342 2233 a
366 2201 418 2234 te.
455 2192 591 2248 ltaque
614 2209 661 2236 ne
684 2197 789 2249 loqui
812 2196 964 2249 quidem
988 2211 1072 2237 snm
1098 2205 1134 2238 te
1156 2212 1295 2250 passus
1318 2199 1364 2238 de
1386 2199 1530 2252 gratia.

285 2355 299 2387 1
323 2355 418 2398 Sept.
439 2356 540 2388 codd.
555 2370 564 2388 .·
586 2356 662 2388 Oct.
682 2357 868 2389 Manutius
887 2361 1000 2398 recle,
1022 2358 1085 2390 sed
1096 2368 1228 2400 parum
1243 2360 1497 2402 probabiliter.
1538 2361 1628 2394 Cum

144 2404 269 2438 Cicero
287 2407 345 2438 Izie
361 2418 515 2440 mensem
534 2420 604 2441 non
618 2412 809 2451 posuisset,
826 2420 996 2452 peruerse
1015 2421 1035 2441 a
1056 2411 1220 2443 librariis
1240 2422 1284 2444 ea:
1303 2411 1388 2444 Idih.
1405 2413 1515 2455 Sept.‚
1537 2424 1628 2455 quae

143 2456 314 2497 leguntur
331 2459 347 2500 ξ
362 2459 414 2500 18,
436 2461 623 2502 suppletus
641 2464 705 2501 est,
727 2471 805 2492 eum
823 2463 985 2503 suppleri
1002 2462 1144 2493 deberet
1161 2473 1206 2494 ea:
1225 2473 1255 2494 a.
1273 2464 1305 2495 d.
1324 2475 1372 2495 ΧΠ
1392 2463 1468 2496 Hal.
1484 2464 1625 2498 Octobr.

140 2509 222 2552 §l5-
358 2512 447 2544 3ille
466 2514 584 2554 casus]
599 2514 720 2545 obitus
739 2513 866 2545 Iuliae.
1013 2516 1043 2546 ll
1064 2514 1181 2555 hahet]
1203 2515 1512 2548 Cassiuellaunus.
1533 2517 1628 2550 Nam

140 2570 187 2591 em
198 2560 389 2594 Britannia
401 2565 486 2596 haee
496 2568 634 2606 scriptu
648 2576 720 2596 esse
734 2565 995 2596 essedariorum
1008 2569 1297 2597 commemoratio
1310 2567 1421 2608 docet,
1436 2580 1523 2610 quos
1540 2570 1627 2601 Cae-

139 2622 201 2643 sar
218 2613 311 2644 alibi
327 2624 395 2646 non
415 2617 522 2650 uidit.
664 2618 704 2649 18
719 2618 860 2658 imperat
878 2617 1068 2650 slledieeus.
1210 2620 1251 2652 ‘24
1263 2620 1438 2652 hibernam
1458 2622 1625 2662 legionem

141 2664 243 2696 codd.
258 2677 267 2695 :
288 2665 428 2697 hiberna
449 2667 616 2708 legionum
636 2669 839 2700 Ernesuus.
875 2669 1016 2710 Scripsi
1033 2669 1176 2709 legionis
1196 2673 1220 2702 i.
1242 2681 1271 2703 e.
1293 2674 1380 2710 eius,
1401 2676 1460 2704 cui
1479 2673 1628 2714 Quintus

138 2719 329 2756 praeerat.-
358 2727 439 2748 nam
458 2721 616 2751 omnium
636 2721 816 2762 legionum.
835 2721 980 2751 hiberna
1000 2722 1158 2763 eligendi
1174 2725 1356 2764 optionem
1375 2724 1535 2756 delatam
1553 2736 1628 2757 esse

143 2766 353 2798 incredibile
380 2771 444 2799 est.
473 2768 654 2802 Vocabulo
667 2796 677 2812 ,
704 2771 799 2812 quod
817 2775 871 2802 est
888 2772 990 2812 legio,
1012 2771 1180 2814 librarii,
1202 2784 1281 2805 eum
1294 2785 1361 2816 per
1381 2775 1626 2816 compendium

140 2820 313 2861 seriptum
334 2822 567 2861 inuenissent,
578 2822 663 2864 sere
681 2824 809 2864 ubique
821 2833 1012 2865 peruersos
1030 2827 1152 2857 exitus
1172 2826 1358 2865 dederunt,
1373 2829 1414 2857 ut
1430 2828 1465 2858 in
1484 2827 1548 2860 llos
1566 2838 1627 2860 no-

143 2870 196 2900 bis
215 2872 335 2901 omnia
354 2871 500 2904 liceant.
642 2872 685 2904 27
702 2874 755 2905 De
774 2873 819 2904 M.
842 2874 999 2906 Antonio
1018 2875 1105 2907 dicit
1124 2877 1260 2908 Cicero.

188 2933 307 2969 Cacsar,
323 2935 368 2962 ed.
391 2934 533 2971 Nipperd.
1371 2931 1427 2973 49
