1835 3240
95 161 178 204 4⁶28
620 159 695 203 DE
730 161 920 205 BELLO
953 161 1203 206 GALLICO

172 275 298 326 uero',
323 275 449 329 inquit
469 275 549 326 ille,
578 276 750 315 ‘consilii
772 276 823 315 sit
844 289 924 326 reS,
949 291 994 317 ac
1017 291 1094 316 non
1119 292 1282 319 necesse
1303 279 1354 320 sit
1377 280 1488 320 nobis
1503 279 1655 335 Gergo-

125 342 151 383 8
176 343 276 383 uiam
299 344 535 384 contendere
558 350 596 384 et
618 357 703 383 cum
725 342 922 383 Aruernis
945 352 1100 384 nosmet
1121 346 1377 399 coniungere.
1416 348 1480 388 An
1505 350 1655 389 dubita-

171 425 274 461 mus,
299 411 392 464 quin
416 411 566 452 neFario
591 411 767 450 facinore
781 410 950 451 admisso
962 411 1130 452 Romani
1155 413 1229 452 iam
1254 415 1299 454 ad
1323 429 1394 455 nos
1416 416 1655 456 interficien-

173 479 242 519 dos
265 479 530 519 concurrant?
555 476 740 527 Proinde,
766 478 799 518 si
821 479 911 532 quid
934 479 974 519 in
998 480 1109 520 nobis
1132 481 1253 521 animi
1275 489 1348 529 est,
1373 497 1656 536 persequamur

171 560 306 586 eorum
328 554 508 595 mortem,
534 545 595 598 qui
618 545 890 600 indignissime
911 547 1150 588 interierunt
1171 556 1287 602 atque
1310 549 1379 589 hos
1402 551 1576 591 latrones
1594 552 1651 591 in-

123 613 150 654 9
173 614 440 654 terficiamus'.
485 611 670 654 Ostendit
692 615 798 654 ciues
822 613 1049 665 Romanos,
1085 616 1147 669 qui
1182 618 1267 657 eius
1301 619 1484 671 praesidii
1519 619 1654 660 fiducia

170 697 248 723 una
280 689 417 722 erant:
460 695 642 736 magnum
685 696 890 722 numerum
925 684 1109 724 frumenti
1141 692 1456 739 commeatusque
1498 687 1652 740 diripit,

96 748 150 790 10
169 750 275 804 ipsos
299 749 511 790 crudeliter
532 750 786 790 excruciatos
808 750 1009 791 interficit.
1053 751 1228 793 Nuntios
1259 760 1337 793 tota
1370 753 1528 794 ciuitate
1551 753 1656 795 Hae-

171 818 334 858 duorum
358 817 540 867 dimittit,
575 818 709 858 eodem
734 819 938 858 mendacio
970 819 1016 860 de
1038 821 1158 861 caede
1181 822 1353 875 equitum
1377 829 1416 862 et
1438 823 1655 877 principum

138 913 143 918 -
170 892 404 938 permonet,
431 885 626 934 hortatur,
652 893 694 926 ut
715 886 831 927 simili
854 888 1025 937 ratione,
1050 896 1165 942 atque
1187 889 1270 943 ipse
1295 890 1457 940 fecerit,
1482 904 1572 931 suas
1594 891 1653 931 in-

93 950 151 996 39
173 952 295 993 iurias
317 961 615 1007 persequantur.
650 952 904 1008 Eporedorix
916 955 1119 1004 Haeduus,
1144 971 1296 997 summo
1318 958 1404 998 loco
1427 965 1540 999 natus
1563 959 1656 999 adu-

168 1021 322 1061 lescens
346 1029 384 1062 et
405 1035 579 1062 summae
604 1023 703 1062 domi
727 1024 942 1077 potentiae,
968 1032 1007 1065 et
1022 1039 1097 1065 una
1111 1024 1401 1073 Viridomarus,
1427 1027 1654 1080 pariaetate

168 1095 206 1128 et
227 1089 380 1143 gratia,
406 1090 473 1130 sed
496 1104 643 1144 genere
667 1092 836 1145 dispari,
872 1107 985 1145 quem
1009 1091 1162 1134 Caesar
1183 1093 1229 1133 ab
1254 1092 1453 1135 Diuitiaco
1476 1095 1552 1135 sibi
1574 1101 1654 1134 tra-

168 1157 288 1197 ditum
312 1172 365 1198 ex
387 1157 521 1198 humili
544 1158 630 1198 loco
652 1159 697 1199 ad
721 1174 909 1200 summam
933 1161 1160 1214 dignitatem
1184 1163 1450 1215 perduxerat,
1484 1162 1522 1202 in
1547 1162 1654 1215 equi-

117 1223 145 1264 2
169 1231 247 1264 tum
269 1240 432 1266 numero
456 1234 726 1267 conuenerant
750 1228 978 1268 nominatim
1002 1229 1048 1268 ab
1072 1243 1118 1268 eo
1142 1230 1313 1269 euocati.
1352 1229 1421 1269 His
1445 1237 1531 1270 erat
1552 1230 1656 1269 inter

165 1293 276 1332 sede
299 1294 518 1348 principatu
541 1296 766 1345 contentio,
806 1303 844 1335 et
873 1296 914 1336 in
945 1296 1010 1336 illa
1046 1297 1344 1349 magistratuum
1379 1297 1654 1337 controuersia

165 1360 266 1400 alter
287 1375 356 1414 pro
381 1359 715 1413 Conuictolitaui,
750 1364 851 1404 alter
883 1378 951 1418 pro
976 1361 1077 1404 Coto
1109 1364 1272 1404 summis
1297 1364 1432 1418 opibus
1455 1378 1654 1419 pugnaue-

117 1426 141 1467 3
164 1434 270 1467 rant.
313 1427 381 1469 Ex
403 1430 449 1470 iis
472 1429 727 1484 Eporedorix
749 1432 907 1486 cognito
931 1431 1105 1472 Litauici
1129 1433 1294 1472 consilio
1328 1433 1454 1473 media
1476 1434 1561 1474 fere
1584 1447 1653 1473 no-

166 1502 226 1536 cte
248 1510 330 1536 rem
365 1498 409 1538 ad
435 1496 650 1540 Caesarem
675 1500 826 1550 defert3
863 1507 973 1550 orat,
1010 1514 1057 1540 ne
1090 1501 1261 1554 patiatur
1291 1501 1490 1541 ciuitatem
1522 1501 1653 1555 prauis

164 1564 474 1606 adulescentium
499 1568 676 1608 consiliis
702 1567 749 1608 ab
773 1568 944 1608 amicitia
967 1569 1095 1623 populi
1118 1568 1289 1609 Romani
1324 1570 1515 1620 deficere,
1551 1568 1652 1622 quod

162 1632 332 1673 futurum
357 1635 582 1688 prouideat,
617 1635 649 1676 si
683 1650 726 1676 se
750 1643 805 1676 tot
829 1637 1024 1677 hominum
1049 1637 1154 1676 milia
1177 1652 1262 1677 cum
1287 1638 1462 1678 hostibus
1487 1638 1651 1678 coniun-

162 1701 313 1752 xerint,
339 1717 502 1755 quorum
526 1704 691 1745 salutem
716 1719 842 1758 neque
865 1705 1068 1759 propinqui
1093 1706 1326 1759 neglegere,
1360 1720 1486 1759 neque
1510 1706 1651 1746 ciuitas

87 1766 146 1811 40
169 1767 247 1808 leui
270 1778 466 1812 momento
489 1773 700 1813 aestimare
723 1780 870 1827 posset.
929 1771 1077 1826 Magna
1108 1773 1272 1813 affectus
1296 1774 1558 1814 sollicitudine
1581 1775 1653 1814 hoc

162 1837 302 1877 nuntio
326 1837 501 1888 Caesar,
533 1841 634 1893 quod
667 1855 822 1895 semper
843 1840 1096 1881 Haeduorum
1122 1841 1274 1881 ciuitati
1297 1842 1506 1895 praecipue
1527 1842 1652 1882 indul-

162 1912 297 1953 serat,
332 1907 437 1947 nulla
467 1908 703 1962 interposita
734 1909 977 1950 dubitatione
1007 1908 1183 1962 legiones
1217 1910 1422 1964 expeditas
1465 1917 1651 1963 quattuor

113 1970 140 2012 2
165 1972 459 2029 equitatumque
483 1991 637 2017 omnem
661 1991 713 2017 ex
735 1978 876 2018 castris
900 1977 1058 2025 educit,
1084 1991 1155 2018 nec
1179 1978 1250 2018 fuit
1272 1978 1440 2032 spatium
1465 1978 1529 2018 tali
1554 1985 1650 2018 tem-

162 2054 258 2094 pore
281 2043 328 2082 ad
351 2045 621 2085 contrahenda
644 2053 773 2087 castra
789 2076 798 2093 ,
838 2047 939 2099 quod
963 2059 1028 2086 res
1052 2045 1177 2099 posita
1200 2046 1239 2086 in
1262 2047 1468 2088 celeritate
1489 2047 1647 2087 uideba-

113 2106 137 2147 3
162 2115 247 2160 tur,
283 2109 422 2151 Gaium
446 2110 612 2153 Fabium
643 2114 814 2168 legatum
849 2128 936 2154 cum
958 2114 1177 2169 legionibus
1201 2114 1350 2155 duabus
1374 2115 1513 2155 eastris
1536 2128 1648 2167 prae-

308 2205 319 2237 1
343 2206 402 2238 ille
422 2217 490 2239 om.
514 2207 554 2239 C.
753 2209 772 2240 4
792 2209 863 2251 quit
881 2209 924 2241 B.
1137 2208 1169 2240 in
1190 2207 1285 2239 nobis
1306 2206 1408 2238 animi
1429 2211 1481 2238 est
1498 2206 1527 2237 Β
1547 2208 1580 2236 el
1598 2215 1650 2236 re-

161 2254 271 2297 liqui,
301 2263 352 2290 est
371 2259 402 2290 in
424 2260 519 2291 nobis
546 2260 649 2292 animi
670 2261 687 2292 b
706 2261 800 2293 And.
825 2262 938 2293 Ooeon.
960 2272 994 2292 ιι.
1248 2260 1265 2291 5
1285 2264 1385 2300 atque
1406 2268 1441 2289 os
1460 2258 1501 2289 B.

163 2305 181 2337 7
199 2313 314 2340 erant:
336 2320 492 2351 magnum
512 2312 541 2343 B
562 2312 738 2353 ‘'t-elz'qui',
761 2318 879 2345 erant:
903 2313 1063 2344 continuo
1082 2321 1237 2352 magnum
1259 2311 1276 2342 b
1290 2321 1306 2341 c
1320 2310 1381 2341 de.
1577 2308 1647 2340 fru-

159 2361 261 2390 menti
283 2371 349 2392 om.
374 2362 403 2393 b.
545 2364 565 2395 S
585 2364 810 2406 intercepitb.
953 2365 970 2397 9
990 2368 1073 2396 ante
1093 2365 1209 2396 eodem
1228 2363 1309 2395 add.
1331 2363 1364 2394 in
1386 2361 1502 2393 bede.

161 2409 201 2442 10
222 2419 400 2453 permonet
419 2414 479 2455 (Β)
500 2419 533 2446 et
552 2419 624 2447 tres
642 2416 745 2457 dett„
767 2422 943 2459 permonet
961 2417 1106 2459 relt'quz'.
1322 2416 1357 2447 ll
1380 2415 1584 2447 adulescens
1603 2415 1644 2448 B.

304 2463 343 2495 13
363 2465 404 2496 ab
424 2464 594 2498 Diuitiaco
615 2467 680 2498 sibi
698 2468 729 2498 B
750 2469 757 2483 ‘
771 2479 855 2499 mss.
882 2467 1080 2510 plerique',
1103 2468 1167 2499 sibi
1186 2468 1227 2499 ab
1247 2466 1417 2498 Diuitiaco
1438 2477 1500 2497 eu.

164 2512 202 2546 12
221 2513 294 2546 loeo
314 2526 383 2548 om.
407 2519 437 2548 b.
586 2519 622 2551 16
642 2519 863 2559 magistratus
885 2521 916 2552 b.
1060 2519 1099 2552 17
1120 2518 1386 2552 Conuictolitaui
1403 2518 1441 2558 A,
1464 2518 1646 2549 Conuicto-

158 2566 275 2610 litaue,
295 2569 396 2602 ‘'m-55.
416 2570 467 2611 4⁹3
501 2570 776 2603 Conuictolitano
795 2572 888 2612 BC,
916 2571 1182 2604 Conuictolitaio
1212 2572 1276 2610 bc,·
1306 2569 1581 2601 Conuictolitane
1610 2580 1645 2601 u.

303 2620 404 2653 Cotto
423 2623 538 2654 ΑΒΖ).
680 2628 919 2666 pugnauerant
936 2624 1008 2655 AB
1026 2624 1052 2654 C
1065 2623 1108 2662 D,
1131 2627 1345 2664 pugnauerat
1362 2632 1391 2652 e.
1538 2622 1577 2654 18
1591 2620 1647 2652 Li-

157 2672 282 2704 tauicci
300 2673 341 2705 B.
509 2673 581 2705 fere
601 2685 668 2706 om.
692 2676 721 2706 b.
886 2674 929 2708 20
948 2674 1220 2705 adulescentium
1240 2674 1281 2705 B.
1423 2673 1462 2706 21
1486 2672 1644 2714 prouide-

161 2728 214 2755 ret
231 2735 260 2756 c.
424 2725 468 2768 si]
490 2736 530 2757 ne
549 2726 579 2757 B
600 2715 694 2759 ‘mss-
718 2726 782 2759 10'.
959 2727 1003 2761 22
1023 2726 1203 2767 neglegere
1219 2729 1366 2769 Iit-aelel·
1382 2726 1412 2757 B
1430 2728 1536 2757 etiam
1556 2726 1588 2757 A
1602 2726 1642 2757 C.

302 2775 343 2809 23
363 2776 432 2808 leni
453 2777 484 2808 b.
670 2777 713 2809 24
733 2777 832 2819 quod]
853 2776 909 2819 qui
929 2777 946 2808 b
960 2776 1023 2809 de.
1235 2776 1438 2819 praecipuae
1457 2777 1499 2808 B.

158 2828 199 2860 25
221 2833 381 2869 quattuor
398 2828 441 2864 B,
462 2839 529 2860 ηοη
550 2834 706 2871 quatuor.
907 2828 950 2861 20
971 2828 1075 2861 fuerit
1095 2840 1124 2861 e.
1326 2829 1368 2863 23
1387 2828 1507 2861 Gaium
1526 2839 1594 2862 om.
1615 2829 1645 2861 Β

163 2878 257 2910 ‘msa
280 2878 412 2920 multi‘,
436 2879 473 2911 C.
496 2890 529 2911 lt.

1689 898 1727 931 10

1689 1236 1727 1269 15

1682 1575 1724 1609 20
