1835 3240
681 159 1105 200 ——175—

151 287 213 319 tur
226 278 334 317 haec:
363 279 581 326 ‘nouusque
600 272 762 313 eorum'.
799 272 912 326 Quae
934 273 1020 314 siue
1043 274 1082 314 in
1105 288 1184 314 uno
1208 281 1247 314 et
1264 275 1388 315 altero
1404 277 1641 317 deteriorum

149 346 256 386 codd.
288 343 372 384 siue
403 341 441 381 in
474 341 666 394 impresso
698 340 798 380 libro
832 341 996 395 primum
1024 342 1152 395 posita
1184 349 1300 390 sunt,
1341 351 1487 383 certum
1513 353 1572 384 cst
1595 347 1640 385 de

148 412 374 453 coniectura
404 409 450 449 ad
482 408 736 462 supplendam
769 409 985 449 orationem
1009 409 1165 450 adiecta
1188 424 1291 451 esse.
1334 410 1482 464 Neque
1514 419 1641 452 tamen

147 494 192 520 eo
226 479 489 519 additamento
523 477 726 530 quicquam
758 477 804 515 ad
838 491 883 516 ea
917 477 1037 516 uerba
1063 479 1305 519 emendanda
1330 480 1543 533 profectum
1569 488 1641 519 est.

146 547 266 587 Nullo
297 546 399 586 enim
432 546 544 585 modo
578 544 639 584 hic
670 545 800 597 plures
835 545 1038 585 exercitus
1070 543 1298 600 Pompeiani
1341 549 1641 587 commemorari

145 621 372 669 potuerunt.
405 612 509 654 Nam
535 627 619 652 eum
644 612 828 652 cohortes
842 611 1108 665 Pompeianae
1131 628 1292 654 numero
1315 616 1525 670 sexaginta
1550 615 1637 668 (6⁸2,

143 683 188 735 2)
211 684 251 723 in
274 683 460 722 aduersas
473 678 659 721 Caesaris
684 681 922 721 munitiones
946 681 1132 734 impetum
1156 683 1346 731 facerent,
1373 690 1412 723 et
1433 683 1546 723 simul
1572 684 1641 723 mi-

144 752 231 792 lites
254 750 352 790 leuis
374 756 599 790 armaturae
622 748 894 801 sagittariique
917 750 1084 789 nauibus
1108 750 1361 791 circumuecti
1391 766 1413 791 a
1436 759 1547 806 tergo
1569 752 1640 791 im-

145 825 380 873 pugnarent,
407 817 478 857 hae
501 817 599 856 duae
623 816 824 856 exercitus
849 824 998 869 partes,
1024 831 1123 870 quac
1157 832 1204 858 ne
1229 820 1463 860 coniunctae
1485 820 1638 873 quidem

144 886 318 940 Pompeii
353 885 573 925 exercitum
609 883 829 924 efficiebant
862 885 914 934 (is
946 885 1049 925 enim
1082 899 1222 925 nouem
1254 887 1451 940 legionum
1483 895 1569 928 erat
1591 902 1636 926 co

146 964 335 1009 tempore,
362 954 440 993 uid.
467 967 500 992 c.
526 952 587 1005 4),
623 965 811 1006 peruerse
843 952 1023 1006 singulae
1045 952 1277 1007 Pompeiani
1307 957 1511 996 exercitus
1534 957 1638 1009 apel-

143 1024 337 1063 larentur.
380 1020 461 1061 Iam
484 1020 521 1060 in
547 1020 660 1060 codd.
687 1020 910 1073 scriptura,
943 1036 1057 1074 quam
1088 1036 1202 1076 supra
1235 1023 1372 1077 posui,
1404 1032 1515 1065 recta
1545 1031 1638 1064 sunt

145 1092 238 1130 haec
261 1089 396 1130 uerba:
424 1094 649 1128 ‘accessere
663 1087 793 1128 subito
807 1088 928 1142 prima
953 1090 1039 1129 luce
1052 1089 1313 1144 Pompeiani',
1338 1092 1487 1145 reliqua
1506 1097 1638 1133 ‘excr-

144 1160 242 1199 citus
266 1160 457 1198 aduentus
480 1157 625 1197 extitit'
650 1170 774 1210 neque
798 1157 876 1197 ulla
897 1158 1051 1198 ratione
1065 1172 1150 1198 cum
1166 1159 1242 1199 illis
1256 1159 1536 1209 cohaerentet,
1562 1175 1636 1213 quo

144 1228 271 1267 minus
294 1234 477 1279 corrupta
501 1226 724 1272 uideantur,
759 1225 933 1278 ipsorum
956 1227 1168 1267 uerborum
1192 1227 1401 1281 integritas
1424 1236 1634 1282 repugnat.

146 1295 267 1347 Atqui
285 1308 329 1334 ea
344 1294 464 1334 uerba
479 1294 637 1333 candem
653 1294 888 1333 sententiam
904 1295 1097 1344 referunt,
1125 1311 1239 1351 quam
1253 1300 1459 1351 superiora
1475 1298 1632 1339 habent.

146 1360 241 1401 Non
265 1362 514 1401 dubitandum
539 1368 600 1400 est
620 1360 753 1414 igitur,
778 1362 868 1414 quin
892 1362 953 1402 hic
977 1363 1165 1416 duplicem
1185 1365 1523 1418 deprehendamus
1539 1367 1637 1407 scri-

146 1437 323 1482 pturam,
357 1436 395 1469 et
427 1428 634 1482 genuinam
669 1434 708 1467 et
739 1436 998 1469 commentum
1032 1445 1053 1470 a
1086 1432 1276 1485 magistro
1307 1435 1631 1489 suprascriptum.

147 1495 245 1537 Cum
279 1497 380 1537 enim
413 1494 563 1538 Caesar
593 1496 819 1550 scripsisset
853 1501 1083 1539 ‘accessere
1113 1500 1242 1540 subito
1265 1501 1387 1554 prima
1409 1503 1497 1543 luce
1518 1501 1636 1543 Pom-

146 1566 305 1619 peiani',
336 1565 523 1618 magistro
553 1579 621 1617 pro
647 1564 705 1604 his
730 1565 949 1618 ponendum
975 1566 1099 1606 uisum
1135 1574 1195 1607 est
1227 1569 1372 1609 ‘subito
1400 1571 1523 1624 prima
1548 1572 1635 1612 luce

143 1632 372 1687 Pompeiani
413 1632 614 1672 exercitus
654 1632 846 1672 aduentus
879 1633 1049 1673 extitit':
1090 1649 1205 1676 casus
1237 1644 1394 1685 autem,
1433 1639 1535 1690 quod
1567 1653 1635 1680 ne-

145 1715 216 1755 que
245 1701 328 1755 ipse
361 1700 522 1740 uerbum
558 1701 794 1740 ‘accessere'
831 1701 997 1748 deleuit,
1034 1715 1159 1754 neque
1190 1705 1394 1744 consilium
1426 1706 1511 1746 eius
1543 1721 1563 1746 a
1587 1708 1633 1748 li-

144 1769 285 1810 brariis
308 1775 553 1824 perspectum
576 1775 649 1818 est,
677 1768 877 1822 antiquam
895 1769 1129 1823 scripturam
1151 1773 1341 1813 seruauit.
1368 1771 1475 1813 Idem
1499 1776 1635 1816 euenit

143 1838 224 1878 hni.
249 1838 275 1878 l.
302 1853 337 1878 c.
361 1838 404 1887 9,
429 1835 469 1887 6,
504 1836 569 1876 ubi
590 1837 628 1876 in
653 1837 765 1877 codd.
793 1838 888 1877 haec
910 1838 1118 1891 leguntur:
1159 1845 1270 1879 ‘cum
1292 1841 1365 1891 iis,
1391 1856 1488 1894 quos
1511 1857 1636 1897 nuper

144 1906 305 1946 maximi
336 1904 629 1947 liberauerant':
667 1906 902 1955 ‘maxime',
938 1907 1038 1959 quod
1062 1907 1205 1958 editur,
1240 1923 1365 1962 neque
1389 1911 1437 1950 ad
1461 1914 1633 1965 ‘nuper'

147 1987 271 2027 neque
294 1974 339 2014 ad
365 1972 663 2014 ‘liberauerant’
686 1975 851 2014 relatum
876 1981 1004 2028 aptum
1031 1982 1107 2015 est.
1155 1975 1373 2017 ‘Maximi'
1397 1978 1481 2018 siue
1503 1980 1633 2033 potius

148 2042 347 2082 ‘maxumi'
371 2049 496 2082 ortum
520 2050 581 2082 est
603 2056 655 2082 ex
678 2042 917 2092 ‘manumis'‚
952 2057 1049 2096 quas
1071 2043 1243 2098 syllabas
1275 2045 1396 2086 uerbo
1423 2046 1635 2089 ‘liberaue-

143 2109 254 2150 rant'
276 2111 609 2164 suprascripserat
631 2111 843 2165 magister,
876 2117 919 2151 ut
943 2112 1284 2153 ‘manumiserant'
1307 2113 1513 2167 legendum
1544 2131 1633 2157 esse

142 2177 399 2232 significaret.
434 2177 534 2220 Item
558 2194 592 2220 c.
622 2179 688 2229 13,
713 2179 736 2219 5
758 2179 798 2219 in
822 2179 881 2219 his
904 2179 1050 2220 uerbis:
1070 2178 1239 2221 ‘Caesar
1261 2191 1546 2237 praeoccupato
1569 2185 1633 2226 iti-

143 2259 238 2286 nere
260 2247 306 2286 ad
320 2245 612 2302 Dyrrhachium
635 2249 749 2288 finem
774 2248 1008 2301 properandi
1030 2248 1136 2289 facit'
1159 2250 1198 2290 in
1222 2251 1333 2291 codd.
1360 2251 1548 2305 scriptum
1573 2261 1633 2293 est

145 2315 357 2366 ‘praefecto
381 2317 584 2369 occupato'
609 2317 672 2356 uel
697 2317 900 2370 ‘perfecto'
926 2317 986 2357 uel
1012 2318 1233 2370 ‘profect0',
1269 2333 1432 2373 quorum
1462 2321 1630 2361 medium

143 2382 234 2434 poni
264 2383 421 2424 uolebat
452 2384 654 2439 magister.
697 2382 803 2424 Nam
837 2399 920 2424 cum
955 2386 1269 2439 praepositiones
1305 2388 1402 2441 ‘per'
1436 2396 1475 2430 et
1507 2390 1631 2444 ‘prae'

145 2449 276 2490 eodem
310 2453 538 2506 compendio
575 2459 832 2501 notarentur,
884 2452 979 2492 duas
1024 2461 1171 2494 tantum
1205 2463 1425 2508 postremas
1456 2458 1630 2512 syllabas

145 2525 484 2570 supranotauerat.
530 2518 645 2573 Quod
679 2527 808 2560 autem
843 2525 852 2543 ‘
868 2521 1042 2574 perfecto
1064 2522 1231 2564 itinere'
1261 2538 1307 2564 eo
1330 2524 1416 2565 loco
1440 2526 1530 2580 poni
1553 2540 1630 2566 non

148 2591 309 2636 poterat,
334 2588 504 2642 ineptiae
527 2602 549 2628 a
571 2596 706 2628 nostro
731 2587 886 2628 homine
909 2603 985 2628 non
1008 2589 1237 2631 abhorrent.

259 2650 306 2692 C.
333 2653 401 2705 65,
426 2655 452 2696 4
474 2657 570 2697 baec
592 2657 634 2696 in
657 2656 768 2696 codd.
795 2656 1005 2710 leguntur:
1044 2657 1200 2712 ‘Neque
1222 2660 1343 2700 multo
1369 2668 1457 2714 post
1478 2659 1631 2702 Caesar

147 2716 428 2770 significatione
450 2738 520 2777 per
542 2724 700 2765 castella
725 2725 830 2763 fumo
855 2725 956 2765 facta
973 2756 983 2774 ,
1017 2732 1059 2765 ut
1088 2734 1173 2766 erat
1203 2729 1418 2782 superioris
1442 2730 1629 2783 temporis

148 2789 409 2839 consuetudo,
446 2791 620 2832 deductis
653 2792 879 2845 quibusdam
915 2793 1141 2835 cohortibus
1174 2808 1227 2835 ex
1257 2797 1464 2849 praesidiis
1494 2797 1628 2837 eodem

150 2853 271 2892 uenit.
324 2851 401 2906 Qui
440 2860 597 2912 cognito
639 2861 875 2902 detrimento
907 2876 992 2901 eum
1025 2863 1373 2904 animaduertisset
1400 2863 1628 2919 Pompeium
