1835 3240
103 546 120 577 ιἿ

75 885 116 917 10

79 1224 118 1256 15

80 1562 122 1596 20

85 1900 127 1934 25

594 153 775 197 COMM.
801 153 840 196 11
863 152 985 196 CAP.
1010 152 1182 194 7—10.
1620 156 1698 198 541

149 277 225 308 tum
249 274 390 307 tectum
412 267 532 321 plutei
565 282 610 309 ac
643 269 848 309 uinearum
880 282 1035 321 passum
1060 274 1143 317 est,
1178 267 1383 307 latericulo
1414 270 1623 312 adstruxe-

148 343 238 376 runt
259 348 450 388 supraque
474 348 558 374 cum
582 337 709 376 locum
733 344 760 375 11
793 337 899 389 tigna
921 343 1148 376 transuersa
1170 335 1389 376 iniecerunt
1410 351 1488 377 non
1509 338 1624 393 longe

149 403 195 442 ab
218 402 408 442 extremis
433 403 645 456 parictibus
660 435 670 453 ,
695 403 834 456 quibus
858 404 1145 456 suspenderent
1166 417 1251 444 eam
1274 404 1622 457 contignationem,

149 483 246 522 quae
262 470 358 509 turri
382 471 594 523 tegimento
621 478 725 511 esset
748 473 896 520 futura,
921 485 1115 525 supraque
1129 485 1174 512 ea
1195 472 1303 524 tigna
1326 472 1475 513 directo
1499 480 1626 514 trans-

155 552 289 578 uersas
314 538 444 577 trabes
466 539 688 579 iniecerunt
710 552 851 591 easque
863 539 1005 579 axibus
1018 540 1287 593 religauerunt
1308 540 1397 593 (has
1410 542 1523 594 paulo
1546 543 1630 583 lon·
1652 542 1676 583 3

149 605 282 658 giores
305 613 421 659 atque
445 606 749 655 eminentiores,
782 620 896 658 quam
926 606 1095 646 extremi
1126 608 1297 660 parietes
1321 615 1456 659 erant,
1490 610 1630 651 effece-

147 681 253 723 rant,
279 681 320 713 nt
343 680 472 723 esset,
498 674 561 713 ubi
586 673 797 726 tegimenta
820 674 1088 727 praependere
1111 682 1273 726 possent
1293 676 1342 716 ad
1365 676 1628 720 defendendos

148 743 250 783 ictus
262 756 307 782 ae
328 741 592 795 repellendos,
617 756 703 781 cum
726 741 925 781 inteream
940 741 1272 794 contignationem
1288 744 1458 796 parietes
1471 754 1631 787 extrue-

148 812 305 861 rentur)
339 823 501 862 eamque
533 808 890 849 contabulationem
922 822 1110 849 summam
1143 810 1333 851 lateribus
1355 812 1514 867 lutoque
1536 829 1631 856 con-

148 884 377 918 strauerunt
392 907 402 927 ,
427 890 477 917 ne
498 877 588 930 quid
610 876 714 929 ignis
739 876 909 917 hostium
932 890 1077 917 nocere
1099 884 1257 932 posset,
1283 886 1550 935 centonesque
1570 883 1631 924 in-

148 959 266 999 super
287 945 534 992 iniecerunt,
560 957 608 984 ne
631 951 696 983 aut
716 945 794 984 tela
817 945 1023 984 tormentis
1045 944 1220 985 immissa
1244 946 1521 989 tabulationem
1544 965 1632 1004 per-

149 1014 385 1065 fringerent,
410 1018 476 1051 aut
497 1025 596 1051 saxa
619 1025 671 1051 ex
693 1012 900 1066 catapultis
921 1012 1141 1053 latericium
1166 1013 1422 1054 discuterent.
1478 1013 1633 1059 Storias
1655 1018 1682 1058 4

150 1087 280 1120 autem
303 1093 356 1119 ex
386 1079 541 1119 funibus
573 1080 792 1119 ancorariis
830 1086 911 1120 tres
933 1081 973 1120 in
996 1080 1279 1134 longitudinem
1301 1082 1489 1135 parietum
1515 1086 1634 1126 turris

150 1149 250 1189 latas
274 1154 335 1186 1111
359 1147 474 1201 pedes
497 1148 678 1187 fecerunt
699 1161 844 1201 casque
868 1162 918 1188 ex
942 1148 1064 1188 tribus
1088 1149 1278 1202 partibus,
1305 1164 1404 1204 quae
1427 1151 1474 1190 ad
1500 1152 1633 1193 hostes

151 1214 369 1269 uergebant
386 1245 396 1265 ,
421 1215 682 1255 eminentibus
707 1216 880 1256 trabibus
904 1217 1051 1256 circum
1073 1216 1212 1256 turrim
1236 1219 1548 1271 praependentes
1571 1234 1634 1260 re-

152 1284 397 1337 ligauerunt3
433 1283 533 1335 quod
566 1298 687 1323 unum
718 1298 841 1337 genus
873 1285 1077 1337 tegimenti
1107 1285 1193 1324 aliis
1224 1285 1322 1325 locis
1347 1293 1458 1326 erant
1480 1289 1636 1340 experti

154 1351 260 1390 nullo
284 1350 360 1390 telo
383 1365 511 1403 neque
536 1358 730 1391 tormento
754 1351 867 1391 traici
890 1366 1020 1405 posse.
1066 1351 1143 1393 Vbi
1173 1366 1269 1392 uero
1301 1366 1346 1393 ea
1377 1368 1467 1406 pars
1501 1356 1635 1407 turris,
1661 1356 1685 1397 5

155 1432 252 1471 quae
275 1425 361 1458 erat
382 1420 554 1472 perfecta
570 1449 580 1468 ⁷
614 1426 717 1459 tecta
750 1427 865 1472 atque
893 1421 1042 1460 munita
1067 1428 1127 1461 est
1149 1420 1195 1460 ab
1219 1421 1324 1460 omni
1346 1421 1427 1461 ictu
1449 1422 1635 1474 hostium,

154 1489 306 1541 pluteos
329 1487 376 1526 ad
398 1487 473 1526 alia
496 1501 614 1540 opera
636 1487 910 1538 abduxerunt3
936 1488 1056 1528 turris
1082 1495 1224 1528 tectum
1247 1502 1371 1542 perse
1393 1490 1517 1542 ipsum
1531 1505 1641 1545 pres·
1708 1491 1718 1525 ί

155 1554 329 1595 sionibus
353 1567 402 1594 ex
427 1555 723 1608 contignatione
747 1557 870 1609 prima
901 1556 1143 1610 suspendere
1166 1570 1210 1596 ac
1233 1557 1369 1597 tollere
1391 1567 1633 1612 coeperunt3

156 1622 247 1671 uhi,
282 1629 471 1674 quantum
504 1622 715 1663 storiarum
745 1624 930 1663 demissio
953 1624 1199 1677 patiebatur,
1238 1632 1389 1665 tantum
1413 1626 1637 1668 eleuabant.

156 1688 265 1730 Intra
290 1690 383 1729 haec
408 1689 617 1743 tegimenta
642 1690 764 1730 abditi
786 1698 901 1743 atque
915 1692 1052 1731 muniti
1076 1693 1245 1745 parietes
1268 1692 1457 1733 lateribus
1481 1701 1642 1736 extrue-
1663 1694 1690 1735 6

156 1757 250 1798 bant
271 1771 487 1810 rursusque
509 1759 586 1798 alia
607 1759 812 1811 pressione
835 1760 882 1799 ad
903 1759 1184 1799 aedificandum
1208 1760 1281 1799 sibi
1303 1761 1431 1800 locum
1460 1762 1645 1815 expedie-

158 1825 266 1866 bant.
310 1824 388 1866 Vbi
412 1832 562 1879 tempus
594 1827 757 1867 alterius
791 1827 1121 1867 contabulationis
1152 1828 1379 1877 uidebatur,
1416 1828 1522 1883 tigna
1551 1830 1643 1870 item
1664 1830 1692 1871 7

160 1900 202 1933 ut
233 1893 355 1947 primo
387 1901 492 1934 tecta
522 1895 711 1934 extremis
734 1895 922 1935 lateribus
947 1895 1194 1936 instruebant
1219 1909 1348 1949 exque
1369 1909 1417 1935 ea
1439 1897 1644 1951 contigna-

162 1962 267 2002 tione
289 1974 427 2001 rursus
459 1975 648 2002 summam
681 1963 1037 2004 contabulationem
1070 1964 1293 2018 storiasque
1316 1964 1541 2004 eleuabant.
1583 1963 1645 2005 Ita
1666 1964 1692 2006 8

163 2036 245 2069 tuto
268 2043 313 2070 ac
335 2029 421 2069 sine
444 2030 522 2069 ullo
545 2030 707 2070 uulnere
730 2045 774 2071 ac
805 2032 979 2084 periculo
1011 2045 1087 2071 sex
1108 2031 1281 2071 tabulata
1303 2039 1571 2072 extruxerunt
1591 2033 1648 2073 fe-

163 2097 547 2150 nestrasquequibus
569 2098 610 2138 in
631 2098 728 2139 locis
751 2099 876 2139 uisum
899 2106 959 2139 est
982 2099 1028 2139 ad
1051 2106 1250 2140 tormenta
1272 2099 1460 2140 mittenda
1480 2099 1520 2139 in
1542 2106 1648 2140 stru-

163 2165 263 2205 endo
283 2165 544 2219 reliquerunt.
588 2164 665 2208 Vbi
687 2180 739 2207 ex
762 2181 808 2208 ea
831 2168 932 2208 turri
954 2181 1053 2221 quae
1075 2167 1222 2208 circum
1246 2174 1382 2208 essent
1402 2181 1523 2222 opera
1543 2167 1644 2209 tueri
1666 2168 1721 2213 10

307 2285 320 2317 1
344 2285 525 2318 latericulo
545 2287 660 2328 codd„
682 2287 849 2319 laterculo
870 2298 906 2320 u.
1045 2288 1066 2321 2
1086 2298 1149 2319 non
1168 2287 1269 2328 longe
1288 2286 1510 2329 Stephanum
1528 2292 1565 2319 ut
1584 2299 1648 2320 non

166 2334 266 2376 longe
285 2345 306 2367 a
325 2336 410 2367 ‘mei
427 2337 470 2378 7',
492 2337 514 2368 ii
535 2348 599 2369 non
618 2339 717 2379 longe
737 2349 766 2369 c.
908 2338 927 2371 3
946 2338 1200 2380 suspenderunt
1218 2348 1239 2370 a
1253 2339 1270 2370 b
1284 2348 1314 2370 c.
1472 2340 1492 2371 4
1511 2339 1650 2371 derecto

166 2388 230 2418 ab.
371 2389 389 2420 5
409 2399 516 2432 eaque
537 2390 568 2422 b.
710 2391 771 2422 has
791 2401 812 2422 a
825 2390 842 2422 b
855 2401 882 2431 c,
904 2390 964 2421 has
983 2390 1098 2421 trabes
1117 2400 1154 2421 u.
1309 2390 1327 2422 6
1348 2389 1536 2421 effecerant
1553 2401 1574 2421 α
1590 2391 1649 2431 ὺε,

169 2438 355 2471 effecerunt
371 2451 407 2471 u.
548 2441 568 2473 8
588 2441 721 2473 interea
739 2451 771 2473 a.
915 2445 1159 2472 extruerentur
1176 2450 1211 2471 a.
1370 2441 1389 2472 9
1409 2445 1653 2472 castrauerunt

171 2489 188 2519 b
207 2491 251 2528 et,
273 2492 413 2531 qm'pro
432 2501 511 2523 παν.
532 2491 611 2523 lect.
634 2492 871 2533 calcauerunt‚
892 2503 922 2523 e.
1075 2491 1115 2524 10
1135 2496 1297 2522 centones
1316 2491 1457 2533 insuper
1476 2492 1507 2523 b.

174 2539 210 2570 11
231 2539 381 2572 immissa
400 2553 420 2573 a
434 2543 464 2582 b,
484 2543 589 2574 missa
607 2554 642 2575 u.
784 2543 1041 2576 tribulationem
1059 2553 1094 2575 a.
1259 2543 1299 2576 13
1319 2544 1510 2576 ancorariis
1529 2553 1563 2584 α,
1585 2554 1651 2575 non

172 2591 271 2622 ancli.
436 2593 476 2625 14
495 2604 618 2635 eosque
637 2604 671 2625 a.
845 2605 908 2636 qua
928 2595 970 2625 ad
990 2594 1106 2627 hostes
1125 2595 1355 2636 perurgebant
1375 2606 1391 2626 ο
1409 2598 1443 2626 ec
1461 2596 1592 2627 omisso
1611 2595 1651 2625 ad

172 2651 191 2671 α
208 2642 238 2673 b.
395 2643 434 2675 15
455 2645 539 2685 quod
561 2645 602 2676 ad
621 2656 721 2678 unum
740 2647 791 2678 ab
805 2657 834 2677 e.
995 2647 1032 2678 10
1051 2647 1287 2688 pressionibus
1307 2657 1327 2678 α
1341 2648 1399 2687 bc,
1421 2647 1653 2689 prehensioni-

172 2692 234 2723 bus
256 2702 289 2724 u.
429 2695 472 2728 20
491 2702 656 2737 ceperunt
673 2708 707 2729 α.
847 2698 884 2732 21
908 2697 1111 2739 paciebatur
1128 2708 1163 2729 a.
1333 2698 1378 2733 22
1397 2698 1599 2729 extruebant
1617 2708 1650 2728 a.

317 2743 359 2775 23
372 2745 549 2785 prensione
569 2756 629 2787 ac,
651 2748 814 2789 pensione
835 2749 876 2788 b‚·
897 2749 1168 2790 prehensioneu.
1308 2750 1350 2784 25
1363 2748 1651 2788 contignationem

176 2792 367 2834 storiasque
387 2797 526 2827 omissis
544 2797 670 2829 mediis
689 2809 718 2830 c.
859 2799 902 2833 27
921 2804 1150 2831 extruxerunt
1167 2809 1200 2831 α.
1357 2800 1400 2833 28
1419 2799 1585 2830 mittenda
1604 2799 1653 2830 in-

176 2846 338 2877 struenda
357 2856 376 2877 a
393 2847 426 2879 b.
