1835 3240
113 175 196 218 696
704 179 875 222 BELLI
904 179 1151 224 AFRICAE

186 297 295 331 terea
308 290 572 347 haec-quoque
593 306 679 333 eum
702 307 820 334 causa
841 294 1025 345 tardauit,
1051 297 1152 348 quod
1175 304 1261 338 erat
1281 298 1390 339 locus
1404 299 1555 352 quidam
1568 314 1659 354 per-

184 358 392 412 impeditus
423 366 515 400 ante
545 360 667 400 aciem
689 357 911 414 Scipionis,
947 375 1057 414 quem
1089 363 1172 403 suis
1193 365 1469 418 impedimento
1491 368 1536 408 ad
1559 368 1663 408 ultra

111 425 169 470 59
193 427 473 467 occurrendum
497 428 580 466 fore
602 426 869 468 existimabat.
931 428 1027 469 Non
1050 430 1221 471 arbitror
1241 445 1329 472 esse
1350 435 1666 486 praetermitten-

187 494 292 544 dum,
310 495 631 548 quemadmodum
654 495 853 536 exercitus
877 497 1080 550 utriusque
1095 498 1240 539 fuerint
1260 499 1300 539 in
1322 500 1443 539 aciem
1465 501 1662 541 instructi.

138 560 166 601 2
187 558 320 616 Scipio
343 562 415 602 hoc
437 562 550 601 modo
573 562 694 602 aciem
715 562 876 603 direxit.
916 561 1148 605 Collocabat
1168 565 1208 605 in
1229 567 1358 606 fronte
1380 580 1470 607 suas
1493 566 1662 609 etIubae
1693 576 1711 608 5

183 629 378 683 legiones,
412 636 500 682 post
521 643 588 669 eas
610 636 738 670 autem
759 629 954 671 Numidas
976 631 1016 671 in
1038 631 1271 672 subsidiaria
1294 634 1378 673 acie
1399 634 1452 673 ita
1474 640 1665 674 extenua-

185 702 247 736 tos
271 703 310 737 et
329 696 369 736 in
392 696 673 749 longitudinem
697 697 884 746 directos,
919 704 962 736 ut
991 699 1128 751 procul
1158 699 1325 753 simplex
1348 713 1436 740 esse
1457 700 1563 740 acies
1585 715 1664 742 me-

184 763 245 802 dia
276 763 323 803 ab
352 762 582 816 legionariis
613 762 802 803 militibus
832 764 1033 804 uideretur
1055 765 1113 820 [in
1144 767 1328 806 cornibus
1360 774 1490 807 autem
1522 767 1666 821 duplex

137 829 162 870 3
185 844 275 871 esse
301 830 635 885 existimabatur}
696 829 941 885 Elephantos
973 833 1115 873 dextro
1145 833 1383 888 sinistroque
1404 848 1526 874 cornu
1548 835 1666 875 collo-

182 905 346 938 cauerat
367 897 593 951 aequalibus
615 897 719 938 inter
740 912 808 938 eos
828 899 1048 940 interuallis
1071 900 1307 951 interiectis,
1328 909 1416 954 post
1436 908 1563 942 autem
1587 902 1667 942 ele·
1699 909 1740 942 10

133 964 159 1004 4
181 964 347 1018 phantos
363 973 583 1006 armaturas
600 966 709 1007 leues
721 964 994 1020 Numidasque
1015 968 1233 1009 auxiliares
1247 969 1518 1009 substituerat.
1542 968 1666 1022 Equi-

181 1038 303 1072 tatum
326 1033 521 1074 frenatum
543 1034 772 1075 uniuersum
794 1034 833 1074 in
857 1048 928 1074 suo
951 1036 1092 1076 dextro
1115 1050 1236 1076 cornu
1259 1037 1528 1091 disposuerat:
1568 1037 1664 1077 sini-

180 1106 304 1140 strum
337 1100 440 1142 enim
464 1115 586 1141 cornu
608 1102 746 1156 oppido
767 1101 904 1143 Vzitta
927 1102 1181 1143 claudebatur
1196 1134 1205 1151 ,
1239 1117 1367 1159 neque
1389 1111 1476 1144 erat
1496 1104 1662 1157 spatium

134 1165 159 1206 5
183 1168 381 1220 equitatus
403 1169 638 1222 explicandi.
701 1169 918 1210 Praeterea
938 1169 1133 1210 Numidas
1166 1171 1340 1223 leuisque
1372 1178 1592 1211 armaturae
1623 1171 1682 1210 in-

180 1235 328 1275 finitam
351 1236 636 1276 multitudinem
659 1237 706 1276 ad
726 1237 905 1276 dextram
921 1244 1069 1290 partem
1092 1251 1187 1278 suae
1209 1238 1307 1277 aciei
1332 1239 1664 1291 opposueratfere
1696 1244 1738 1278 15

180 1302 392 1343 interiecto
414 1317 491 1343 non
513 1303 641 1344 minus
665 1304 771 1344 mille
793 1317 974 1357 passuum
998 1304 1125 1358 spatio
1148 1311 1186 1345 et
1207 1305 1252 1344 ad
1277 1304 1386 1345 collis
1408 1305 1560 1345 radices
1583 1319 1663 1345 ma-

180 1369 240 1423 gis
271 1370 475 1424 adpulerat
506 1371 738 1425 longiusque
769 1371 816 1412 ab
844 1372 1162 1413 aduersariorum
1184 1373 1343 1426 suisque
1365 1373 1486 1427 copiis
1508 1386 1663 1426 promo-

132 1434 158 1476 6
180 1437 316 1487 uebat,
350 1437 388 1477 id
421 1438 493 1478 hoc
516 1439 703 1489 consilio,
738 1446 803 1486 ut,
839 1453 922 1479 eum
945 1440 1050 1480 acies
1073 1441 1170 1481 duae
1191 1441 1296 1480 inter
1317 1453 1359 1480 se
1391 1440 1663 1480 concucurris-

181 1512 293 1555 sent,
328 1505 441 1545 initio
464 1506 690 1546 certaminis
713 1507 826 1560 paulo
849 1507 1004 1562 longius
1035 1508 1118 1549 eius
1151 1508 1347 1561 equitatus
1376 1508 1661 1548 circumuectus

180 1586 231 1612 ex
253 1572 455 1626 inprouiso
479 1573 679 1614 clauderet
701 1574 949 1615 multitudine
979 1589 1050 1615 sua
1083 1576 1305 1616 exercitum
1328 1572 1516 1616 Caesaris
1547 1582 1662 1628 atque
1693 1581 1737 1616 20

178 1640 449 1696 perturbatum
472 1641 611 1681 iaculis
634 1642 864 1695 configeret.
929 1641 1038 1683 Haec
1067 1644 1140 1684 fuit
1168 1644 1270 1683 ratio
1294 1641 1491 1697 Scipionis
1523 1656 1569 1683 eo
1602 1642 1663 1683 die

100 1708 157 1753 60
179 1708 408 1762 proeliandi.
471 1705 661 1749 Caesaris
683 1717 813 1749 autem
835 1710 939 1750 acies
962 1710 1035 1750 hoc
1065 1711 1177 1751 modo
1200 1711 1271 1751 fnit
1299 1711 1512 1758 collocata,
1546 1716 1589 1749 ut
1615 1709 1663 1749 ab

128 1776 154 1816 2
176 1776 338 1816 sinistro
360 1776 445 1816 eius
467 1790 591 1816 cornu
613 1777 746 1817 ordiar
775 1784 813 1817 et
843 1777 889 1816 ad
920 1777 1102 1817 dextrum
1133 1778 1374 1831 perueniam.
1429 1775 1577 1817 Habuit
1607 1777 1663 1816 le-

176 1843 334 1898 gionem
349 1849 398 1892 X,
418 1849 512 1882 VIIII
533 1844 573 1883 in
596 1843 758 1884 sinistro
781 1858 918 1893 cornu,
934 1850 1047 1894 XXV,
1063 1851 1225 1892 XXVIII,
1239 1851 1336 1894 XIII,
1352 1851 1464 1893 XIIII,
1480 1850 1657 1894 XXVIIII,

180 1916 294 1951 XXVI
314 1911 355 1951 in
377 1910 502 1951 media
524 1911 623 1952 acie.
688 1910 733 1951 In
757 1925 829 1952 suo
852 1919 980 1952 autem
1005 1913 1144 1952 dextro
1167 1926 1290 1953 cornu
1323 1926 1343 1951 e
1374 1912 1543 1951 secunda
1577 1911 1663 1952 acie
1691 1918 1733 1952 25

317 1997 330 2029 1
356 2007 430 2029 eum
450 2008 518 2030 om.
541 1999 571 2030 b.
712 1999 731 2032 2
744 1999 835 2030 ultra
853 2008 930 2040 ego,
949 1999 1039 2030 ultro
1059 1998 1160 2030 codd.
1297 1997 1612 2041 3praetereundum
1628 1998 1659 2029 b.

318 2050 336 2082 6
351 2055 426 2092 post
444 2060 501 2082 eas
521 2060 598 2092 ego,
620 2055 738 2093 postea
757 2050 859 2082 codd.
998 2049 1088 2092 acie]
1103 2055 1197 2092 parte
1213 2051 1243 2082 b.
1385 2049 1403 2082 7
1416 2049 1526 2080 media
1544 2059 1612 2080 om.
1627 2049 1657 2080 b.

318 2101 389 2134 8ab
409 2102 461 2144 (a)
480 2111 508 2142 c,
522 2112 590 2134 non
609 2111 642 2133 a.
782 2101 898 2134 Vucos
917 2111 980 2143 ego
996 2102 1116 2142 posui.
1134 2101 1264 2134 P.217.
1403 2099 1659 2142 9sinist1·oque]

174 2152 352 2194 medioque
373 2153 404 2183 b.
562 2153 601 2185 10
621 2152 758 2184 iniectis
780 2153 810 2184 b.
960 2152 1159 2194 elephantes
1180 2152 1212 2183 b.
1315 2152 1351 2184 11
1374 2151 1562 2183 auxiliares
1581 2151 1669 2192 sub-¹

175 2205 339 2236 stituerat
357 2215 374 2236 c
392 2207 439 2245 et,
456 2206 522 2246 qui
537 2205 762 2245 substituere,
775 2215 796 2236 a
815 2205 854 2245 b,·
871 2204 1099 2236 substituerat
1117 2203 1304 2235 auxiliares
1322 2213 1358 2235 u.
1501 2203 1541 2236 13
1553 2202 1657 2246 enim]

176 2260 288 2287 autem
309 2255 339 2286 b.
497 2253 613 2286 Vzitta
631 2265 664 2295 a,
686 2253 789 2286 Vzita
807 2265 841 2286 u.
1002 2254 1042 2288 17
1062 2255 1239 2296 adpulerat
1256 2264 1289 2285 α.
1439 2255 1660 2297 premonebat

174 2317 195 2338 α
217 2307 311 2338 ‘mss.
330 2305 518 2348 plerz'que',
538 2310 756 2348 promouerat
772 2305 916 2348 Lipsius
934 2316 969 2337 τι.
1119 2306 1159 2338 18
1178 2304 1254 2347 hoc]
1276 2305 1363 2347 quod
1380 2315 1401 2337 a
1419 2316 1448 2346 c,
1471 2306 1605 2347 quidem
1625 2306 1658 2337 b.

317 2360 622 2390 concucurrissent
639 2368 672 2398 α,
694 2358 952 2390 concurrissent
973 2358 1067 2389 ‘mss.
1083 2357 1274 2399 plerz'que’.
1454 2358 1495 2390 19
1513 2359 1659 2389 circum-

175 2414 297 2441 uentus
317 2413 400 2441 ante
419 2419 510 2441 corr.
532 2420 564 2441 a.
740 2409 782 2443 20
801 2409 975 2451 inprouiso
995 2419 1029 2440 α.
1198 2409 1241 2442 22
1260 2409 1384 2441 collata
1404 2419 1425 2440 a
1445 2409 1463 2440 b
1482 2419 1510 2441 e.

174 2461 216 2492 23
235 2461 413 2492 ordinaret
432 2460 627 2503 perueniam
648 2460 767 2492 habuit
784 2460 943 2501 (omissis
959 2460 1000 2490 ad
1021 2459 1192 2499 dextrum)
1211 2469 1232 2490 α
1252 2460 1270 2490 b
1289 2459 1333 2499 (is
1351 2460 1545 2501 ordinare),
1567 2461 1657 2492 ordi-

174 2515 274 2542 naret
299 2511 340 2542 ad
370 2512 527 2543 dextrum
546 2511 710 2551 (omissis
737 2511 933 2553 perueniani
953 2510 1092 2547 habuit)
1111 2511 1132 2542 2
1150 2510 1237 2541 dett.
1257 2511 1282 2540 i.
1303 2519 1332 2539 e.
1354 2519 1492 2550 omnes,
1522 2511 1562 2542 de
1580 2514 1657 2553 qui-

176 2563 239 2593 bus
256 2564 408 2593 constat.
549 2562 717 2602 legionem
736 2562 786 2593 ab
804 2562 825 2595 2
844 2562 945 2602 dete„
962 2562 995 2593 in
1015 2561 1152 2592 sinistro
1171 2570 1276 2591 cornu
1294 2560 1458 2600 legionem
1477 2571 1512 2591 η.

173 2614 216 2647 24
230 2623 262 2653 x,
275 2623 348 2644 vnn
367 2622 513 2654 eg051x,
527 2623 587 2643 vui
600 2612 651 2653 (a)
663 2623 679 2643 c
697 2623 788 2643 unus
807 2612 976 2650 det.11,1x
995 2616 1029 2643 et
1046 2622 1105 2642 vm
1119 2611 1258 2650 2dett.;
1273 2620 1318 2651 ix,
1331 2621 1378 2642 vn
1390 2610 1502 2642 Aldus
1513 2614 1653 2653 etseqq.

175 2667 260 2696 ante
277 2674 313 2695 u.
332 2664 371 2695 P.
391 2663 470 2699 219.
666 2664 806 2695 sinistro
825 2674 846 2695 α
866 2665 883 2695 b
901 2664 922 2697 2
940 2663 1041 2702 dett„
1061 2663 1180 2694 dextro
1199 2673 1234 2694 u.
1404 2674 1472 2695 xxv
1490 2674 1565 2705 ego,
1586 2674 1657 2696 xxx

176 2716 276 2748 codd.
296 2716 335 2748 P.
349 2716 428 2749 220.
567 2714 656 2757 xiiii]
676 2726 734 2747 xuv
751 2716 818 2756 (a).
958 2713 1094 2755 xxvun]
1112 2724 1221 2746 xxvm
1239 2724 1272 2745 α.
1412 2715 1499 2747 25111
1518 2726 1578 2747 suo
1599 2725 1657 2747 au·

176 2774 243 2801 tem
263 2769 381 2800 dextro
399 2777 483 2810 ego,
505 2767 613 2810 ipsum
632 2772 745 2799 autem
765 2767 919 2798 dextrum
938 2776 980 2805 u,·
1001 2765 1073 2797 fere
1093 2766 1201 2808 ipsum
1221 2770 1333 2797 autem
1352 2767 1508 2798 dextrum
1527 2777 1561 2807 a,
1583 2766 1656 2798 fere

176 2825 254 2852 ante
274 2820 381 2861 ipsum
401 2819 558 2850 dextrum
578 2818 610 2849 b.
625 2818 664 2849 P.
678 2817 755 2850 217.
896 2826 914 2847 e
933 2815 1083 2847 secunda
1102 2817 1175 2849 acie
1195 2827 1271 2859 ego,
1285 2818 1469 2849 secundam
1489 2818 1594 2850 aciem
1613 2827 1657 2857 u,-

177 2871 360 2903 secuudam
380 2875 491 2902 autem
511 2869 618 2901 aciem
636 2879 657 2900 a
677 2879 694 2901 c
711 2871 758 2908 et,
779 2869 843 2909 qni
860 2867 1059 2908 secundum,
1079 2868 1110 2899 b.
