1835 3240
698 156 1098 205 -71—'

162 281 293 330 scribi,
319 280 418 333 quod
441 285 502 317 est
523 278 562 317 iu
583 276 713 332 Bong.
739 291 816 331 pr.,
842 291 891 317 ne
914 276 1009 316 haee
1032 275 1184 328 quidem
1208 276 1289 314 lieri
1314 285 1490 329 possunt.
1525 277 1646 319 Cras-

158 363 224 388 sus
247 347 348 387 enim
372 359 449 385 non
472 345 646 385 Tolosae
669 352 708 384 et
727 344 920 385 Narbone
943 350 1052 392 erat,
1088 343 1155 383 sed
1180 343 1218 382 iu
1240 342 1456 397 Aquitania
1473 375 1483 393 ,
1509 352 1549 384 ut
1570 347 1645 386 ini-

160 417 212 455 tio
234 430 268 454 e.
294 412 349 454 ‘20
370 414 536 453 relatum
560 420 634 453 est.
679 411 813 466 Itaque
837 410 1038 452 Ciaeeonii
1063 410 1283 450 emendatio
1306 410 1503 462 probanda
1528 419 1602 450 est.

272 479 321 521 C.
346 480 425 531 23,
459 480 484 520 ‘2
517 494 565 520 ex
589 479 719 534 Bong.
754 494 812 533 pr.
842 478 931 519 Par.
967 492 1026 532 pr.
1060 476 1178 531 Egm.
1205 476 1320 517 Vrat.
1349 491 1406 530 pr.
1431 478 1533 518 edidi
1569 479 1646 518 ‘le-

159 557 271 603 gatos
293 563 447 602 quoque
471 562 628 588 uersum
651 547 879 595 dimittere',
905 545 1082 599 quamuis
1108 550 1279 597 ‘quoquo
1302 545 1456 584 uersu&
1479 543 1647 585 Latinos

159 618 293 657 eadem
318 617 513 657 sententia
536 616 685 655 dixisse
708 621 825 667 atque
852 614 914 652 ‘iu
937 627 1073 653 omues
1096 611 1251 666 partes*
1276 613 1326 652 ita
1352 620 1499 652 eertum
1524 612 1648 651 omui—

158 685 229 724 bus
253 684 447 733 uideatur,
482 691 538 732 ut,
566 698 656 723 num
681 689 691 706 ⁴
707 683 884 736 quoquo'
906 681 946 721 in
968 680 1168 721 codicibus
1192 681 1371 733 legatur,
1406 694 1522 729 raro,
1557 694 1647 719 num

161 759 266 792 reete
289 751 439 790 dicatur
454 782 463 798 ,
499 752 656 791 omnino
689 765 766 790 non
789 750 1052 803 quaerendum
1075 755 1236 802 putent,
1271 748 1309 788 id
1332 748 1495 787 delinire
1518 748 1649 787 stude-

159 819 440 869 ant,.‘uersus'
463 834 512 858 an
538 820 725 859 ‘uersum'
750 817 997 859 scribendum
1021 816 1088 856 sit.
1153 815 1286 868 Atque
1319 816 1390 855 boe
1413 816 1567 869 quidem
1592 823 1649 855 to-

160 895 237 927 tum
261 887 299 926 in
321 887 518 926 codicibus
542 887 708 939 positum
734 900 821 926 esse
843 891 1020 938 apparet,
1046 884 1137 923 illud
1161 890 1251 923 ante
1274 884 1403 923 omnia
1419 914 1429 933 ,
1456 883 1493 922 ni
1520 883 1647 929 l'allor,

158 956 204 995 ad
227 955 418 994 rationem
443 955 730 1007 exquirendum
755 961 829 994 est.
875 952 995 1005 Atqui
1018 951 1051 991 si
1074 951 1266 991 rationem
1290 951 1513 1004 sequimur,
1542 956 1651 1002 ‘quo-

159 1037 234 1075 quo
259 1023 418 1062 uersus'
452 1029 532 1061 tum
558 1023 710 1062 demum
736 1028 843 1062 reete
865 1021 940 1060 diei
969 1020 1217 1060 statuendum
1252 1025 1333 1066 est,
1369 1033 1452 1058 cum
1486 1018 1651 1058 relatiua

158 1091 357 1130 sententia
379 1097 461 1139 est,
487 1091 527 1130 iu
550 1091 705 1130 delinita
729 1089 941 1135 sententia,
970 1095 1011 1127 ut
1036 1087 1231 1139 ‘quisque'
1266 1101 1342 1125 nou
1369 1085 1573 1139 ‘quisquis
1597 1085 1652 1123 di-

159 1159 274 1207 eitur,
299 1159 351 1197 ita
374 1172 422 1198 ne
447 1160 631 1211 ‘quoquo'
651 1158 804 1211 quidem
831 1156 1019 1205 ‘uersus',
1045 1154 1113 1195 sed
1136 1160 1306 1207 ‘quoque
1328 1154 1480 1193 uersus7
1504 1166 1651 1206 ponen-

160 1227 246 1266 dum
271 1226 392 1265 uideri
416 1226 545 1265 debet.
610 1224 724 1277 Quod
757 1226 790 1265 si
822 1232 1029 1278 praeterea
1061 1228 1313 1262 monumenta
1344 1221 1561 1261 litterarum
1584 1233 1653 1259 au-

161 1294 299 1333 dienda
321 1301 412 1334 sunt
442 1296 563 1345 (sunt
595 1300 723 1333 autem
758 1294 935 1347 profecto
952 1323 961 1341 ,
996 1306 1083 1331 eum
1107 1304 1201 1330 usus
1225 1304 1244 1329 a
1269 1289 1424 1329 ratione
1447 1288 1652 1327 discedere

162 1362 368 1414 potuerit),
395 1376 471 1400 uon
495 1375 540 1400 ea
563 1362 782 1409 audienms,
809 1374 908 1413 quae
931 1367 970 1400 et
991 1367 1166 1412 tempore
1188 1358 1377 1398 inferiore
1395 1356 1538 1409 scripta
1562 1362 1653 1394 sunt

163 1436 201 1468 et
223 1429 490 1482 ‹leprauatioui
515 1428 578 1468 uel
601 1429 770 1468 maxime
794 1427 966 1467 obnoxia
992 1428 1143 1465 suerunt
1160 1456 1169 1474 ,
1196 1426 1262 1465 sed
1287 1438 1387 1478 quae
1409 1424 1531 1477 ipsius
1554 1422 1653 1462 anti-

163 1496 320 1549 quitatis
346 1495 627 1543 testimouium,
653 1504 837 1548 (lunatum
864 1495 947 1535 lieri
979 1494 1017 1534 iu
1054 1495 1127 1534 lioe
1160 1507 1307 1547 genere
1338 1499 1490 1546 potest,
1525 1491 1655 1530 incor—

162 1570 315 1615 ruptum
340 1563 541 1615 praebent.
602 1562 646 1602 In
671 1563 993 1616 inscriptionibus
1016 1569 1145 1602 autem
1181 1567 1190 1584 ‘
1206 1575 1357 1613 quoque
1382 1559 1545 1600 uersus'
1576 1558 1653 1612 legi

162 1630 237 1669 iam
261 1628 516 1669 Furlauettus
539 1631 578 1669 iu
601 1629 775 1670 Foreell.
802 1631 882 1670 lex.
920 1629 1065 1669 monuit
1099 1629 1231 1680 itaque
1265 1629 1450 1682 seriptum
1475 1639 1562 1666 esse
1585 1641 1655 1666 au-

162 1699 317 1737 notuuit
337 1698 375 1737 iu
409 1698 619 1751 eenolapli.
648 1696 780 1737 Pisan.
806 1696 889 1736 (342
922 1711 960 1736 u.
993 1696 1044 1735 10
1076 1697 1122 1735 ab
1156 1697 1232 1735 ima
1264 1710 1352 1750 pag.
1388 1697 1486 1749 apud
1509 1695 1653 1744 Orell.,

163 1773 223 1805 ter
244 1766 283 1805 in
305 1766 426 1805 inser.
451 1765 624 1819 Neapol.
651 1780 714 1819 ap.
741 1766 858 1805 (lrut.
885 1763 983 1813 207,
1010 1779 1050 1803 u.
1080 1762 1144 1803 10.
1171 1763 1241 1802 21.
1266 1763 1336 1812 ⁴20,
1362 1764 1452 1803 item
1478 1764 1514 1803 in
1537 1761 1656 1802 Pata—

163 1834 254 1874 uina
280 1848 342 1887 ap.
377 1832 496 1873 Grut.
522 1832 630 1883 801,
663 1833 734 1883 12,
768 1834 806 1873 in
830 1847 922 1886 qua,
957 1847 1041 1871 eum
1066 1831 1264 1872 Gruterus
1300 1837 1477 1884 ‘quoquo
1501 1830 1653 1871 uersus'

164 1902 374 1951 edidisset,
410 1915 452 1941 se
476 1902 600 1955 ipsum
626 1907 804 1954 ‘quoque
826 1900 988 1940 uersus'
1013 1901 1198 1954 seriptum
1223 1899 1370 1939 uidisse
1393 1897 1655 1938 Furlauettus

166 1970 414 2009 testificatur.
457 1968 599 2022 Neque
623 1984 696 2023 ego
720 1969 850 2022 plures
873 1968 1152 2020 inscriptiones
1175 1967 1303 2021 reperi
1333 1970 1496 2020 (omnes
1526 1973 1655 2006 autem

164 2038 257 2077 mihi
281 2044 393 2077 notas
417 2051 504 2077 esse
527 2051 605 2076 non
628 2038 816 2090 all'irmo),
843 2037 882 2076 in
906 2036 1043 2088 quibus
1062 2036 1157 2075 liaeo
1179 2035 1368 2075 uoeabula
1393 2034 1571 2075 omnibus
1594 2034 1657 2073 lit-

167 2105 260 2145 teris
293 2106 508 2158 perscripta
541 2106 794 2158 legerentur:
842 2110 969 2157 ‘quoq
1005 2106 1145 2143 uersu'
1178 2111 1239 2144 est
1268 2118 1329 2156 ap.
1366 2100 1492 2144 Orell.
1527 2100 1655 2151 4503,

166 2173 271 2225 ‘qqu'
295 2187 356 2225 ap.
384 2172 502 2212 Grut.
527 2173 633 2221 924,
659 2172 725 2212 20.
750 2174 818 2212 21.
844 2172 897 2211 22
921 2179 960 2211 et
982 2169 1107 2212 Orell.
1134 2170 1242 2211 4501
1277 2178 1313 2210 et
1335 2170 1461 2210 4502.
1527 2168 1568 2210 Si
1592 2183 1659 2209 au-

167 2248 241 2280 tem
266 2240 303 2279 in
327 2240 455 2293 aliqua
477 2241 737 2293 insen-iptione
763 2246 942 2293 ‘quoquo
966 2239 1130 2279 uersus'
1155 2240 1298 2279 editum
1323 2239 1573 2287 inuenietur,
1602 2238 1660 2277 ui-

166 2308 332 2347 dendum
357 2315 429 2357 cst,
456 2322 505 2348 ne
526 2308 562 2348 id
587 2308 720 2348 eadem
746 2309 996 2363 neglegentia
1019 2315 1136 2360 atque
1158 2308 1195 2346 iu
1211 2306 1405 2347 Patauina
1428 2307 1491 2346 illa
1517 2309 1659 2345 l'aetum

166 2376 233 2416 sit.
276 2375 413 2429 Itaque
436 2392 521 2416 eum
545 2377 647 2416 ratio
671 2391 756 2416 eum
783 2376 982 2416 ueteribus
1006 2377 1269 2415 monumentis
1293 2375 1539 2422 consentiat,
1575 2373 1659 2412 ubi-

167 2458 330 2496 cumque
362 2445 517 2485 definita
550 2445 749 2485 sententia
781 2451 866 2493 est,
903 2449 1084 2496 ‘quoque
1108 2445 1269 2484 uersus'
1303 2443 1549 2483 scribendum
1575 2440 1660 2480 exi—

168 2512 297 2551 stimo.
342 2511 486 2565 Neque
508 2514 607 2567 apud
630 2511 842 2552 Caesarem
869 2512 906 2552 iu
932 2513 1001 2551 liae
1026 2526 1067 2552 re
1090 2526 1138 2551 ne
1161 2512 1337 2552 codicum
1361 2510 1514 2564 quidem
1548 2509 1659 2548 testi-

168 2579 309 2619 moniis
332 2580 594 2620 destituimur.
661 2580 763 2621 Nam
789 2595 837 2620 ex
865 2580 1025 2632 reliquis
1050 2580 1146 2620 loeis
1164 2612 1173 2629 ,
1206 2581 1246 2620 iu
1279 2580 1418 2633 quibus
1451 2591 1520 2618 eae
1543 2590 1659 2616 uoces

172 2644 368 2698 leguntur,
394 2649 440 2688 de
463 2648 500 2687 b.
528 2648 633 2689 Gall.
652 2647 746 2698 Vll,
772 2648 812 2697 4,
838 2647 862 2687 5
888 2648 1063 2687 ‘dimittit
1086 2663 1240 2704 quoque
1263 2661 1403 2688 uersus
1427 2644 1660 2698 legationes'

173 2714 294 2752 estin
315 2713 404 2756 Par.
432 2731 491 2769 pr.
519 2716 641 2758 Voss.
668 2731 727 2770 pr.
756 2716 890 2769 Egm„
917 2717 1045 2756 eiusd.
1072 2717 1138 2756 lib.
1169 2716 1234 2766 14,
1260 2714 1283 2755 5
1310 2722 1481 2768 ‘quoque
1510 2710 1662 2751 uersus'

177 2778 479 2836 Oudendorpius
501 2785 542 2824 in
567 2789 690 2824 ι11155.
716 2784 870 2825 multis'
893 2784 971 2838 legi
993 2785 1043 2824 ait
1062 2816 1071 2834 ,
1098 2791 1137 2825 et
1159 2794 1218 2824 est
1239 2785 1293 2824 ita
1316 2784 1354 2823 in
1376 2781 1470 2821 Par.
1497 2795 1554 2834 pr.
1618 2778 1662 2818 ln

179 2851 471 2891 commentariis
489 2852 535 2892 de
552 2852 654 2892 bello
672 2852 776 2892 ciuili
799 2859 839 2892 et
860 2852 1159 2905 insequentibus
1181 2850 1476 2906 supplementis,
1502 2862 1663 2900 quorum
