1835 3240
105 571 123 603 εἴ(

75 907 116 940 10

74 1245 115 1279 15

70 1584 113 1617 20

70 1922 112 1956 25

686 178 880 222 CAPVT
900 177 956 221 70
967 204 1021 209 -
1032 179 1102 221 72.
1630 185 1656 226 7
1659 185 1714 228 03

155 294 294 336 stando
326 292 507 333 omnibus
539 292 587 332 ad
618 306 711 334 suos
743 307 787 334 se
808 293 971 347 recepit.
1016 289 1149 346 Scipio
1171 291 1326 332 interim
1349 292 1525 347 legiones
1547 311 1636 351 pro-
1657 298 1684 339 7

153 364 288 403 ductas
319 375 406 400 cum
428 360 646 415 elephantis
662 391 672 411 ,
710 375 804 415 quas
826 367 916 401 ante
938 366 1070 400 castra
1090 359 1130 399 in
1151 359 1236 400 acie
1258 360 1423 401 terroris
1447 364 1574 415 gratia
1596 366 1636 406 in

152 435 365 482 conspectu
387 424 572 468 Caesaris
595 428 888 477 conlocauerat,
912 429 1065 468 reducit
1084 428 1125 468 in
1147 435 1290 468 castra.
1328 425 1480 469 Caesar
1501 440 1637 473 contra
1658 433 1709 478 ’71

151 496 344 536 eiusmodi
374 495 541 536 hostium
574 509 723 549 genera
750 495 882 548 copias
904 509 996 535 suas
1019 510 1098 535 non
1120 503 1163 536 ut
1183 497 1396 550 imperator
1417 498 1636 540 exercitum

158 571 387 604 ueteranum
411 564 678 616 uictoremque
699 562 881 602 maximis
904 563 1021 604 rebus
1042 564 1188 618 gestis,
1223 564 1290 604 sed
1313 570 1355 603 ut
1376 564 1517 605 lanista
1541 566 1637 606 tiro-

151 644 220 672 nes
243 631 479 685 gladiatores
502 631 834 681 condocefacere3
869 645 944 683 quo
968 631 1062 684 pede
1084 645 1127 671 se
1149 631 1374 685 reciperent
1394 632 1440 672 ab
1463 632 1576 674 hoste
1597 640 1637 674 et
1656 634 1683 674 2

151 699 471 751 quemadmodum
489 698 647 738 obuersi
665 698 905 738 aduersariis
923 704 961 738 et
976 698 1015 737 in
1034 699 1220 751 quantulo
1238 700 1366 752 spatio
1381 700 1633 751 resisterent,

150 767 264 806 modo
295 772 578 819 procurrerent
607 766 722 805 modo
753 765 984 806 recederent
1016 766 1425 821 comminarenturque
1445 768 1634 822 impetum

150 847 195 873 ac
226 847 345 887 prope
376 847 450 886 quo
480 833 566 873 loco
599 840 638 874 et
670 833 990 886 quemadmodum
1028 834 1103 874 tela
1124 834 1352 885 mitterent,
1388 836 1629 890 praecipere.

146 899 317 942 Mirifice
349 901 452 941 enim
485 901 651 941 hostium
683 901 783 941 leuis
806 908 1006 941 armatura
1029 901 1191 942 anxium
1215 903 1433 942 exercitum
1458 911 1633 944 nostrum
1656 903 1681 945 3

149 975 265 1022 atque
286 969 496 1009 sollicitum
518 969 709 1015 habebat,
731 968 819 1020 quia
843 976 882 1008 et
902 970 1051 1021 equites
1075 969 1303 1010 deterrebat
1325 971 1510 1023 proelium
1533 972 1636 1013 inire

146 1043 306 1089 propter
328 1049 515 1088 equorum
536 1035 757 1083 interitum,
781 1035 881 1088 quod
903 1050 972 1076 eos
993 1037 1131 1076 iaculis
1153 1036 1428 1088 interficiebat,
1453 1046 1492 1078 et
1513 1039 1636 1093 legio-

147 1103 300 1144 narium
331 1103 491 1144 militem
526 1103 766 1156 defatigabat
797 1110 958 1157 propter
978 1104 1253 1144 uelocitatem:
1291 1106 1424 1158 grauis
1447 1107 1548 1146 enim
1571 1121 1634 1147 ar-
1656 1107 1682 1147 4

148 1178 325 1212 maturae
354 1172 465 1212 miles
495 1171 730 1224 simulatque
763 1171 808 1211 ab
839 1172 888 1212 iis
919 1172 1138 1213 insectatus
1171 1175 1407 1213 constiterat
1427 1173 1466 1213 in
1489 1188 1635 1227 eosque

145 1239 330 1292 impetum
354 1240 516 1289 fecerat,
532 1238 587 1279 illi
610 1239 736 1279 ueloci
756 1253 873 1279 cursu
889 1239 1103 1293 periculum
1124 1240 1235 1281 facile
1255 1241 1444 1281 uitabant.
1477 1240 1633 1294 Quibus
1653 1242 1709 1288 ’72

148 1320 201 1347 ex
230 1307 347 1347 rebus
370 1304 523 1347 Caesar
550 1307 806 1347 uehementer
835 1308 1180 1358 commonebatur,
1215 1308 1332 1361 quia,
1366 1309 1634 1363 quodcumque

146 1374 335 1428 proelium
367 1375 548 1428 quotiens
580 1381 667 1415 erat
697 1375 948 1415 commissum
966 1406 976 1425 ‚
1009 1376 1184 1430 equitatu
1213 1389 1285 1416 suo
1307 1376 1394 1416 sine
1415 1377 1634 1430 legionario

146 1442 269 1482 milite
300 1442 467 1490 hostium
500 1441 686 1495 equitatui
714 1442 870 1496 leuique
898 1449 1121 1484 armaturae
1144 1457 1279 1484 eorum
1301 1444 1406 1485 nullo
1427 1446 1542 1485 modo
1565 1459 1636 1500 par

146 1523 234 1550 esse
257 1516 424 1563 poterat.
460 1507 758 1551 Sollicitabatur
773 1517 902 1551 autem
921 1511 980 1551 his
998 1511 1132 1561 rebus,
1149 1513 1250 1564 quod
1267 1513 1438 1553 nondum
1456 1513 1634 1566 legiones
1655 1513 1683 1555 2

145 1577 312 1617 hostium
337 1585 584 1632 cognouerat
604 1585 644 1619 ct
665 1593 833 1632 quonam
855 1579 969 1619 modo
991 1579 1190 1620 sustinere
1211 1593 1254 1620 se
1278 1587 1411 1634 posset
1432 1581 1479 1621 ab
1498 1595 1633 1622 eorum

145 1645 320 1697 equitatu
342 1646 496 1699 leuique
518 1653 714 1687 armatura
728 1678 738 1697 ‚
774 1661 871 1700 quae
893 1655 979 1688 erat
999 1647 1160 1688 mirifica
1177 1678 1187 1697 ‚
1222 1647 1256 1688 si
1280 1649 1456 1701 legiones
1479 1663 1633 1703 quoque

145 1713 424 1754 accessissent.
489 1713 718 1755 Accedebat
748 1715 863 1756 etiam
898 1715 993 1756 haec
1025 1730 1168 1765 causa,
1204 1716 1305 1768 quod
1335 1716 1631 1770 elephantorum
1654 1716 1679 1758 3

144 1781 374 1835 magnitudo
396 1781 677 1835 multitudoque
700 1782 852 1823 animos
874 1783 1038 1824 militum
1062 1783 1261 1824 detinebat
1283 1784 1322 1824 in
1346 1790 1514 1825 terrore.
1556 1782 1634 1827 Cui
1654 1784 1682 1826 4

146 1848 214 1888 uni
239 1849 297 1890 rei
327 1855 458 1890 tamen
487 1850 694 1892 inuenerat
715 1851 946 1891 remedium.
990 1850 1174 1905 Namque
1197 1852 1425 1906 elephantos
1447 1866 1501 1893 ex
1520 1851 1635 1894 Italia

145 1916 407 1969 transportari
438 1917 635 1968 iusserat,
671 1933 746 1972 quo
768 1926 809 1959 et
830 1919 941 1960 miles
964 1926 1100 1960 noster
1120 1920 1367 1974 speciemque
1389 1927 1428 1961 et
1449 1920 1633 1962 uirtutem

144 1983 295 2024 bestiae
325 1992 612 2039 cognosceret,
645 1993 685 2027 et
717 1987 779 2027 cui
813 1987 914 2040 parti
943 1987 1120 2041 corporis
1144 1988 1226 2029 eius
1248 1989 1369 2028 telum
1394 1989 1508 2028 facile
1530 1988 1634 2042 adigi

145 2059 304 2106 posset,
340 2059 581 2106 ornatusque
614 2068 659 2094 ac
681 2054 868 2096 loricatus
891 2069 977 2095 cum
1001 2061 1109 2096 esset
1129 2055 1358 2110 elephantus
1376 2087 1386 2106 ,
1421 2070 1519 2109 quae
1542 2070 1632 2110 pars

286 2206 307 2239 2
325 2215 409 2248 quas
428 2215 504 2248 ego,
526 2216 610 2248 quos
629 2207 730 2239 codd.
751 2207 788 2239 P.
809 2208 887 2241 225.
1044 2208 1063 2241 3
1082 2208 1327 2240 conlocauerat
1344 2219 1377 2240 a.
1535 2210 1554 2242 4
1574 2209 1631 2241 ho-

144 2256 246 2288 stium
265 2267 333 2289 om.
355 2267 384 2288 ο.
526 2258 544 2290 6
556 2258 843 2290 condocefaeeret
862 2269 882 2290 a
897 2259 928 2290 b.
1070 2270 1134 2302 quo
1149 2260 1253 2302 pedes
1271 2270 1303 2301 a,
1319 2260 1404 2302 quod
1422 2260 1464 2291 ad
1479 2261 1582 2302 pedes
1598 2262 1629 2293 b.

288 2308 306 2340 7
327 2308 539 2340 aduersariis
556 2309 682 2350 Aldus,
705 2310 925 2341 aduersarios
945 2320 965 2341 a
986 2310 1018 2341 b.
1182 2311 1201 2343 9
1221 2311 1418 2353 praecipere
1437 2322 1527 2343 unus
1545 2312 1628 2353 det„

145 2357 360 2400 praeciperet
372 2368 393 2389 α
408 2359 445 2398 b,-
459 2359 626 2403 praecipit
643 2370 678 2392 u.
821 2361 862 2394 12
875 2360 1106 2392 interficiebat
1116 2379 1161 2384 —
1171 2361 1245 2403 (13)
1258 2361 1469 2403 defatigabat
1483 2373 1504 2394 α
1517 2373 1534 2394 c
1552 2363 1627 2395 eod.

147 2406 241 2449 Vrsa,
263 2409 518 2442 interficiebant
535 2428 578 2434 —-
597 2411 835 2453 defatigabant
854 2413 870 2443 I)
891 2416 927 2444 et
942 2413 1085 2454 reliqui.
1306 2414 1344 2447 13
1363 2420 1538 2448 armatura
1555 2426 1576 2447 a
1597 2417 1628 2448 b.

288 2460 329 2492 14
347 2460 388 2492 iis
407 2471 441 2502 a,
462 2461 514 2493 his
535 2462 614 2494 edd.
773 2463 812 2496 15
831 2464 1020 2505 periculum
1041 2463 1144 2495 facile
1163 2474 1197 2505 a,
1220 2464 1322 2497 facile
1341 2466 1530 2508 periculum
1548 2466 1628 2499 edd.

290 2513 328 2544 16
347 2514 568 2546 uehementer
584 2532 628 2538 —
645 2516 879 2557 quodcumque
899 2526 968 2548 om.
989 2517 1020 2547 b.
1240 2517 1319 2559 quia
1337 2528 1406 2550 om.
1427 2528 1448 2549 a
1466 2528 1483 2549 c
1501 2519 1522 2552 2
1540 2518 1628 2551 clete.

287 2563 508 2607 quodeunque
527 2566 596 2607 (a).
786 2566 825 2599 17
844 2565 1027 2609 proelium]
1051 2567 1178 2598 bellum
1199 2568 1230 2600 b.
1418 2570 1574 2610 quotiens
1593 2580 1627 2601 a.

290 2613 494 2653 legionarios
513 2618 640 2650 milites
659 2628 680 2650 a
700 2619 731 2650 h.
908 2619 947 2651 18
966 2619 1121 2660 equitatu
1142 2620 1173 2651 b.
1339 2621 1378 2654 19
1399 2621 1552 2662 legiones
1571 2623 1628 2654 ho-

146 2663 247 2695 stium
265 2673 286 2694 a
297 2663 507 2707 Stephanus,
524 2668 668 2700 bostium
685 2668 838 2709 legiones
854 2669 1016 2710 reliquae
1029 2669 1107 2703 edd.
1246 2671 1289 2706 20
1304 2676 1439 2713 possent
1452 2673 1482 2703 b.

144 2715 183 2749 21
206 2719 304 2746 erant
320 2725 355 2747 α.
494 2720 537 2752 22
555 2720 753 2764 accedebat]
773 2726 888 2753 autem
906 2722 987 2753 add.
1011 2723 1042 2754 b.
1181 2724 1224 2757 23
1243 2725 1374 2756 animos
1394 2725 1537 2757 militum
1554 2736 1575 2757 a
1595 2726 1626 2767 Ι),

145 2767 289 2799 militum
308 2768 438 2800 animos
457 2769 535 2802 edd.
685 2774 729 2806 24
748 2783 789 2805 ex
808 2772 906 2806 Italia
929 2774 1156 2817 ciacconius,
1176 2776 1209 2808 in
1230 2776 1362 2809 ltaliam
1382 2776 1481 2807 codd.

142 2820 184 2851 25
203 2819 288 2860 quod
307 2830 328 2850 α
348 2820 379 2851 b.
558 2827 674 2854 noster
691 2825 816 2866 Aldus,
838 2830 957 2857 nosset
973 2837 994 2858 a
1014 2826 1032 2857 b
1050 2827 1070 2860 2
1088 2827 1177 2860 dett.
1355 2827 1397 2860 27
1416 2832 1624 2871 ornatusque

145 2870 267 2912 Aldus,
290 2875 518 2914 oneratusque
537 2882 558 2904 a
578 2873 596 2905 b
614 2884 631 2905 c
648 2874 683 2906 d.
822 2876 985 2919 elephans
1006 2877 1023 2909 b
1042 2877 1076 2909 d.
