1835 3240
105 909 146 941 10

108 1250 144 1281 15

106 1587 148 1618 ‘20

605 173 789 216 COMM.
814 172 833 216 Ι
866 173 989 216 CAP.
1013 174 1212 218 21—25.
1652 171 1735 215 269

177 298 345 333 mentum
368 289 496 330 metiri
520 295 742 342 oporteret,
770 296 809 329 et
831 290 931 342 quod
955 304 977 330 a
997 287 1210 337 Bibracte,
1244 286 1382 339 oppido
1407 285 1658 327 Haeduorum

176 362 291 414 longe
313 358 485 399 maximo
509 364 548 397 et
569 356 858 410 copiosissimo,
884 372 961 397 non
986 357 1148 411 amplius
1170 354 1324 396 milibus
1346 368 1529 408 passuum
1550 361 1661 394 XVIII

175 427 336 476 aberat,
370 427 427 467 rei
453 425 737 466 frumentariae
759 425 1073 478 prospiciendum
1097 423 1362 465 existimauit:
1398 422 1475 462 iter
1497 421 1543 461 ab
1566 420 1661 462 Hel-

176 494 291 535 uetiis
315 494 461 535 auertit
497 507 543 533 ac
577 491 761 532 Bibracte
783 492 841 532 ire
865 493 1082 532 contendit.
1134 491 1195 532 Ea
1218 504 1282 531 res
1305 504 1376 544 per
1398 489 1585 544 fugitiuos
1607 487 1659 528 L.
1683 489 1711 529 2

179 561 361 610 Aemilii,
398 560 621 601 decurionis
644 560 816 613 equitum
840 559 1044 600 Gallorum
1061 591 1070 609 ,
1105 559 1281 599 hostibus
1304 557 1524 598 nuntiatur.
1568 556 1661 598 Hel·
1685 555 1710 596 3

178 629 290 679 uetii,
315 643 384 670 seu
408 628 506 682 quod
530 629 672 668 timore
695 627 927 681 perterritos
949 627 1153 667 Romanos
1176 626 1378 667 discedere
1401 639 1422 665 a
1451 639 1493 665 se
1523 626 1663 666 existi-

176 705 345 747 marent,
371 711 417 737 eo
434 697 574 750 magis,
601 696 701 748 quod
715 695 839 749 pridie
861 696 1131 749 superioribus
1154 694 1250 734 locis
1264 693 1464 747 occupatis
1478 693 1666 747 proelium

175 780 253 806 nou
276 765 588 813 commisissent,
621 764 706 804 siue
728 777 775 803 eo
792 794 801 811 ,
836 763 937 816 quod
963 778 1007 804 re
1036 762 1295 803 frumentaria
1316 760 1525 802 intercludi
1548 774 1664 815 posse

176 833 441 882 confiderent,
477 838 713 871 commutato
745 832 910 872 consilio
941 839 1058 884 atque
1079 831 1222 871 itinere
1246 843 1439 870 conuerso
1462 835 1621 869 nostros
1643 842 1666 869 a

179 901 395 941 nouissimo
428 899 584 954 agmine
619 900 769 953 insequi
801 914 846 940 ac
877 900 1076 940 lacessere
1108 904 1336 953 coeperunt.
1390 896 1603 950 Postquam
1625 897 1663 937 id
1684 896 1741 941 24

179 969 349 1009 animum
373 968 569 1017 aduertit,
604 968 736 1021 copias
759 981 851 1008 suas
876 964 1027 1008 Caesar
1048 968 1088 1007 in
1112 966 1332 1021 proximum
1356 965 1493 1005 collem
1522 965 1668 1006 suhdu-

179 1037 231 1077 cit
252 1036 557 1090 equitatumque,
584 1035 647 1088 qui
671 1036 887 1076 sustineret
910 1036 1081 1076 hostium
1104 1036 1306 1088 impetum,
1332 1034 1452 1073 misit.
1497 1032 1585 1086 lpse
1608 1033 1667 1072 in·
1687 1032 1715 1074 2

176 1105 289 1145 terim
314 1105 353 1144 in
376 1104 474 1144 colle
497 1103 623 1143 medio
648 1105 837 1157 triplicem
869 1105 993 1145 aciem
1026 1103 1221 1143 instruxit
1252 1103 1449 1156 legionum
1482 1107 1667 1153 quattuor

178 1180 456 1214 ueteranarum
481 1171 585 1225 [ita,
612 1172 667 1212 uti
692 1173 865 1226 supra]3
898 1174 965 1213 sed
999 1173 1037 1212 in
1061 1186 1211 1211 summo
1234 1171 1327 1224 iugo
1351 1170 1447 1209 duas
1470 1168 1661 1222 legiones,

177 1255 274 1294 quas
297 1241 336 1280 in
359 1239 489 1281 Gallia
512 1240 696 1280 citeriore
720 1241 900 1294 proxime
933 1241 1248 1293 conscripserat,
1285 1246 1324 1279 et
1353 1236 1483 1277 omnia
1516 1236 1667 1276 auxilia

180 1308 378 1349 conlocari
401 1322 446 1348 ac
470 1315 590 1348 totum
614 1316 786 1348 montem
810 1309 1032 1349 hominibus
1056 1307 1240 1362 compleri
1265 1314 1304 1347 et
1319 1307 1472 1346 interea
1484 1304 1664 1344 sarcinas
1687 1303 1711 1343 3

178 1378 218 1417 iu
242 1391 356 1416 unum
380 1377 505 1416 locum
530 1377 702 1416 conferri
726 1384 765 1416 et
786 1390 873 1416 eum
897 1376 943 1415 ab
966 1376 1025 1416 his
1041 1407 1051 1425 ,
1085 1376 1150 1429 qui
1172 1376 1213 1415 in
1234 1374 1442 1427 superiore
1464 1373 1550 1413 acie
1572 1387 1666 1412 cou-

183 1445 395 1494 stiterunt,
431 1444 572 1484 muniri
603 1444 735 1484 iussit.
782 1443 954 1484 Heluetii
978 1458 1064 1483 cum
1089 1443 1266 1483 omnibus
1290 1442 1371 1483 suis
1395 1441 1520 1482 carris
1541 1440 1667 1481 secuti
1688 1439 1717 1480 4

180 1512 447 1565 inpedimenta
476 1512 516 1552 in
550 1527 665 1552 unum
699 1512 824 1552 locum
859 1512 1134 1562 contulerunt3
1167 1511 1240 1565 ipsi
1264 1509 1558 1549 confertissima
1581 1508 1666 1549 acie
1688 1506 1712 1547 5

181 1580 328 1620 reiecto
351 1586 488 1619 nostro
511 1580 685 1632 equitatu
709 1580 899 1634 phalange
929 1581 1032 1619 sacta
1063 1579 1133 1619 sub
1156 1578 1319 1633 primam
1344 1584 1519 1617 nostram
1543 1576 1668 1616 aciem

182 1654 475 1688 successerunt.
530 1644 684 1688 Caesar
705 1647 868 1701 primum
892 1662 979 1696 suo,
1021 1648 1161 1687 deinde
1184 1646 1355 1686 omnium
1382 1659 1434 1685 ex
1456 1651 1670 1698 conspectu
1690 1643 1746 1688 25

180 1716 343 1757 remotis
374 1715 509 1769 equis,
546 1722 588 1755 ut
618 1722 784 1768 aequato
816 1715 985 1754 omnium
1019 1714 1192 1769 periculo
1225 1727 1332 1768 spem
1356 1714 1471 1767 fugae
1494 1712 1665 1762 tolleret,

184 1784 412 1824 cohortatus
433 1798 527 1824 suos
551 1784 742 1837 proelium
766 1782 977 1823 commisit.
1029 1781 1181 1823 Milites
1204 1796 1224 1822 e
1246 1783 1333 1822 loco
1357 1780 1563 1834 superiore
1585 1780 1672 1833 pilis
1693 1778 1721 1820 2

183 1851 313 1892 missis
336 1852 448 1892 facile
471 1852 639 1892 hostium
663 1851 895 1906 phalangem
919 1852 1213 1905 perfregerunt.
1258 1849 1318 1890 Ea
1348 1849 1510 1889 disiecta
1532 1847 1672 1902 gladiis

136 1928 149 1955 ι’
185 1919 385 1960 destrictis
408 1919 448 1959 in
471 1934 539 1960 eos
561 1920 744 1973 impetum
769 1921 962 1961 feceruut.
1009 1917 1136 1959 Gallis
1159 1933 1300 1973 magno
1325 1918 1372 1959 ad
1395 1931 1564 1972 pugnam
1588 1923 1675 1957 erat
1695 1915 1720 1956 3

184 1987 459 2041 impedimento
476 2018 486 2037 ,
521 1989 619 2040 quod
644 1988 818 2042 pluribus
837 2002 972 2028 eorum
1005 1988 1128 2028 scutis
1151 2001 1229 2027 uno
1251 1987 1333 2028 ictu
1356 1986 1521 2040 pilorum
1545 1992 1674 2025 trans-

187 2055 277 2095 fixis
310 2062 349 2095 et
381 2055 612 2108 conligatis,
649 2071 733 2096 cum
760 2058 907 2097 ferrum
929 2070 972 2096 se
994 2056 1233 2106 inflexisset,
1260 2068 1385 2107 neque
1409 2053 1581 2094 euellere
1605 2066 1674 2093 ne-

185 2136 259 2175 que
290 2123 452 2164 sinistra
482 2123 657 2178 inpedita
690 2124 787 2164 satis
820 2125 1022 2165 commode
1051 2137 1227 2178 pugnare
1256 2128 1466 2177 poterant,
1501 2120 1611 2161 multi
1631 2127 1675 2160 ut
1694 2119 1721 2159 4

184 2190 249 2230 diu
279 2191 425 2232 iactato
454 2191 615 2232 brachio
648 2198 928 2246 praeoptarent
959 2200 1114 2233 scutum
1149 2206 1265 2232 manu
1294 2191 1476 2231 emittere
1509 2196 1548 2230 et
1569 2188 1674 2229 nudo

327 2308 346 2339 4
365 2317 404 2338 ac
418 2333 426 2346 ‚
454 2307 550 2349 quod
576 2308 753 2339 ‘meliores
778 2307 941 2349 plerique
967 2307 1194 2349 agnosczmt',
1225 2316 1338 2348 supra
1358 2316 1451 2337 uer-s.
1472 2314 1542 2336 sec.
1562 2313 1610 2335 m.
1628 2303 1671 2334 B.

185 2357 223 2389 Ρ.
244 2357 300 2389 68.
450 2361 467 2391 5
487 2359 670 2390 nunciatur
685 2361 873 2400 p1·.m.B.
1034 2360 1069 2392 11
1093 2359 1239 2391 animum
1260 2357 1413 2390 aduertit
1430 2356 1532 2396 A(B)
1549 2355 1590 2396 C,
1610 2355 1669 2386 ad-

186 2409 291 2440 uertit
306 2420 468 2451 suprasc.
490 2412 578 2443 anim
588 2411 626 2453 f,
655 2411 901 2443 animaduertit
919 2412 989 2444 αΙίί
1124 2412 1164 2444 13
1184 2416 1346 2453 quattuor
1363 2411 1436 2442 ΑΒ
1449 2409 1528 2441 CD.

189 2458 230 2491 14
246 2465 487 2493 ueteranarum
515 2462 583 2494 dno
603 2462 716 2502 dett.;
751 2466 995 2495 ueteranorum
1021 2464 1051 2493 B
1075 2465 1108 2494 et
1125 2463 1268 2504 reliqui.
1293 2462 1330 2493 Ρ.
1352 2462 1404 2494 54.
1561 2460 1610 2491 ita
1628 2460 1677 2491 uti

189 2521 289 2553 supra
308 2513 483 2556 ‘suspicor
500 2525 573 2545 esse
588 2513 772 2556 glossam'.
795 2514 830 2546 Ι).
852 2514 905 2546 53.
1051 2514 1109 2545 sed
1129 2514 1202 2546 AB
1215 2540 1222 2553 ,
1244 2516 1279 2545 in
1301 2524 1368 2554 quo
1388 2513 1406 2543 (1
1426 2523 1471 2544 m.
1494 2522 1562 2543 sec.
1584 2510 1650 2542 del.
1666 2536 1674 2551 ,

193 2563 326 2595 CDEe
340 2568 367 2605 .“,·
394 2577 429 2597 se
449 2567 674 2608 relz'quij'ere
693 2575 825 2597 omnes.
980 2566 1019 2598 16
1040 2565 1212 2597 conlocari
1231 2566 1302 2597 AB
1316 2565 1433 2596 CDE.
1594 2564 1680 2604 post

189 2615 347 2655 compleri
373 2627 419 2648 m.
440 2628 507 2648 sce.
529 2618 636 2649 uellet
655 2627 816 2659 supr-asc.
837 2616 987 2657 ltabets.
1110 2617 1152 2649 18
1171 2616 1347 2648 consecuti
1369 2617 1399 2647 b.
1524 2613 1564 2646 19
1584 2613 1676 2654 inpe-

192 2665 338 2698 dimenta
356 2668 438 2700 AC.
626 2669 669 2702 20
696 2674 812 2700 nostro
839 2668 1010 2711 equitatu]
1041 2674 1157 2701 nostro
1188 2669 1305 2711 equitu
1324 2669 1356 2700 A
1373 2679 1421 2700 m.
1437 2677 1496 2709 pr.
1510 2692 1518 2707 ,
1550 2667 1580 2697 ‘a
1601 2675 1674 2696 nOS.

191 2717 346 2749 exercitu
369 2719 411 2751 b'.
572 2722 614 2754 24
643 2731 682 2752 ea
711 2721 857 2752 disiecta
887 2739 929 2744 -
959 2721 1117 2754 fecerunt
1143 2732 1210 2753 om.
1230 2721 1272 2753 Ε.
1435 2721 1477 2754 25
1503 2717 1677 2750 destrictis

193 2769 222 2798 2⁴¹
233 2768 292 2809 (B)
308 2768 373 2800 CD
387 2770 445 2801 110·
601 2777 701 2804 erant
718 2776 801 2804 ante
820 2782 913 2804 corr.
933 2774 976 2804 B.
1131 2774 1174 2809 25
1195 2784 1310 2805 eorum
1330 2773 1445 2814 mms-
1587 2775 1680 2801 tran-

194 2821 269 2851 fixis
287 2831 333 2852 m.
350 2832 407 2862 pr.
427 2823 470 2853 Β.
619 2824 663 2859 27
682 2825 865 2865 conligatis
882 2825 961 2856 AB
976 2824 1040 2866 Cf.
1191 2826 1378 2856 inflixisset
1396 2823 1470 2855 AB
1485 2821 1553 2853 CI)
1565 2822 1597 2852 E
1610 2821 1626 2852 b
1639 2832 1655 2852 e
1669 2846 1677 2862 ‚

194 2871 406 2912 infixisscts
420 2882 511 2904 corr.
674 2875 717 2907 28
737 2875 890 2916 inpedita
908 2875 940 2905 A
957 2875 993 2906 C.
1157 2874 1199 2908 29
1220 2879 1319 2907 scuta
1337 2884 1353 2905 e
1372 2883 1472 2905 manu
1488 2873 1532 2905 A.
