1835 3240
86 912 126 944 10

84 1249 122 1281 15

78 1588 121 1621 20

78 2266 119 2299 30

689 183 881 226 CAPVT
913 182 967 225 73
978 207 1033 214 -
1045 181 1115 225 76.
1636 185 1719 228 705

162 297 419 352 diripiendum
441 296 723 350 delendumque
744 297 945 338 militibus.
988 294 1141 337 Caesar
1160 294 1320 335 interim
1340 295 1506 337 lustrato
1528 312 1644 339 exer·
1661 299 1718 343 75

162 367 243 407 citu
272 379 310 405 a.
341 365 379 404 d.
403 371 468 405 XII
491 362 579 405 Hal.
615 364 745 419 April.
779 371 937 418 postero
967 365 1029 405 die
1061 363 1258 418 productis
1291 362 1488 404 uniuersis
1522 367 1643 419 copiis

160 445 396 488 progressus
436 432 483 472 ab
514 432 595 473 suis
624 433 764 473 castris
795 432 901 472 milia
932 446 1113 486 passuum
1141 437 1171 471 V
1199 445 1222 471 a
1255 428 1454 484 Scipionis
1485 432 1645 473 circiter

161 501 276 541 duum
307 500 456 540 milium
489 499 698 540 interiecto
730 499 856 553 spatio
889 499 929 539 in
960 500 1045 540 acie
1078 498 1269 539 constitit.
1313 496 1525 551 Postquam
1548 501 1642 540 satis
1666 502 1691 542 2

164 567 305 620 diuque
328 566 578 608 aduersarios
599 566 646 606 ab
669 580 712 607 se
735 566 783 606 ad
805 566 1065 607 dimicandum
1087 566 1272 606 inuitatos
1295 566 1554 620 supersedere
1576 580 1645 620 pu-

159 649 262 689 gnae
282 634 582 684 animaduertit,
612 634 766 674 reducit
787 634 920 687 copias
942 640 1176 687 posteroque
1199 633 1259 674 die
1281 640 1412 674 castra
1433 640 1566 674 mouet
1587 641 1644 673 at·
1667 634 1691 674 3

161 715 235 756 que
256 703 304 743 ad
325 701 504 756 oppidum
527 699 736 742 Sarsuram
750 733 760 752 ,
792 701 857 742 ubi
879 699 1013 755 Scipio
1035 700 1296 741 Numidarum
1319 701 1510 742 habuerat
1530 715 1644 755 prae-

159 770 298 810 sidium
320 771 636 822 frumentumque
657 776 991 824 comportauerat,
1014 769 1073 808 ire
1096 769 1310 809 contendit.
1346 766 1462 821 Quod
1483 769 1549 809 uhi
1563 768 1645 809 La·
1666 769 1693 808 4

158 837 296 878 bienus
327 837 630 885 animaduertit,
665 851 751 877 cnm
780 837 953 890 equitatu
983 836 1136 889 leuique
1168 844 1367 877 armatura
1397 850 1538 891 agmen
1560 837 1645 878 eius

159 912 378 946 extremum
409 918 569 959 carpere
602 905 731 958 coepit
761 911 876 958 atque
907 905 962 945 ita
983 904 1155 944 lixarum
1177 912 1544 958 mercatorumque,
1578 905 1645 959 qui

158 973 317 1026 plostris
339 986 490 1013 merces
512 972 734 1026 portabant,
750 972 980 1026 interceptis
1002 971 1171 1012 sarcinis
1195 972 1324 1012 addito
1342 972 1469 1012 animo
1487 972 1644 1026 propius

157 1040 423 1092 audaciusque
445 1041 595 1080 accedit
616 1040 664 1080 ad
682 1039 876 1093 legiones,
896 1040 998 1093 quod
1011 1038 1265 1080 existimabat
1281 1040 1424 1080 milites
1439 1040 1509 1080 sub
1525 1052 1647 1080 onere

156 1119 202 1146 ac
223 1106 294 1147 sub
317 1107 485 1147 sarcinis
509 1107 744 1162 defatigatos
768 1121 941 1161 pugnare
959 1121 1038 1147 non
1053 1120 1184 1161 posse.
1219 1105 1333 1159 Quae
1347 1120 1411 1146 res
1429 1105 1645 1148 Caesarem
1667 1107 1691 1146 5

157 1188 236 1214 non
267 1175 483 1215 fefellerat:
517 1189 684 1228 namque
716 1176 922 1229 expeditos
955 1189 1008 1216 ex
1038 1174 1204 1228 singulis
1226 1174 1448 1228 legionibus
1473 1175 1645 1215 tricenos

156 1242 301 1282 milites
335 1256 423 1283 esse
454 1243 643 1284 iusserat.
686 1241 824 1297 Itaque
856 1257 923 1284 eos
952 1244 993 1284 in
1023 1243 1235 1296 equitatum
1257 1241 1426 1283 Labieni
1459 1243 1645 1283 inmissos

156 1309 294 1350 turmis
325 1324 487 1350 suorum
517 1311 716 1365 suppetias
748 1312 880 1351 mittit.
926 1311 1031 1351 Tum
1062 1309 1267 1351 Labienus
1298 1311 1503 1351 conuersis
1534 1310 1643 1363 equis
1667 1308 1694 1350 6

157 1377 362 1431 signorum
384 1385 597 1432 conspectu
620 1379 852 1433 perterritus
875 1379 1101 1432 turpissime
1124 1379 1261 1432 fugere
1283 1378 1500 1418 contendit.
1539 1376 1644 1418 Mul·
1665 1376 1692 1418 7

155 1445 205 1485 tis
228 1445 312 1486 eius
334 1446 493 1493 occisis,
518 1447 781 1500 compluribus
804 1447 1023 1487 uulneratis
1044 1446 1188 1487 milites
1211 1446 1418 1499 legionarii
1440 1447 1488 1487 ad
1510 1460 1581 1486 sua
1602 1459 1646 1486 se

154 1513 352 1566 recipiunt
382 1513 496 1566 signa
528 1521 646 1567 atque
677 1514 755 1555 iter
776 1514 973 1568 inceptum
995 1514 1055 1554 ire
1078 1521 1307 1568 coeperunt.
1351 1512 1553 1554 Labienus
1575 1527 1645 1568 per

152 1581 283 1635 iugum
322 1595 513 1621 summum
554 1582 666 1622 collis
710 1583 944 1622 dextrorsus
978 1582 1113 1636 procul
1144 1582 1329 1635 subsequi
1361 1597 1438 1622 non
1471 1582 1643 1622 desistit.

153 1647 365 1702 Postquam
389 1645 541 1689 Caesar
569 1650 616 1689 ad
639 1650 817 1704 oppidum
842 1648 1054 1691 Sarsuram
1076 1651 1210 1701 uenit,
1242 1650 1556 1704 inspectantibus
1578 1650 1644 1689 ad·
1662 1647 1719 1693 76

154 1716 342 1756 uersariis
373 1717 581 1757 interfecto
613 1718 811 1772 praesidio
833 1716 1059 1771 Scipionis,
1094 1732 1180 1759 cum
1212 1718 1293 1759 suis
1327 1719 1518 1759 auxilium
1542 1719 1645 1758 ferre

153 1797 230 1824 non
253 1785 468 1834 auderent,
494 1785 650 1826 fortiter
670 1793 915 1840 repugnante
937 1784 986 1825 Ρ.
1008 1784 1214 1837 Cornelio,
1240 1794 1404 1827 euocato
1428 1784 1641 1840 Scipionis,

155 1853 218 1905 qui
247 1851 301 1892 ibi
331 1860 540 1906 praeerat,
581 1861 695 1907 atque
725 1868 747 1894 a
777 1854 1022 1894 multitudine
1054 1854 1326 1894 circumuento
1358 1854 1645 1907 interfectoque

103 1928 116 1942 ”
152 1920 288 1974 oppido
318 1921 468 1973 potitur
500 1928 616 1973 atque
647 1921 699 1960 ibi
731 1923 926 1962 frumento
960 1922 1157 1962 exercitui
1189 1923 1279 1962 dato
1311 1930 1471 1976 postero
1503 1922 1564 1962 die
1597 1922 1644 1962 ad
1666 1921 1692 1961 2

153 1987 334 2042 oppidum
347 1987 559 2027 Thisdram
582 1989 785 2042 peruenit,
808 1990 848 2029 in
871 2004 945 2042 quo
960 1987 1171 2031 Considius
1195 2004 1264 2044 per
1284 1991 1322 2031 id
1345 1997 1496 2044 tempus
1517 1992 1644 2030 fuerat

154 2069 242 2094 cum
275 2055 414 2108 grandi
444 2056 640 2108 praesidio
663 2057 903 2109 cohorteque
925 2071 996 2097 sua
1017 2058 1295 2111 gladIatorum.
1341 2055 1495 2098 Caesar
1516 2058 1642 2111 oppidi
1666 2058 1689 2098 3

153 2129 295 2163 natura
316 2131 521 2177 perspecta
544 2138 667 2177 aquae
689 2124 818 2178 inopia
843 2125 888 2165 ab
911 2126 1200 2178 oppugnatione
1221 2126 1304 2166 eius
1325 2125 1537 2166 deterritus
1554 2140 1642 2179 pro-

150 2191 256 2231 tinus
288 2192 487 2244 profectus
520 2192 680 2232 circiter
711 2192 816 2232 milia
850 2207 1034 2246 passuum
1063 2201 1125 2233 1111
1147 2194 1194 2234 ad
1225 2207 1364 2246 aquam
1394 2194 1489 2234 facit
1511 2201 1641 2234 castra

151 2265 268 2313 atque
296 2258 386 2299 inde
409 2259 470 2300 die
494 2266 633 2316 quarto
657 2274 843 2313 egressus
866 2262 967 2301 redit
989 2275 1126 2302 rursus
1149 2263 1195 2302 ad
1218 2276 1263 2302 ea
1286 2269 1414 2302 casira
1430 2293 1441 2312 ,
1475 2276 1571 2315 quae
1594 2262 1641 2302 ad

292 2421 312 2453 2
332 2419 373 2451 ad
392 2430 440 2451 ΧΠ
459 2424 493 2451 tx
513 2419 622 2462 April.
643 2431 677 2452 a.
860 2421 878 2453 3
898 2432 1099 2464 progressus
1119 2421 1169 2463 (a)
1189 2422 1207 2454 3
1228 2422 1329 2462 dett„
1352 2432 1536 2465 processus
1558 2422 1641 2453 ‘met‘

151 2471 294 2503 omnes'.
434 2472 473 2503 ab
493 2474 564 2505 suis
583 2483 615 2513 a,
638 2483 656 2503 a
675 2473 744 2504 suis
764 2483 798 2504 u.
943 2475 961 2504 4
977 2475 1200 2506 circumiecto
1220 2486 1239 2506 a
1262 2475 1279 2506 b
1298 2486 1328 2507 e.
1456 2477 1473 2506 5
1487 2475 1527 2506 ab
1548 2485 1584 2506 se
1603 2485 1635 2513 (ι,

152 2530 220 2551 om.
244 2521 281 2559 b,·
302 2531 320 2552 a
338 2532 374 2553 se
391 2532 426 2554 υ.
567 2534 679 2565 pugna
694 2524 877 2555 Dana-ius.
901 2524 1009 2558 P.,‘20.
1152 2526 1170 2557 6
1184 2530 1390 2567 posteroque
1409 2536 1430 2557 (ι
1450 2525 1526 2557 eod.
1541 2526 1635 2558 law..

152 2577 354 2614 posteraque
375 2575 415 2614 b‚·
436 2580 570 2617 postero
590 2586 625 2607 u.
742 2580 745 2581 ’
773 2581 873 2618 atque
893 2587 913 2607 a
935 2577 951 2607 b
970 2578 990 2611 2
1009 2577 1113 2617 dett„
1135 2581 1236 2619 atque
1258 2578 1323 2609 iter
1341 2588 1375 2609 υ.
1527 2579 1565 2610 10
1585 2588 1640 2608 ca-

152 2634 229 2667 pere
250 2625 281 2656 b.
421 2627 459 2659 13
480 2637 518 2659 ac
539 2628 684 2660 sarcinis
706 2629 736 2659 b.
886 2629 925 2660 15
946 2629 1105 2661 inmissos
1125 2639 1158 2660 a.
1303 2628 1341 2661 17
1362 2628 1480 2668 fugere
1499 2634 1639 2659 eonten-

154 2678 203 2709 ‹lit
221 2688 241 2708 α
261 2676 475 2717 Stephanus,
499 2680 675 2711 contendit
694 2679 812 2720 fugere
832 2683 970 2711 ceterae
989 2681 1067 2713 edd.
1235 2680 1274 2713 19
1294 2685 1394 2723 atque
1414 2680 1638 2722 interceptum

152 2730 219 2760 iter
237 2733 420 2770 coeperunt
439 2731 526 2760 etin
544 2733 709 2772 margine
727 2740 829 2770 agere
851 2731 882 2762 h.
1026 2732 1068 2766 23
1088 2736 1259 2774 pugnante
1279 2732 1310 2763 b.
1449 2731 1491 2764 25
1506 2731 1546 2761 ad
1567 2741 1635 2762 om.

154 2790 185 2811 α.
328 2779 370 2813 26
381 2778 560 2811 Thisdram
575 2781 782 2821 a,'1'isdra1n
800 2793 821 2813 u
839 2785 874 2814 et
892 2781 1336 2815 ‘sic11112lT111s‹11·z³1mmss.⁷
1473 2780 1516 2813 28
1529 2791 1636 2823 aquae

152 2828 309 2871 Lipsius,
332 2834 433 2872 atque
453 2830 553 2862 codd.
700 2832 954 2875 impugnatione
976 2834 1007 2864 b.
1154 2834 1196 2865 30
1216 2834 1269 2864 die
1284 2835 1371 2876 post
1386 2832 1464 2863 inde
1479 2834 1588 2874 pouit
1604 2843 1631 2869 e,

150 2886 229 2924 post
250 2886 365 2914 castra
382 2893 414 2923 α,
436 2886 521 2914 ante
539 2892 697 2923 egressus
715 2894 761 2925 u,·
779 2895 846 2917 om.
870 2885 901 2916 b.
1044 2889 1166 2927 quarta
1184 2894 1204 2915 α
1224 2895 1253 2916 e.

174 2946 293 2983 Caesar,
309 2948 354 2976 ed.
370 2948 511 2986 Nipperd.
1353 2938 1405 2978 45
