1835 3240
72 896 112 929 10

76 1234 113 1265 15

75 1570 118 1603 20

547 162 731 207 COMM.
756 162 836 206 IIII
867 160 988 206 CAP.
1010 161 1065 205 25
1081 161 1212 203 -28,
1618 162 1698 204 343

142 285 272 325 hostes
304 293 397 321 uero
431 279 532 320 notis
565 279 744 320 omnibus
776 278 915 327 uadis,
959 276 1024 317 ubi
1066 290 1118 316 ex
1158 275 1274 315 litore
1306 274 1457 327 aliquos
1488 276 1622 330 singu·
1644 275 1671 316 2

142 352 246 391 lares
268 362 321 388 ex
342 348 434 388 naui
456 347 704 401 egredientes
729 352 1022 400 conspexerant
1038 376 1047 394 ,
1080 344 1253 384 incitatis
1287 342 1396 395 equis
1419 343 1624 395 impeditos

144 416 437 465 adoriebantur,
464 417 595 470 plures
620 427 763 468 paucos
786 412 1153 461 circumsistebant,
1188 411 1252 451 alii
1277 410 1323 450 ab
1346 411 1468 450 latere
1492 418 1625 463 aperto
1649 411 1674 451 3

144 485 183 524 in
206 484 414 524 uniuersos
439 483 514 523 tela
537 478 800 523 coniciebant.
845 479 957 532 Quod
982 495 1065 520 eum
1091 478 1435 519 animaduertisset
1458 474 1626 527 Caesar,
1650 479 1675 517 4

148 551 313 605 scaphas
347 552 550 605 longarum
584 550 742 590 nauium
760 580 770 599 ,
811 549 901 588 item
945 548 1206 602 speculatoria
1247 545 1405 599 nauigia
1443 544 1630 584 militibus

144 619 328 672 compleri
353 619 469 659 iussit
495 625 548 668 et,
575 631 671 670 quos
696 617 920 656 laborantes
944 622 1232 669 conspexerat,
1263 614 1322 654 his
1346 612 1517 653 subsidia
1540 611 1629 652 sub-

143 686 336 727 mittebat.
379 685 544 735 Nostri,
569 685 684 725 simul
706 685 744 724 in
768 684 878 724 arido
903 684 1190 732 constiterunt,
1226 682 1306 722 suis
1338 680 1516 721 omnibus
1540 694 1631 720 con·
1654 680 1678 720 5

145 755 292 795 secutis
315 754 354 793 in
378 754 510 793 hostes
532 753 718 806 impetum
753 754 932 792 fecerunt
965 758 1079 804 atque
1112 763 1180 789 eos
1210 750 1249 789 in
1283 751 1410 802 fugam
1443 748 1631 787 dederunt

144 836 268 875 neque
291 821 445 875 longius
468 820 651 874 prosequi
673 826 901 874 potuerunt,
928 820 1028 874 quod
1051 817 1203 870 equites
1227 831 1383 857 cursum
1413 824 1550 856 tencre
1573 822 1631 855 at-

144 903 218 943 que
239 889 406 930 insulam
430 902 571 942 capere
593 902 672 928 non
695 894 918 942 potuerant.
956 885 1043 926 Hoc
1066 900 1184 925 unum
1208 886 1253 925 ad
1278 884 1482 938 pristinam
1507 884 1630 924 fortu-

145 971 234 997 nam
258 954 425 998 Caesari
448 956 584 997 defuit.
630 954 778 995 Hostes
802 955 951 1009 proelio
974 953 1174 1007 superati,
1210 954 1323 993 simul
1354 960 1471 1005 atque
1505 966 1548 993 se
1581 964 1633 991 ex
1653 950 1707 995 27

144 1025 234 1078 suga
258 1030 518 1078 receperunt,
551 1023 682 1064 statim
716 1024 763 1063 ad
787 1020 1002 1063 Caesarem
1033 1023 1184 1074 legatos
1216 1021 1261 1060 de
1294 1034 1388 1073 pace
1420 1020 1629 1069 miserunt,

144 1092 300 1132 obsides
332 1093 493 1132 daturos
526 1104 703 1145 quaeque
737 1091 973 1145 imperasset
1001 1091 1176 1130 facturos
1209 1102 1297 1128 esse
1330 1087 1492 1142 polliciti
1523 1094 1631 1127 sunt.

147 1157 238 1200 Vna
259 1174 343 1199 cum
369 1160 427 1200 his
451 1160 590 1213 legatis
614 1157 815 1200 Commius
839 1158 1011 1198 Atrebas
1035 1158 1169 1206 uenit,
1196 1170 1309 1209 quem
1333 1169 1450 1209 supra
1475 1155 1634 1194 demon·
1655 1153 1683 1193 2

146 1233 365 1267 straueram
387 1242 410 1267 a
435 1224 612 1267 Caesare
635 1228 674 1267 in
697 1225 944 1266 Britanniam
969 1226 1243 1280 praemissum.
1279 1222 1394 1263 Hunc
1417 1222 1473 1263 illi
1497 1235 1517 1261 e
1541 1221 1633 1261 naui
1655 1220 1679 1261 3

151 1308 353 1348 egressum
370 1325 380 1344 ,
413 1309 500 1334 cum
530 1295 576 1334 ad
606 1309 673 1335 eos
697 1295 868 1334 oratoris
892 1294 1004 1334 modo
1029 1291 1216 1334 Caesaris
1239 1292 1423 1332 mandata
1446 1291 1633 1339 deferret,

150 1362 516 1414 conprehenderant
538 1369 657 1417 atque
679 1362 718 1401 in
742 1362 898 1402 uincula
922 1361 1198 1401 coniecerant:
1237 1367 1315 1400 tum
1351 1359 1499 1413 proelio
1535 1359 1634 1398 facto
1656 1356 1683 1397 4

150 1430 388 1468 remiserunt
410 1436 449 1469 et
470 1429 508 1468 in
533 1430 697 1483 petenda
722 1443 816 1483 pace
840 1430 924 1469 eius
939 1429 992 1469 rei
1018 1429 1167 1481 culpam
1191 1428 1230 1468 in
1245 1427 1526 1467 multitudinem
1542 1440 1635 1465 cou-

150 1496 327 1536 iecerunt
348 1503 387 1536 et
408 1504 566 1550 propter
581 1496 868 1550 inprudentiam
883 1504 921 1536 ut
940 1497 1232 1549 ignosceretur,
1259 1495 1496 1549 petiuerunt.
1533 1491 1635 1534 Cae-
1657 1492 1682 1532 5

150 1577 215 1603 sar
237 1570 422 1616 questus,
449 1565 573 1616 quod,
600 1578 684 1604 cum
708 1565 811 1604 ultro
833 1565 871 1604 in
895 1564 1160 1604 continentem
1183 1563 1324 1617 legatis
1348 1563 1478 1603 missis
1502 1575 1636 1615 pacem

149 1630 195 1670 ab
218 1645 261 1671 se
285 1631 492 1684 petissent,
519 1631 660 1672 bellum
683 1632 768 1672 sine
792 1646 910 1672 causa
932 1631 1174 1681 intulissent,
1199 1631 1408 1684 ignoscere
1425 1629 1637 1682 inpruden-

149 1698 228 1738 tiae
250 1698 348 1738 dixit
370 1698 602 1751 obsidesque
624 1700 855 1753 imperauit,
892 1713 1054 1753 quorum
1088 1699 1142 1738 illi
1168 1706 1319 1752 partem
1350 1698 1482 1738 statim
1522 1696 1637 1736 dede·
1659 1694 1685 1735 (i

150 1772 256 1815 runt,
283 1774 429 1820 partem
445 1781 497 1807 ex
518 1766 856 1821 longinquioribus
875 1766 970 1807 locis
994 1767 1223 1807 arcessitam
1239 1766 1372 1820 paucis
1396 1764 1530 1805 diebus
1549 1777 1638 1804 sese

152 1833 310 1875 daturos
324 1834 524 1875 dixerunt.
559 1833 717 1875 Interea
740 1848 833 1875 suos
856 1835 1074 1889 remigrare
1095 1834 1264 1889 inagros
1287 1835 1504 1882 iusserunt,
1530 1832 1637 1887 prin·
1660 1830 1686 1870 7

150 1901 333 1955 cipesque
357 1903 528 1956 undique
551 1904 766 1945 conuenire
799 1910 837 1943 et
869 1916 911 1943 se
936 1903 1196 1956 ciuitatesque
1217 1916 1311 1943 suas
1335 1898 1501 1942 Caesari
1533 1914 1638 1940 com-

150 1969 334 2010 mendare
356 1978 586 2024 coeperunt.
650 1971 723 2011 His
753 1971 871 2011 rebus
905 1985 999 2025 pace
1032 1972 1262 2012 confirmata
1284 1977 1373 2024 post
1395 1969 1495 2010 diem
1517 1981 1634 2022 quar-
1655 1966 1714 2012 28

153 2042 248 2085 tum,
274 2051 385 2090 quam
410 2045 472 2078 est
492 2039 532 2079 in
553 2037 801 2080 Britanniam
825 2046 1002 2090 uentum,
1028 2054 1152 2080 naues
1174 2045 1312 2089 XVIII,
1345 2039 1392 2079 de
1414 2037 1554 2092 quibus
1576 2050 1641 2077 su-

151 2117 221 2157 pra
243 2105 551 2147 demonstratum
574 2115 650 2158 est,
675 2120 773 2161 quae
796 2108 947 2161 equites
964 2108 1228 2157 sustulerant,
1254 2121 1307 2147 ex
1324 2106 1527 2160 superiore
1549 2118 1640 2159 por-

155 2178 195 2211 tu
215 2173 294 2212 leni
316 2182 436 2215 uento
457 2175 677 2216 soluerunt.
723 2174 835 2229 Quae
858 2189 943 2216 cum
968 2176 1329 2231 adpropinquarent
1349 2172 1581 2214 Britanniae
1603 2179 1643 2212 et
1661 2171 1689 2212 2

295 2295 316 2329 2
336 2305 421 2328 naue
442 2296 473 2328 b.
614 2298 633 2331 4
653 2297 798 2329 animum
820 2297 1108 2339 aduertissetsu.
1272 2296 1290 2328 6
1310 2296 1362 2328 his
1385 2295 1458 2328 AB
1474 2293 1639 2335 CDEf,

154 2343 195 2375 iis
214 2354 249 2376 u.
392 2347 432 2379 10
453 2358 514 2379 non
535 2353 718 2391 potuerant
736 2350 904 2391 Lipsius,
929 2360 992 2381 non
1013 2353 1200 2392 potuerunt
1217 2348 1318 2380 codd.
1468 2347 1508 2380 12
1528 2347 1568 2378 de
1584 2355 1641 2388 pa-

155 2404 193 2426 ce
211 2395 342 2436 legatos
364 2398 405 2429 C.
570 2399 610 2431 13
632 2398 784 2431 facturos
804 2410 880 2431 esse
900 2400 930 2431 J}
944 2400 1009 2432 CD
1021 2401 1070 2440 E,
1093 2399 1243 2431 facturos
1263 2410 1340 2432 sese
1359 2399 1412 2439 A,-
1433 2408 1511 2430 sese
1534 2397 1643 2428 factu-

156 2456 212 2477 ros
232 2448 249 2479 b
263 2449 388 2491 odes.
531 2450 571 2482 15
592 2451 779 2483 Britaniam
798 2452 841 2483 B.
1000 2451 1039 2483 16
1059 2452 1205 2483 oratoris
1225 2451 1322 2482 modo
1342 2448 1518 2491 Caesaris]
1540 2449 1643 2491 impe-

158 2499 281 2530 ratoris
299 2500 432 2532 Audin.
455 2501 571 2534 Oxou.
592 2513 626 2534 u.
770 2503 924 2535 deferret
940 2504 1015 2535 AB
1028 2503 1158 2542 CDE,
1176 2503 1347 2546 perferret
1366 2502 1520 2545 becles.

160 2549 199 2580 17
219 2552 532 2592 conprehenderunt
549 2555 591 2586 B.
737 2556 777 2588 18
798 2560 831 2588 et
849 2566 917 2587 om.
936 2556 1009 2587 AB
1023 2555 1104 2588 CD.
1243 2554 1436 2598 impetenda
1454 2554 1497 2589 B.

160 2601 394 2645 coniecerunt]
416 2606 636 2641 contulerunt
656 2608 673 2638 b
687 2607 785 2649 des.
931 2608 968 2639 19
988 2607 1239 2649 inprudentiam
1258 2608 1336 2650 As.
1464 2606 1502 2638 2¹
1526 2605 1643 2647 inpru-

161 2650 296 2684 dentiae
314 2653 385 2684 AB
401 2654 517 2697 CDf.
658 2658 700 2691 23
720 2658 837 2699 paucis
858 2662 934 2699 post
953 2657 1074 2689 diebus
1096 2658 1113 2688 b
1127 2657 1195 2699 ds.
1347 2668 1383 2690 se
1404 2657 1544 2689 daturos
1563 2664 1640 2686 esse

162 2702 320 2735 dixerunt
339 2704 403 2746 bs.
542 2708 584 2741 25
604 2709 790 2740 conuenire
809 2709 880 2741 AB
895 2709 963 2740 CD
976 2709 1030 2749 E,·
1050 2719 1244 2740 conuenere
1263 2709 1335 2751 ef,
1356 2710 1591 2741 conuenerunt
1610 2717 1639 2738 c.

267 2757 501 2789 commendare
521 2766 706 2802 coeperunt
717 2761 790 2793 AB
805 2761 939 2801 CDE,
959 2761 1197 2793 commendare
1216 2771 1246 2801 e,
1268 2758 1638 2798 commendaueruntf.

265 2806 306 2839 26
326 2812 479 2848 quartam
498 2808 583 2850 (Β).7
698 2810 742 2843 27
759 2811 945 2843 Britaniam
965 2812 1006 2843 B.
1123 2811 1311 2843 octodecim
1332 2811 1405 2853 (B),
1428 2822 1447 2841 x
1466 2814 1499 2841 et
1517 2820 1574 2841 vm
1594 2810 1638 2841 D.

268 2869 368 2900 supra
387 2870 454 2893 om.
476 2861 516 2893 Α.
657 2863 698 2897 29
719 2863 1032 2905 adpropinquarent
1052 2864 1123 2895 AB
1139 2864 1250 2904 CDs.
1407 2861 1578 2893 Britaniac
1598 2862 1638 2899 B.
