1835 3240
748 178 1065 224 EPISTOLAE
1645 178 1730 221 777

171 299 321 351 busque
332 294 535 337 Brundisii
558 296 598 336 in
621 309 744 336 naues
765 295 975 349 impositis,
989 302 1033 335 ut
1053 299 1139 334 erat
1154 298 1404 347 praeceptum
1422 277 1653 340 aCaesare,

171 372 357 420 quantum
389 364 547 404 nauium
580 364 803 404 facultatem
836 363 1027 412 habebat,
1062 375 1184 402 naues
1217 360 1335 400 soluit
1368 360 1599 413 paulumque
1631 374 1654 399 a

168 440 283 488 portu
306 445 538 486 progressus
561 432 714 472 litteras
737 428 947 471 aCaesare
969 430 1124 484 accipit,
1142 427 1279 482 quibus
1297 433 1360 466 est
1372 427 1515 467 certior
1529 428 1653 467 sactus

170 508 304 555 portus
328 501 519 552 litoraque
541 499 671 539 omnia
693 498 885 538 classibus
907 499 1226 539 aduersariorum
1249 494 1388 536 teneri.

692 581 737 606 An
760 581 852 607 svos
875 580 1125 607 ssssvmmswivi.

282 637 342 687 (a.
366 635 438 688 48)
467 633 586 675 Caes.
605 635 640 674 b.
665 636 744 674 cia.
770 633 1003 684 III‚25‚4:
1040 630 1194 674 Caesar
1216 629 1467 672 Brundisium
1490 628 1539 668 ad
1560 641 1652 668 suos

169 704 351 745 seuerius
373 702 555 756 scripsit,
581 702 686 742 nacti
708 702 891 742 idoneum
915 709 1074 742 uentum
1098 715 1148 741 ne
1171 700 1416 740 occasionem
1439 696 1652 750 nauigandi

168 772 434 820 dimitterent,
466 770 499 810 si
529 770 593 810 uel
622 770 669 810 ad
691 770 808 811 litora
830 769 1141 825 Apolloniatium
1163 782 1321 809 cursum
1344 767 1515 820 dirigere
1537 772 1653 817 atque

166 853 213 880 eo
236 853 358 880 naues
382 839 510 879 eicere
534 846 710 893 possent.

94 914 133 947 ¹0
727 922 776 947 An
797 922 841 947 M.
866 919 1085 947 AN'rova.

279 977 339 1027 (a.
361 974 434 1027 48)
463 974 551 1015 Cia.
577 975 737 1015 adAct.
759 975 843 1025 XI,
858 973 900 1024 7,
916 975 967 1015 2:
1002 972 1064 1012 Ad
1087 985 1149 1012 me
1171 972 1278 1012 misit
1295 969 1495 1011 Antonius
1518 982 1653 1010 exem-

163 1043 267 1096 plum
292 1040 479 1082 Caesaris
501 1043 548 1082 ad
571 1056 613 1082 se
636 1042 873 1091 litterarum,
888 1042 928 1081 in
950 1040 1090 1094 quibus
1114 1046 1201 1080 erat
1223 1052 1266 1079 se
1289 1038 1445 1079 audisse
1458 1033 1653 1078 Catonem

165 1117 204 1150 et
236 1108 284 1149 L.
307 1109 516 1150 Metellum
548 1110 585 1149 in
610 1108 762 1149 Italiam
796 1109 980 1159 uenisse,
1006 1107 1160 1148 Romae
1190 1115 1233 1147 ut
1265 1114 1400 1148 essent
1427 1105 1578 1159 palam:
1613 1105 1653 1144 id

163 1178 237 1218 sihi
261 1192 338 1218 non
362 1178 516 1231 placere
532 1209 542 1227 ,
568 1191 615 1217 ne
638 1178 701 1230 qui
725 1185 852 1217 motus
876 1191 928 1217 ex
950 1190 996 1217 eo
1019 1177 1182 1226 fierent,
1217 1174 1493 1230 prohiberique
1516 1185 1652 1212 omnes

92 1254 131 1286 15
161 1244 275 1286 Italia
292 1278 302 1296 ,
340 1246 415 1286 nisi
439 1260 602 1298 quorum
625 1245 708 1299 ipse
732 1259 892 1286 causam
916 1244 1199 1299 cognouisset3
1226 1244 1349 1296 deque
1371 1256 1418 1282 eo
1440 1241 1653 1282 uehemen-

161 1314 237 1354 tius
260 1321 346 1354 erat
367 1315 568 1368 scriptum.

275 1382 335 1435 (a.
360 1381 433 1434 47>
461 1380 547 1421 Cic.
574 1380 682 1422 Phil.
708 1382 768 1430 II,
794 1379 863 1431 40,
883 1379 986 1423 103:
1021 1379 1216 1422 Varronis
1240 1376 1468 1420 Casinatem
1491 1376 1651 1418 fundum

162 1450 247 1503 quis
270 1450 428 1490 uenisse
452 1449 681 1502 dicet?quis
706 1449 853 1489 hastam
877 1450 991 1490 istius
1016 1448 1254 1489 uenditionis
1272 1446 1495 1500 uidit?quis
1514 1458 1651 1486 uocem

162 1518 370 1572 praeconis
394 1518 573 1558 audiuit?
605 1516 769 1558 Misisse
792 1518 889 1558 dicis
912 1517 1198 1558 Alexandriam
1213 1547 1223 1564 ‚
1248 1516 1311 1569 qui
1334 1521 1484 1555 emeret
1505 1528 1527 1555 a
1550 1510 1653 1554 Cae-

85 1593 128 1626 20
161 1600 266 1627 sare.
301 1584 431 1640 Ipsum
455 1586 556 1626 enim
580 1593 794 1639 expectare
818 1600 999 1640 magnum
1023 1586 1115 1628 fuit!
1155 1582 1255 1636 Quis
1278 1596 1373 1624 uero
1396 1581 1546 1623 audiuit
1569 1595 1652 1621 um-

161 1668 275 1708 quam
299 1654 462 1705 (nullius
485 1661 616 1694 autem
639 1654 745 1694 salus
769 1668 887 1694 curae
910 1654 1084 1708 pluribus
1109 1652 1196 1708 fuit)
1210 1653 1255 1693 de
1274 1650 1441 1692 fortunis
1454 1649 1652 1692 Varronis

159 1736 242 1763 rem
272 1722 388 1762 ullam
423 1736 512 1762 esse
536 1722 780 1762 detractam?
812 1719 944 1774 Quid?
974 1723 1008 1762 si
1031 1722 1147 1762 etiam
1170 1719 1330 1774 scripsit
1352 1720 1398 1759 ad
1421 1725 1458 1759 te
1481 1715 1647 1765 Caesar,

158 1797 202 1830 ut
222 1790 425 1838 redderes,
451 1791 540 1843 quid
563 1790 659 1830 satis
683 1796 810 1844 potest
833 1791 908 1830 dici
932 1790 977 1829 de
1001 1796 1108 1829 tanta
1130 1786 1403 1843 impudentia?

608 1873 656 1897 AD
679 1874 715 1904 Q.
741 1873 949 1898 METELLVM
971 1871 1192 1898 SCIPIONEM.

83 1934 125 1968 25
269 1927 327 1977 (a.
353 1924 425 1977 48)
453 1924 573 1965 Caes.
601 1925 639 1965 b.
665 1928 747 1965 cin.
773 1925 857 1975 III,
883 1925 952 1976 57,
971 1925 1018 1965 1:
1054 1924 1165 1965 Haec
1187 1938 1272 1964 cum
1297 1923 1336 1962 in
1358 1922 1510 1962 Achaia
1532 1928 1648 1974 atque

157 1994 258 2047 apud
280 1992 570 2048 Dyrrhachium
603 2001 862 2048 gererentur,
889 1991 1195 2048 Scipionemque
1217 1993 1258 2032 in
1277 1990 1556 2031 Macedoniam
1580 2002 1649 2029 ue-

157 2063 265 2102 nisse
289 2068 513 2110 constaret,
542 2076 617 2101 non
642 2061 783 2101 oblitus
807 2061 961 2113 pristini
982 2061 1154 2101 instituti
1177 2057 1329 2100 Caesar
1350 2058 1470 2098 mittit
1490 2058 1537 2098 ad
1560 2070 1645 2097 eum

154 2130 214 2171 Α.
241 2127 422 2170 Clodium
438 2162 447 2180 ,
480 2144 590 2170 suum
615 2136 730 2182 atque
752 2128 856 2169 illius
881 2129 1134 2178 familiarem,
1170 2142 1282 2181 quem
1305 2127 1351 2167 ab
1374 2126 1440 2166 illo
1462 2125 1646 2165 traditum

155 2198 267 2238 initio
297 2206 336 2238 et
366 2198 677 2238 commendatum
711 2198 750 2237 in
782 2211 942 2237 suorum
974 2197 1289 2236 necessariorum
1313 2208 1478 2235 numero
1501 2193 1646 2234 habere

81 2272 122 2306 30
154 2266 394 2306 instituerat.
435 2265 537 2306 Huic
559 2266 623 2305 dat
644 2266 797 2306 litteras
820 2265 1082 2317 mandataque
1103 2264 1150 2304 ad
1173 2277 1276 2304 eum.

121 578 138 608 ιιἾ

300 2370 318 2401 6
338 2369 549 2411 Appianas,
565 2373 757 2411 postquam
778 2371 895 2410 ipsam
917 2368 1105 2400 Caesarem
1124 2367 1358 2399 Brundisium
1377 2366 1470 2397 clam
1489 2366 1645 2396 traicere

147 2422 298 2463 frustra
317 2425 484 2453 conatam
503 2432 577 2453 csse
595 2423 784 2461 narrauit,
804 2422 890 2452 llaec
910 2420 1040 2451 scribit
1056 2420 1088 2450 b.
1108 2420 1179 2450 eiu.
1199 2419 1244 2458 II,
1268 2419 1328 2450 58:
1350 2414 1386 2448 Ὁ
1406 2414 1435 2449 13⁰
1455 2413 1570 2448 οὐκέτι
1586 2412 1645 2456 λή-

156 2472 284 2504 σεσθαι
299 2469 509 2516 προσδοκῶν
518 2470 747 2514 Ποστούμιον
764 2467 842 2503 ἀνθ’
863 2469 990 2502 ἑαυτοῦ
1004 2467 1197 2512 προσέταξε
1213 2465 1423 2500 διαπλεῦσαί
1435 2479 1472 2500 τε
1484 2470 1541 2499 καὶ
1554 2464 1645 2510 φρά-

158 2536 216 2555 σαι
233 2524 387 2566 Γαβινίῳ
416 2523 477 2557 τὸν
502 2523 652 2567 στρατὸν
677 2521 784 2556 εὐθὺς
810 2519 906 2566 ἄγειν
931 2519 990 2553 διὰ
1008 2519 1208 2562 θαλάσσης·
1231 2518 1272 2552 (ἲν
1290 2517 1322 2551 δ’
1345 2517 1503 2565 ἀπειθῇ,
1530 2517 1643 2550 ταῦτα

154 2572 390 2618 προσηὶῖτειν
403 2573 574 2617 Ἀντωνίῳ
594 2578 650 2607 καὶ
672 2574 772 2615 τρίτῳ
791 2573 882 2615 μετὰ
900 2571 961 2604 τὸν
975 2570 1164 2604 Ἀντώνιον
1180 2568 1346 2612 Καληνῷ.
1380 2566 1431 2602 Εἶ
1446 2567 1480 2601 δ’
1502 2565 1538 2600 01‘
1552 2568 1644 2611 τρεῖς

156 2623 356 2662 ἀποκνοῖεν,
370 2622 534 2666 ἐπιστολὴ
552 2623 641 2668 πρὸς
657 2623 720 2656 τὸν
737 2622 888 2666 στρατὸν
904 2621 1012 2654 αὐτὸν
1029 2620 1219 2666 ἐγέγραπτο
1236 2619 1334 2662 ἄλλη,
1345 2620 1408 2653 τὸν
1419 2618 1642 2664 βουλόμενον

156 2675 271 2709 αὐτῶν
294 2674 349 2707 ἐπὶ
374 2674 435 2707 τὰς
451 2676 533 2710 ναῦς
551 2675 702 2708 ἕπεσθαι
720 2674 768 2716 τῷ
785 2673 1001 2715 Ποστουμίῳ
1019 2677 1075 2705 καὶ
1094 2674 1274 2716 καταίρειν
1294 2670 1512 2713 ἀναχθέντας
1528 2667 1562 2703 ἐς
1579 2680 1644 2710 χω-

154 2729 231 2770 ρίον
248 2725 281 2761 ἐς
299 2724 318 2759 ὅ
338 2740 371 2759 τι
389 2725 406 2758 ὁ
427 2723 555 2768 ἅνὲμος
573 2725 699 2772 ἐκφέρῃ
717 2722 830 2769 μηδὲν
848 2725 917 2757 τῶν
934 2725 1023 2757 νεῶν
1041 2722 1274 2769 φειδομένους
1287 2735 1293 2741 ·
1316 2721 1356 2755 οὗ
1375 2722 1439 2767 γὰρ
1458 2721 1546 2755 νεῶν
1562 2718 1643 2766 χρῄ-

155 2781 227 2819 ζειν
244 2780 420 2823 Καίσαρα,
443 2776 525 2810 ἀλλὰ
546 2775 696 2822 ἀνδρῶν.
858 2779 897 2810 18
916 2778 970 2820 qui
986 2781 1107 2819 primo
1127 2779 1204 2810 loco
1224 2777 1435 2809 Vaticanus.
1585 2783 1643 2804 ue-

155 2833 246 2864 nisse
266 2831 354 2863 dicet
373 2830 584 2870 l'atz‘canzts,
604 2831 753 2862 ueniisse
773 2829 857 2861 (licit
874 2831 995 2860 ceteri.
1138 2830 1176 2862 19
1195 2828 1331 2860 misisse
1352 2826 1562 2866 Vaticanus,
1582 2823 1642 2856 lni-

155 2884 242 2917 sisse
262 2889 294 2915 te
314 2885 436 2915 ceteri.
578 2882 620 2916 22
638 2883 724 2924 quod
745 2882 959 2915 Vaticanus.
