1835 3240
721 173 1144 214 ——128—

188 292 322 334 credet
343 289 572 343 Pompeium
596 288 711 329 etiam
733 287 909 328 Africam
938 287 1137 337 tenuisse,
1173 288 1207 327 id
1243 287 1305 328 uel
1336 287 1426 327 inde
1457 286 1664 334 refellitur,

189 361 290 414 quod
312 373 396 400 eam
418 356 660 411 prouinciam
692 356 893 408 superiore
922 369 1025 395 anno
1049 353 1098 395 C.
1125 352 1355 395 Considium
1377 354 1595 394 obtinuisse
1618 367 1670 393 ex

191 426 279 469 Cic.
305 441 374 481 pro
396 424 488 478 Lig.
517 424 556 474 l,
589 423 616 464 2
647 429 685 462 et
706 422 779 461 hoc
801 436 904 462 anno
926 419 1126 461 Tuberoni
1152 422 1348 461 decretam
1372 435 1459 462 esse
1483 435 1533 461 ex
1548 418 1666 461 Caes.

190 510 226 536 c.
251 493 305 537 30
327 495 365 534 h.
390 494 417 533 l.
444 499 484 532 et
505 491 592 531 aliis
615 495 781 529 constat.
844 487 1033 528 Delectus
1065 495 1192 528 autem
1225 494 1267 527 ut
1287 487 1327 527 in
1347 486 1459 529 Italia
1481 488 1670 528 haberen-

191 571 268 614 tur,
293 563 366 602 hoc
388 561 537 600 demum
564 565 753 609 tempore,
778 569 853 608 quo
875 553 1085 608 Pompeius
1110 555 1204 594 haec
1226 555 1447 604 affirmauit,
1473 556 1672 596 decretum

193 645 282 673 esse
305 632 341 684 ξ.
367 628 391 669 3
414 627 494 668 11111.
521 639 606 679 cap.
630 624 818 663 refertur.
864 620 1001 674 Itaque
1033 622 1144 676 posui
1178 621 1376 675 ‘legiones
1408 622 1551 662 habere
1583 635 1673 663 sese

190 705 345 754 paratas
368 693 540 736 nouem'.

308 764 575 805 Vehementer
596 764 780 811 corrupta
801 764 894 798 sunt
916 757 1036 799 uerba
1059 772 1094 798 c.
1119 757 1171 809 6,
1208 758 1258 808 4,
1293 771 1392 811 quae
1425 758 1464 798 in
1496 756 1675 797 omnibus

192 833 304 875 codd.
328 832 383 872 ita
405 828 551 881 scripta
573 827 782 880 leguntur:
811 825 1063 867 ‘Prouinciae
1087 826 1250 880 priuatis
1273 826 1551 872 decernuntur,
1577 826 1677 865 duae

195 900 448 946 consulares,
483 896 658 947 reliquae
680 894 919 947 praetoriae.
964 891 1138 947 Scipioni
1162 893 1321 934 obuenit
1342 891 1485 947 Syria,
1518 890 1569 932 L.
1595 891 1677 932 Do-

192 968 301 1009 mitio
317 965 460 1007 Gallia.
485 962 686 1016 Philippus
709 969 748 1002 et
762 960 882 1002 Cotta
904 962 1057 1016 priuato
1081 961 1246 1001 consilio
1269 967 1583 1015 praetereuntur,
1609 974 1678 1000 116-

196 1050 270 1090 que
293 1047 428 1075 eorum
450 1038 579 1072 sortes
613 1030 863 1070 deiciuntur’.
906 1028 1011 1070 Nam
1037 1028 1263 1083 ‘Philippus
1286 1035 1324 1069 et
1345 1026 1480 1068 Cotta*
1514 1027 1607 1067 mihi
1636 1028 1677 1067 in

192 1103 287 1144 Par.
312 1115 394 1142 sec.
418 1100 495 1153 legi
525 1104 699 1147 notatur,
732 1098 834 1138 idem
866 1098 913 1137 de
934 1096 1067 1137 Haun.
1099 1110 1156 1150 pr.
1192 1097 1362 1137 affirmat
1391 1094 1676 1148 Elberlingius,

195 1172 241 1211 de
265 1167 518 1210 Carrariensi
540 1165 706 1213 Brutus,
732 1165 777 1206 de
800 1179 870 1205 suo
893 1165 1028 1205 codice
1050 1163 1263 1214 Branfius,
1295 1172 1337 1204 ut
1359 1162 1679 1217 Oudendorpium

196 1253 354 1280 errasse
376 1241 586 1291 appareat,
612 1234 676 1287 qui
699 1234 740 1274 in
764 1231 919 1273 Brantii
942 1233 1101 1282 codice,
1132 1229 1249 1273 Carr.
1283 1232 1442 1284 suisque
1464 1230 1580 1271 Leid.
1618 1245 1676 1284 pr.

197 1306 304 1348 Scal.
331 1303 423 1347 Cui.
450 1311 541 1344 cett.
568 1301 760 1355 ‘Philippo
784 1307 822 1341 et
844 1298 976 1340 Cotta'
1000 1300 1187 1354 scriptum
1211 1314 1299 1340 esse
1319 1301 1458 1339 refert.
1510 1297 1681 1338 Marcel-

197 1376 273 1425 lus,
299 1373 365 1428 qui
386 1373 426 1413 in
448 1370 684 1411 editionibus
707 1383 776 1423 pro
791 1366 907 1409 Cotta
929 1368 1089 1421 legitur,
1115 1382 1136 1408 a
1151 1382 1227 1420 quo
1249 1368 1415 1421 primum
1438 1367 1589 1420 positus
1611 1365 1677 1413 sit,

197 1442 347 1491 nescio,
372 1439 449 1480 nisi
471 1439 571 1493 quod
595 1437 640 1478 ab
664 1436 766 1476 Aldo
788 1436 825 1475 id
849 1436 991 1475 factum
1015 1448 1103 1475 esse
1125 1434 1318 1488 suspicor.
1380 1433 1595 1487 Disputant
1622 1432 1683 1472 in-

197 1517 391 1564 terpretes
407 1540 417 1556 ,
453 1508 516 1563 qui
539 1505 740 1558 Philippus
764 1510 801 1544 et
823 1500 944 1544 Cotta
965 1503 1029 1542 1161
1051 1501 1266 1542 Marcellus
1290 1502 1364 1542 dici
1387 1502 1591 1550 uideatur,
1626 1506 1680 1546 et,

198 1578 450 1634 quamobrem
472 1575 511 1613 in
533 1572 746 1627 prouinciis
779 1570 1035 1610 decernendis
1066 1571 1167 1610 ratio
1191 1584 1323 1610 eorum
1348 1570 1463 1609 fuerit
1488 1568 1679 1608 habenda.

200 1646 315 1700 Quae
338 1645 410 1686 etsi
434 1641 606 1696 pluribus
629 1638 871 1692 argumentis
889 1638 1069 1678 conuinci
1095 1644 1272 1691 possunt,
1298 1644 1444 1686 tamen,
1470 1650 1519 1676 ne
1541 1636 1682 1689 longus

199 1715 294 1762 sim,
319 1725 438 1752 unum
461 1722 601 1763 ponam
618 1737 628 1755 ,
659 1720 734 1759 quo
756 1705 930 1744 codicum
954 1705 1188 1758 scripturam
1210 1705 1347 1746 falsam
1370 1718 1459 1745 esse
1482 1716 1683 1755 uanosque

201 1794 337 1822 omnes
360 1776 582 1832 explicandi
605 1781 768 1814 conatus
792 1773 1100 1813 demonstratur.
1150 1770 1305 1813 Caesar
1326 1772 1428 1812 6111111
1452 1772 1490 1811 id
1512 1771 1680 1820 notauit,

201 1849 302 1904 quod
326 1845 554 1902 prouinciae
576 1845 756 1885 decretae
779 1848 915 1882 essent
936 1840 1099 1894 priuatis
1115 1871 1125 1890 ,
1161 1848 1200 1881 et
1231 1840 1384 1893 quidem
1416 1840 1515 1879 duae
1544 1851 1685 1878 consu-

201 1919 307 1959 lares
330 1913 504 1968 Scipioni
527 1919 566 1952 ct
587 1910 639 1951 L.
661 1908 834 1950 Domitio
847 1907 1127 1949 Ahenobarbo.
1160 1906 1298 1960 Itaque
1321 1921 1405 1947 cum
1429 1907 1569 1947 deinde
1590 1906 1685 1946 duos

203 1984 380 2025 homines
403 1981 647 2029 nominaret,
681 1978 744 2031 qui
766 1976 852 2017 illas
875 1975 1011 2016 sortiri
1033 1976 1284 2025 debuissent,
1318 1982 1480 2029 apparet
1508 1988 1576 2015 eos
1599 1988 1685 2015 eum

202 2051 401 2107 appellare
424 2049 670 2103 oportuisse,
705 2045 770 2099 qui
792 2052 871 2084 tum
895 2059 974 2084 non
996 2044 1163 2083 fuissent
1185 2042 1340 2096 priuati.
1404 2041 1435 2082 li
1465 2057 1560 2082 uero
1592 2042 1688 2082 nulli

203 2126 386 2175 poterant
407 2118 472 2157 alii
495 2129 598 2166 csse,
624 2128 739 2170 quam
763 2112 945 2152 consules
967 2112 1080 2152 huius
1103 2111 1212 2161 anni,
1239 2108 1287 2151 C.
1306 2108 1494 2151 Claudius
1516 2109 1687 2150 Marcel-

203 2189 280 2237 lus,
305 2186 355 2226 L.
379 2183 589 2225 Cornelius
613 2180 808 2221 Lentulus
832 2178 949 2221 Crus.
1000 2180 1132 2233 Atque
1155 2192 1208 2218 ex
1230 2179 1366 2219 horum
1389 2179 1540 2232 quidem
1563 2177 1687 2218 nomi-

205 2255 318 2296 nibus
342 2268 409 2300 ea,
434 2265 533 2305 quae
556 2251 597 2291 111
619 2249 731 2290 codd.
756 2248 957 2302 leguntur,
983 2248 1078 2288 oriri
1100 2247 1275 2301 potuisse
1297 2261 1410 2287 nemo
1433 2247 1507 2288 sibi
1529 2259 1689 2300 persua-

205 2322 326 2362 debit.
360 2319 461 2361 Mihi
486 2332 579 2359 uero
602 2331 680 2357 non
703 2316 861 2356 dubium
885 2323 960 2365 est,
986 2315 1078 2368 quin
1091 2313 1293 2368 Philippus
1314 2315 1389 2355 huc
1409 2315 1542 2354 illatus
1564 2313 1614 2352 sit
1637 2325 1689 2351 ex

206 2387 474 2443 superioribus
498 2385 630 2425 uerbis
665 2384 737 2423 ‘de
767 2382 918 2424 Fausto
948 2382 1107 2436 impedit
1138 2380 1364 2434 Philippus,
1396 2382 1576 2421 tribunus
1608 2379 1689 2433 ple-

206 2457 296 2508 bis'3
321 2454 440 2497 Cotta
461 2460 589 2494 autem
620 2466 672 2492 ex
692 2457 784 2491 nota
800 2481 810 2500 ,
844 2464 919 2503 qua
951 2449 1134 2490 consules
1156 2449 1450 2502 significantur,
1485 2454 1620 2496 ortus,
1650 2452 1688 2486 et

209 2525 346 2566 deinde
369 2522 524 2574 utrique
546 2518 695 2560 nomini
718 2518 856 2571 copula
876 2517 1082 2557 interiecta
1104 2517 1168 2556 sit.
1227 2515 1365 2569 Itaque
1396 2516 1490 2556 haec
1513 2515 1569 2555 516
1592 2514 1690 2554 scri-

207 2594 333 2634 benda
355 2590 548 2631 arbitror:
587 2585 781 2639 ‘Scipioni
804 2585 964 2624 obuenit
987 2581 1120 2638 Syria,
1145 2581 1196 2624 L.
1221 2582 1396 2624 Domitio
1420 2581 1571 2623 Gallia:
1599 2595 1691 2622 con—

210 2661 317 2702 sules
341 2658 493 2712 priuato
516 2655 681 2695 consilio
704 2658 1022 2707 praetereuntur,
1055 2664 1181 2704 neque
1211 2665 1345 2692 eorum
1366 2658 1494 2691 sortes
1518 2650 1691 2690 deiciun-

213 2728 303 2769 tur'.
366 2726 422 2766 At
443 2725 478 2765 si
500 2720 654 2764 Caesar
676 2721 761 2762 sine
784 2718 997 2773 cupiditate
1019 2719 1259 2772 scripsisset,
1283 2719 1505 2772 prouincias
1529 2717 1691 2772 priuatis

212 2797 391 2837 decretas
414 2806 501 2833 esse
524 2789 813 2844 reprehendere
835 2800 913 2826 11011
937 2792 1103 2839 poterat.
1162 2784 1269 2826 Nam
1301 2787 1483 2826 consules
1514 2785 1607 2826 anni
1639 2782 1692 2824 53

214 2862 291 2904 Cn.
318 2861 512 2904 Domitius
535 2856 750 2907 Caluinus,
783 2854 843 2896 M.
870 2852 1055 2895 Valerius
1078 2851 1267 2895 Messalla
1288 2861 1450 2895 senatus
1471 2853 1691 2894 consultum
