1835 3240
728 157 1124 199 —73—-.

190 272 360 314 ‘Marius
382 272 526 314 anxius
548 271 707 313 trahere
730 285 816 312 cum
837 270 968 311 animo
989 284 1084 318 suo,
1109 270 1357 311 omitteretne
1378 271 1595 324 inceptum,
1618 283 1668 311 an

189 343 386 382 fortunam
410 341 678 395 opperiretur,
716 353 790 392 qua
812 352 929 392 saepe
951 350 1136 391 prospere
1159 352 1251 378 usus
1274 337 1429 388 fueras,
1466 337 1546 378 109
1570 342 1668 378 ‘tum

187 423 278 459 rex,
303 410 359 449 uti
382 415 629 463 praeceptum
652 409 795 456 fuerat,
821 413 906 460 post
927 406 1026 445 diem
1050 405 1239 444 decimum
1260 406 1388 446 redire
1410 405 1544 447 iubet'.
1569 404 1669 446 Item

187 478 228 518 in
251 478 427 517 absoluta
450 475 646 516 sententia
668 475 824 528 ponitur
845 473 944 526 apud
967 470 1053 512 Cic.
1078 473 1118 512 in
1139 470 1276 512 Pison.
1315 471 1355 521 7,
1391 472 1441 513 15
1476 473 1579 513 ‘huic
1602 487 1669 526 po-

188 545 278 599 pulo
300 545 354 584 ita
377 545 501 584 fuerat
525 550 614 583 ante
637 556 706 581 uos
730 541 910 580 consules
932 540 1093 579 libertas
1115 538 1243 578 insita'
1277 545 1370 578 cett.
1402 537 1540 592 Itaque
1559 548 1669 581 recte

190 614 329 653 dudum
353 611 589 666 praecipitur
612 610 709 649 lianc
732 606 1100 662 plusquamperfecti
1124 606 1286 645 formam
1309 619 1383 645 usu
1405 607 1567 647 eandem
1592 608 1668 648 uim

189 690 307 736 atque
328 682 491 722 alteram
514 677 729 730 accepisse.

301 814 389 856 Lib.
418 810 470 862 V,
494 812 520 854 9
542 811 639 851 haec
659 810 699 849 in
722 809 834 849 codd.
859 807 1068 862 leguntur:
1096 804 1266 848 ‘Caesar
1287 807 1466 862 exposito
1488 807 1670 849 exercitu

188 890 228 925 et
249 883 333 924 loco
356 881 498 921 castris
520 880 662 919 idoneo
686 883 798 930 capto
813 907 823 923 ‚
848 876 914 916 ubi
937 890 988 916 ex
1011 876 1177 930 captiuis
1200 876 1399 929 cognouit,
1424 890 1498 929 quo
1520 877 1559 916 in
1582 878 1668 917 loco

189 951 358 991 hostium
382 948 519 1000 copiae
541 945 830 994 consedissent,
857 942 1082 983 cohortibus
1106 943 1240 983 decem
1262 943 1308 983 ad
1332 957 1436 984 mare
1458 944 1607 985 relictis
1630 952 1670 985 et

188 1017 381 1072 equitibus
405 1012 531 1064 CCC,
570 1014 633 1066 qui
666 1011 860 1066 praesidio
882 1010 1046 1051 nauibus
1069 1017 1224 1061 essent,
1259 1011 1303 1050 de
1327 1011 1445 1050 tertia
1467 1011 1600 1064 uigilia
1621 1012 1669 1051 ad

186 1087 319 1127 hostes
349 1081 574 1130 contendit,
607 1094 652 1120 eo
675 1079 803 1119 minus
826 1079 975 1118 ueritus
999 1079 1178 1128 nauibus,
1203 1079 1303 1131 quod
1332 1078 1372 1117 in
1400 1078 1532 1118 littore
1563 1079 1670 1120 molli

187 1161 301 1206 atque
324 1157 459 1205 aperto
484 1148 676 1201 deligatos
699 1147 744 1186 ad
767 1160 951 1187 ancoram
973 1146 1239 1198 relinquebat,
1272 1153 1311 1186 et
1340 1145 1535 1200 praesidio
1559 1147 1668 1186 naui-

186 1222 256 1261 bus
287 1218 473 1272 Quintum
506 1216 660 1256 Atrium
692 1213 908 1268 praefecit'.
963 1211 1112 1254 Verum
1143 1220 1324 1253 extrema
1347 1213 1468 1253 uerba
1490 1228 1567 1253 non
1591 1228 1667 1253 uno

185 1289 341 1329 nomine
363 1286 549 1327 mendosa
570 1290 676 1324 suut.
712 1282 884 1322 Primum
903 1281 1003 1321 enim
1026 1282 1156 1335 inepte
1177 1280 1317 1320 Atrius
1340 1281 1537 1334 praesidio
1559 1281 1668 1322 naui-

184 1357 254 1397 bus
279 1356 498 1410 praefectus
522 1366 610 1392 esse
633 1351 790 1399 dicitur,
818 1364 905 1390 eum
926 1349 966 1389 in
989 1363 1065 1388 uno
1088 1348 1243 1388 bomine
1266 1349 1412 1388 nullum
1436 1349 1557 1401 possit
1578 1362 1666 1389 esse

184 1423 438 1477 praesidium.
472 1419 599 1460 Recte
622 1418 833 1472 singularis
857 1418 970 1457 homo
993 1415 1205 1470 praesidio,
1231 1422 1274 1455 ut
1295 1415 1367 1455 hoc
1390 1423 1493 1463 utar,
1508 1416 1668 1456 relictus

184 1503 272 1531 esse
295 1490 357 1530 uel
379 1488 574 1529 restitisse
597 1487 762 1535 dicitur,
798 1484 957 1525 omnino
972 1515 982 1533 ,
1017 1498 1104 1523 cum
1133 1483 1296 1522 uerbum
1327 1483 1382 1522 ita
1405 1490 1668 1536 comparatum

186 1566 271 1609 est,
306 1565 345 1598 ut
370 1558 416 1597 de
442 1555 630 1596 militibus
653 1567 804 1607 quoque
827 1552 917 1605 poni
939 1551 1074 1605 possit.
1128 1549 1232 1590 Tum
1256 1550 1357 1589 enim
1381 1550 1477 1590 duce
1500 1564 1667 1590 comme—

184 1634 334 1668 morato
374 1624 505 1678 copias
546 1637 632 1662 cum
674 1635 720 1661 eo
751 1619 872 1659 fuisse
904 1625 1043 1671 sponte
1073 1616 1354 1669 intellegimus.
1405 1615 1666 1657 praeficiendi

181 1702 311 1736 autem
334 1693 454 1733 uerbo
478 1691 620 1730 milites
645 1688 921 1729 excluduntur.
954 1684 1122 1725 Accedit
1143 1684 1219 1724 alia
1241 1697 1322 1723 res.
1354 1682 1458 1724 Nam
1482 1698 1566 1724 eum
1588 1685 1666 1724 iam

181 1776 299 1816 supra
327 1761 510 1802 cohortes
542 1759 674 1797 decem
706 1763 744 1795 et
773 1754 923 1807 equites
956 1759 1156 1792 trecentos
1188 1752 1235 1791 ad
1256 1765 1362 1791 mare
1385 1752 1546 1791 relictos
1578 1765 1667 1792 esse

182 1829 419 1870 declaratum
444 1827 511 1876 sit,
535 1823 698 1866 ridicule
721 1822 858 1862 deinde
879 1821 1017 1860 Atrius
1040 1820 1204 1860 nauibus
1227 1819 1421 1873 praesidio
1443 1820 1665 1872 praefectus

182 1898 339 1945 (licitur,
365 1894 474 1948 quasi
499 1893 591 1932 hacc
615 1891 688 1930 duo
712 1896 846 1930 essent
868 1889 1025 1928 diuersa
1046 1887 1331 1941 praesidiorum
1354 1899 1517 1938 genera.
1551 1884 1665 1926 Leue

181 1965 243 2005 hic
278 1964 455 2003 mendum
487 1966 561 2000 est.
606 1956 862 1998 Scribendum
886 1963 945 1996 est
967 1955 1094 1995 enim:
1133 1959 1188 1994 ‘et
1208 1954 1403 2007 praesidio
1421 1953 1665 2007 nauibusque

182 2030 368 2084 Quintum
400 2029 557 2069 Atrium
594 2024 811 2079 praefecit'.
864 2023 1112 2064 Praesidium
1154 2029 1215 2061 cst
1251 2021 1345 2061 illud
1374 2021 1500 2074 ipsum
1530 2021 1665 2061 decem

181 2099 399 2141 cohortium
423 2103 461 2136 et
484 2093 654 2148 equitum
678 2100 961 2133 trecentorum.
996 2089 1146 2130 Eodem
1168 2089 1282 2129 modo
1300 2089 1387 2128 hor.
1413 2102 1552 2128 comm.
1586 2086 1661 2138 VI,

179 2167 250 2217 29,
284 2168 309 2207 4
338 2165 525 2218 scriptum
560 2169 643 2202 est:
682 2161 735 2200 ‘ei
764 2160 849 2200 loco
873 2158 1147 2213 praesidioque
1180 2154 1229 2198 C.
1254 2155 1480 2198 Volcatium
1504 2155 1664 2197 Tullum

179 2235 467 2275 adolescentem
490 2228 710 2284 praefecit'.

294 2299 343 2342 C,
374 2300 423 2340 12
452 2299 602 2338 initium
633 2294 849 2336 secundum
882 2292 992 2333 codd.
1018 2292 1074 2332 ita
1097 2291 1346 2332 scribendum
1370 2298 1451 2331 estz
1488 2289 1664 2331 ‘Britan-

179 2371 269 2411 niae
290 2382 380 2423 pars
403 2366 569 2406 interior
590 2363 637 2404 ab
659 2363 707 2402 iis
729 2361 928 2410 incolitur,
954 2373 1049 2413 quos
1073 2366 1187 2399 natos
1209 2359 1249 2398 in
1271 2359 1402 2399 insula
1422 2358 1497 2412 ipsi
1518 2371 1664 2398 memo-

179 2439 238 2479 ria
260 2436 452 2491 proditum
476 2433 630 2480 dicunt,
655 2429 851 2469 maritima
874 2442 963 2481 pars
986 2427 1032 2466 ab
1055 2427 1121 2476 iis,
1146 2426 1210 2478 qui
1232 2426 1400 2479 praedae
1422 2439 1467 2464 ac
1489 2424 1579 2463 belli
1601 2423 1661 2463 in-

178 2503 331 2546 ferendi
354 2514 472 2542 eausa
494 2513 547 2539 ex
565 2496 705 2551 Belgio
729 2495 969 2535 transierunt
1003 2495 1083 2547 (qui
1107 2507 1241 2533 omnes
1267 2494 1346 2532 sere
1368 2493 1415 2532 iis
1437 2491 1660 2531 nominibus

180 2573 382 2613 ciuitatum
414 2566 658 2621 appellantur
674 2594 684 2614 ,
718 2563 857 2615 quibus
889 2563 963 2602 orti
987 2576 1039 2601 cx
1060 2560 1283 2601 ciuitatibus
1307 2573 1353 2599 eo
1375 2559 1660 2612 peruenerunt)

179 2647 219 2680 et
248 2639 350 2679 bello
380 2636 487 2676 illato
528 2633 579 2672 ibi
611 2636 913 2685 permanserunt
945 2636 1060 2681 atque
1100 2641 1217 2680 agros
1256 2626 1386 2666 colere
1417 2626 1659 2679 coeperunt'.

177 2706 282 2748 Nam
307 2702 409 2758 ‘ipsi'
433 2716 510 2742 non
533 2699 658 2740 solum
679 2698 719 2737 in
739 2695 905 2748 integris
930 2703 967 2735 et
989 2694 1248 2735 deterioribus
1272 2693 1383 2732 codd.
1408 2693 1568 2746 legitur,
1593 2693 1663 2732 sed

179 2775 297 2816 etiam
327 2773 367 2812 in
400 2769 530 2809 llaun.
565 2780 642 2819 pr.,
677 2764 716 2804 in
748 2762 908 2815 reliquis
931 2762 1177 2815 interpolatis
1201 2768 1261 2801 est
1285 2759 1415 2813 ἥρω’,
1451 2767 1492 2799 ut
1514 2760 1657 2800 editur.

179 2841 259 2896 Ipsi
282 2836 463 2880 Britanni
486 2836 584 2877 hanc
606 2831 798 2885 originem
819 2830 1006 2870 memoria
1028 2829 1218 2883 proditam
1241 2828 1447 2878 dicebant,
1479 2826 1660 2880 quemad-
