1835 3240
103 187 187 229 654
628 175 799 218 BELLI
821 172 1225 217 ALEXANDRJNI

183 293 480 339 centurionibus
503 291 650 345 aliquot
671 289 814 331 occisis
830 318 840 338 ‚
867 288 929 341 qui
951 288 1063 341 signa
1085 288 1167 328 tolli
1189 303 1266 329 non
1288 288 1558 343 patiebantur,
1584 288 1662 328 dis-

183 367 354 407 cessisse
386 369 424 404 et
454 362 501 402 ad
533 359 743 400 secundam
774 356 968 409 legionem
1001 355 1277 406 contendisse,
1311 370 1410 412 quae
1441 357 1489 396 ad
1520 357 1660 396 fretum

133 435 160 477 2
182 434 258 474 alio
279 433 420 473 itinere
444 427 671 468 ducebatur.
707 423 880 477 Cognita
902 437 946 464 re
968 431 1088 464 noctu
1111 437 1195 464 cum
1216 429 1247 462 V
1267 423 1492 464 cohortibus
1511 423 1661 463 unetui-

181 501 467 542 cesimanorum
492 493 716 548 egreditur,
749 505 861 532 mane
884 492 1078 545 peruenit.
1122 490 1182 531 Ibi
1204 504 1289 531 eum
1314 490 1413 531 diem
1429 522 1439 540 ,
1470 498 1537 540 ut,
1573 491 1662 543 quid

135 569 160 609 3
182 575 381 624 ageretur,
408 563 664 617 perspiceret,
688 566 862 600 moratus
887 557 1123 600 Carmonem
1147 558 1360 599 contendit.
1398 557 1582 613 Hiccum
1603 560 1657 599 le-

181 638 243 691 gio
264 641 365 676 XXX
395 638 433 671 rt
453 636 535 669 XXI
559 635 598 669 et
619 628 800 668 cohortes
823 634 884 666 1111
906 641 956 667 ex
978 633 1008 666 V
1029 626 1185 680 legione
1208 633 1387 679 totusque
1410 627 1663 667 conuenisset

180 704 373 757 equitatus
388 733 398 749 ,
426 697 533 738 audit
556 703 616 736 1111
639 696 820 736 cohortes
844 708 865 734 a
889 695 1114 735 uernaculis
1137 707 1345 748 oppressas
1368 693 1415 733 ad
1438 690 1660 734 Obuculum

179 786 264 812 cum
297 769 355 809 his
388 767 434 807 ad
466 765 677 805 secundam
710 763 940 818 peruenisse
972 775 1185 815 omnesque
1206 762 1257 802 ibi
1281 775 1324 802 se
1346 761 1602 801 coniunxisse
1624 769 1663 801 et

129 840 155 880 4
177 839 230 880 T.
258 835 451 877 Thorium
474 832 724 873 Italicensem
757 831 891 870 ducem
924 830 1133 884 delegisse.
1179 828 1376 870 Celeriter
1407 829 1538 869 habito
1570 843 1662 869 con-

178 907 265 947 silio
288 903 520 945 Marcellum
543 899 782 947 Cordubam,
809 906 850 939 ut
873 912 957 939 eam
980 899 1020 939 in
1042 904 1235 952 potestate
1257 896 1460 947 retineret,
1486 893 1538 948 Ω,
1565 894 1663 937 Cas-

133 975 158 1016 5
180 975 279 1015 sium
314 973 484 1026 legatum
507 969 700 1023 Hispalim
733 968 865 1007 mittit.
909 965 1054 1007 Paucis
1087 967 1122 1007 ei
1145 965 1282 1006 diebus
1305 965 1471 1005 affertur
1491 978 1664 1005 conuen-

177 1050 258 1083 tum
283 1038 579 1081 Cordubensem
602 1036 649 1076 ab
673 1050 718 1076 eo
742 1035 933 1076 defecisse
950 1033 1260 1086 Marcellumque
1282 1040 1350 1073 aut
1371 1032 1573 1072 uoluntate
1596 1038 1664 1072 aut

177 1110 414 1151 necessitate
446 1107 651 1147 abductum
684 1106 878 1157 (namque
908 1103 944 1142 id
978 1102 1088 1142 uarie
1122 1101 1403 1153 nuntiabatur)
1436 1100 1662 1140 consentire

177 1193 264 1219 cum
288 1175 638 1223 Cordubensibus3
672 1173 765 1212 duas
789 1171 972 1211 cohortes
995 1170 1160 1223 legionis
1183 1175 1211 1208 V
1227 1200 1237 1218 ,
1261 1182 1358 1222 quae
1383 1169 1539 1207 fuerant
1562 1164 1663 1207 Cor-

129 1245 155 1287 6
178 1246 303 1286 (lubae
325 1245 362 1284 in
388 1242 598 1297 praesidio,
616 1241 716 1279 idem
741 1240 888 1278 facere.
922 1236 1088 1277 Cassius
1112 1237 1172 1276 his
1193 1236 1310 1276 rebus
1328 1236 1514 1275 incensus
1533 1241 1664 1274 mouet

178 1320 307 1353 castra
331 1319 370 1351 et
392 1318 551 1364 postero
570 1309 630 1348 die
654 1305 866 1360 Segouiam
889 1306 935 1345 ad
958 1306 1098 1345 flumen
1123 1301 1333 1344 Siciliense
1357 1303 1478 1343 uenit.
1514 1300 1571 1341 Ibi
1595 1302 1662 1342 ha-

175 1381 255 1420 bita
287 1379 470 1420 contione
502 1376 666 1416 militum
699 1381 864 1428 temptat
893 1373 1065 1423 animos3
1102 1386 1199 1426 quos
1231 1371 1436 1425 cognoscit
1468 1385 1545 1410 non
1575 1385 1660 1420 sua,

175 1449 245 1489 sed
268 1446 453 1489 Caesaris
487 1444 662 1485 absentis
686 1457 802 1483 causa
825 1442 899 1482 sihi
922 1441 1130 1482 fidissimos
1153 1453 1240 1481 esse
1263 1439 1488 1492 nullumque
1510 1438 1663 1492 pericu-

174 1518 254 1558 lum
287 1516 590 1570 deprecaturos,
626 1512 713 1552 dum
746 1525 816 1565 per
846 1523 914 1550 eos
939 1507 1105 1550 Caesari
1136 1509 1339 1562 prouincia
1369 1507 1660 1548 restitueretur.

99 1587 159 1632 58
173 1584 336 1626 Interim
358 1582 531 1623 Thorius
555 1580 601 1621 ad
625 1577 850 1620 Cordubam
875 1585 1029 1618 ueteres
1052 1576 1227 1631 legiones
1251 1577 1418 1626 adducit,
1449 1590 1494 1615 ac
1517 1588 1564 1614 ne
1587 1574 1664 1614 dis-

176 1652 375 1695 sensionis
399 1650 548 1691 initium
573 1656 706 1689 natum
730 1647 919 1688 seditiosa
941 1645 1104 1686 militum
1128 1659 1273 1698 suaque
1291 1652 1431 1684 natura
1444 1643 1661 1691 uideretur,

176 1722 290 1762 simul
313 1727 354 1760 ut
376 1726 512 1760 contra
537 1716 588 1770 Ω.
616 1715 823 1765 Cassium,
858 1715 921 1767 qui
944 1712 1131 1754 Caesaris
1156 1713 1313 1753 nomine
1335 1711 1546 1751 maioribus
1569 1709 1663 1749 uiri-

174 1790 246 1830 bus
270 1788 324 1828 uti
347 1786 568 1835 uidebatur,
585 1798 707 1837 aeque
730 1790 928 1837 potentem
951 1788 1170 1836 opponeret
1190 1780 1431 1833 dignitatem,
1451 1775 1527 1818 Cn.
1546 1775 1663 1816 Pom-

124 1858 152 1899 2
173 1857 260 1912 peio
293 1870 336 1896 se
367 1854 607 1909 prouinciam
640 1853 862 1905 reciperare
885 1852 985 1890 uelle
1009 1849 1133 1903 palam
1157 1847 1371 1888 dictitabat.
1416 1845 1470 1885 Et
1493 1844 1661 1884 forsitan

174 1926 289 1966 etiam
323 1923 395 1962 hoc
427 1922 564 1962 fecerit
595 1921 683 1961 odio
707 1917 894 1959 Caesaris
928 1926 965 1958 et
997 1932 1131 1958 amore
1154 1915 1341 1969 Pompei,
1377 1914 1487 1954 euius
1521 1925 1661 1952 nomen

173 1993 335 2033 multum
370 1997 524 2044 poterat
554 1989 651 2043 apud
687 2002 754 2028 eas
786 1987 988 2040 legiones,
1034 1999 1129 2038 quas
1162 1983 1221 2024 M.
1257 1982 1390 2024 Varro
1422 1981 1659 2021 obtinuerat.

128 2061 152 2102 3
176 2059 252 2102 Sed
277 2061 328 2110 id,
355 2072 427 2112 qua
451 2064 582 2098 mente
598 2088 607 2106 ‚
644 2055 860 2095 eommunis
885 2061 968 2095 erat
991 2054 1243 2094 coniectura:
1279 2058 1386 2091 certe
1411 2049 1481 2089 hoc
1504 2061 1596 2102 prae
1618 2062 1661 2087 se

324 2152 333 2184 l
358 2162 420 2182 non
442 2161 510 2182 0111.
524 2160 544 2181 α
557 2151 574 2181 b
588 2160 616 2180 c.
760 2149 779 2180 2
792 2146 992 2188 secundam]
1007 2147 1150 2178 alteram
1171 2146 1202 2176 b.
1338 2142 1355 2173 3
1371 2141 1605 2172 deducebatur
1622 2149 1656 2170 a.

318 2203 687 2234 unetuicesimanornnl
701 2199 860 2240 Lipsius,
877 2199 1253 2231 nndeuieesimanorum
1274 2194 1373 2226 codd.
1389 2193 1491 2233 (unde
1506 2192 1661 2223 uincens.

176 2256 226 2296 a.)
391 2255 407 2285 J,
430 2252 599 2296 peruenit]
621 2257 721 2283 noctu
741 2251 822 2282 add.
844 2262 863 2282 a
886 2252 913 2281 b.
1083 2253 1099 2281 5
1123 2250 1322 2281 Carmonem
1342 2246 1568 2279 Rlzellicanus
1588 2244 1664 2285 (sad

178 2325 219 2329 —
240 2306 352 2347 na1n)3
374 2305 559 2336 Carbonem
581 2314 600 2334 a
620 2306 652 2333 el
671 2305 722 2333 sic
742 2305 815 2332 ‘seu
834 2301 1022 2333 Carbonam
1044 2300 1101 2331 nel
1118 2299 1309 2331 Narbonem
1326 2297 1425 2329 mss.⁷
1572 2296 1590 2325 ὃ
1610 2305 1664 2325 co-

177 2358 322 2389 hortium
343 2367 363 2387 a
384 2357 413 2387 I).
557 2353 613 2395 ex]
634 2358 667 2384 et
689 2353 719 2384 b.
862 2354 878 2384 7
901 2352 1089 2383 Obucnlum
1110 2361 1129 2381 a
1151 2351 1167 2382 b
1187 2361 1204 2380 c
1223 2350 1255 2389 d,
1278 2347 1464 2380 Obuculam
1486 2357 1519 2377 a.

173 2410 194 2441 8
213 2419 286 2440 euin
306 2409 332 2439 is
352 2419 385 2439 a.
554 2406 756 2448 peruenisse
776 2415 795 2435 a
817 2405 833 2435 b
853 2404 884 2443 (Ι,
907 2404 1106 2446 peruenisse
1127 2402 1290 2444 legionem
1311 2411 1344 2431 ιι.
1500 2408 1534 2428 se
1554 2407 1622 2428 om.
1642 2407 1662 2427 α

177 2462 195 2492 b
215 2472 243 2492 e.
425 2459 443 2491 9
464 2457 504 2490 T.
526 2457 665 2489 Torinm
686 2458 779 2488 ‘mss.
798 2456 998 2497 pler1‘qete’;
1019 2455 1179 2486 intorium
1197 2464 1231 2493 a,
1253 2456 1286 2484 et
1298 2460 1516 2494 praenomen
1537 2448 1582 2481 M.
1604 2450 1664 2480 lea-

176 2512 259 2543 bent
277 2511 293 2541 b
308 2510 330 2541 d
345 2510 492 2551 (Postea
513 2510 564 2540 bis
583 2507 731 2539 Thorius
752 2507 835 2549 (a)).
977 2506 1197 2538 ltalicensum
1215 2515 1248 2536 α.
1394 2502 1433 2534 10
1446 2499 1663 2533 Marcellum-

175 2573 238 2605 que
257 2572 278 2593 a
300 2562 393 2593 ‘msa
416 2557 459 2592 3⁷.
641 2557 695 2599 Q]
717 2568 801 2599 quae
821 2567 855 2588 a.
1038 2556 1075 2588 13
1096 2555 1276 2587 abductum
1296 2564 1316 2584 a
1337 2553 1353 2583 b
1373 2563 1400 2592 e,
1423 2552 1605 2583 adductum
1625 2561 1661 2582 a.

322 2612 360 2645 16
381 2611 558 2652 Segouiam
580 2620 599 2641 α
619 2620 648 2641 r.
798 2608 978 2640 Siciliense
996 2618 1016 2639 a
1038 2607 1135 2638 (ηις-ς.
1159 2606 1202 2646 7’,
1224 2605 1391 2637 Silicense
1411 2614 1446 2635 υ.
1466 2604 1507 2635 P.
1530 2603 1660 2636 199512.

320 2663 359 2696 17
380 2662 542 2694 concione
563 2660 632 2702 (a).
790 2658 887 2702 quos]
908 2664 1009 2700 atque
1031 2658 1062 2689 b.
1221 2656 1258 2689 18
1278 2665 1398 2688 causas
1417 2655 1464 2686 ibi
1482 2665 1516 2687 a.

175 2717 215 2750 19
235 2717 480 2758 deprecaturas
499 2716 582 2744 ante
601 2722 694 2743 corr.
714 2722 745 2743 a.
911 2710 953 2744 20
973 2714 1156 2740 ueteranus
1178 2709 1209 2739 b.
1365 2708 1404 2742 21
1427 2712 1549 2739 natura
1567 2708 1662 2739 uide-

175 2771 272 2798 retur
290 2776 309 2797 α
324 2765 523 2806 Stephanus
543 2766 579 2794 ct
595 2764 670 2793 sine
688 2763 924 2792 annotatione
942 2770 977 2800 η,
991 2759 1169 2791 uideretur
1187 2764 1308 2790 natura
1328 2761 1466 2790 ceterae
1485 2757 1563 2789 edd.
1582 2760 1663 2788 ante

174 2831 210 2852 u.
365 2819 407 2850 ‘23
427 2817 486 2849 Cn.
508 2816 572 2858 (a),
595 2816 685 2847 Cneo
706 2825 741 2846 u.
896 2814 939 2847 24
952 2813 1145 2855 reciperare
1164 2823 1197 2852 a,
1218 2822 1288 2843 non
1307 2821 1423 2853 reeup.
1594 2809 1662 2840 sor-

176 2882 235 2904 sau
256 2871 318 2902 hoc
337 2872 419 2911 (om.
442 2869 560 2909 etiam)
582 2868 612 2899 b.
798 2866 839 2898 25
860 2863 1046 2907 Pompeia.
1226 2862 1270 2898 27
1288 2862 1472 2894 communis
1491 2865 1565 2892 erat
1584 2871 1663 2892 eon-

176 2924 307 2955 ieetura
327 2921 427 2953 codd.
446 2932 454 2960 ;
475 2923 660 2951 commotus
683 2916 819 2956 fecerit,
840 2915 1037 2947 coniectura
1057 2914 1137 2947 seiri
1156 2918 1270 2957 potest
1287 2913 1366 2945 edd.
1382 2914 1525 2954 priores
1543 2913 1577 2942 et
1596 2920 1659 2941 non

175 2977 258 3007 ante
277 2978 387 3017 potest
404 2973 545 3005 adiecto
564 2971 602 3003 P.
624 2970 807 3003 Manutius
826 2979 859 3000 u.
881 2968 919 3000 P.
945 2966 1018 3000 199.

1698 904 1738 937 10

1697 1241 1737 1273 15

1694 1580 1737 1614 20
