1835 3240
95 912 135 946 10

96 1252 136 1286 15

599 174 782 219 COMM.
808 174 844 218 V
868 172 993 216 CAP.
1018 173 1216 216 54—56.
1638 173 1721 217 379

166 295 256 339 belli
287 298 510 344 tantamque
543 289 723 330 omnibus
755 289 1002 331 uoluntatum
1036 287 1382 329 commutationem
1414 289 1568 337 attulit,
1601 295 1646 329 ut

167 369 324 419 praeter
343 359 531 400 Haeduos
553 365 590 399 et
610 357 778 408 Remos,
803 371 899 411 quos
922 356 1132 412 praecipuo
1155 368 1312 409 semper
1332 355 1482 398 honore
1493 352 1646 395 Cacsar

164 429 324 479 habuit,
359 428 506 469 alteros
538 441 608 481 pro
638 433 773 466 uetere
804 440 850 465 ac
882 432 1072 479 perpetua
1105 437 1198 478 erga
1221 422 1400 477 populum
1422 421 1646 463 Romanum

165 498 253 546 fide,
279 497 426 537 alteros
449 510 518 550 pro
540 494 765 535 recentibus
788 490 930 532 Gallici
953 493 1044 532 belli
1067 492 1202 532 officiis
1218 522 1229 541 ,
1263 491 1369 531 nulla
1402 491 1483 531 fere
1506 489 1647 529 ciuitas

169 565 286 606 fuerit
307 579 385 604 non
408 569 590 616 suspecta
611 562 740 602 nobis.
793 558 916 613 quue
938 561 1036 600 adeo
1059 560 1158 599 haud
1182 559 1264 599 scio
1287 558 1557 599 mirandumne
1579 557 1644 607 sit,
1670 555 1694 596 5

165 648 252 674 cum
275 631 541 686 compluribus
563 629 649 670 aliis
672 629 718 668 de
740 628 887 676 causis,
913 635 991 667 tum
1004 628 1189 677 maxime,
1216 628 1314 680 quod
1338 626 1388 675 ei,
1414 626 1479 680 qni
1500 626 1650 665 uirtute

164 700 255 741 belli
280 700 459 740 omnibus
481 697 666 751 gentibus
698 695 1050 750 praeferebantur,
1084 702 1235 736 tantum
1266 709 1309 736 se
1341 695 1425 735 eius
1456 692 1649 748 opinionis

167 768 455 823 deperdidisse,
483 773 524 806 ut
545 780 567 805 a
589 765 732 819 populo
753 763 935 804 Romano
958 763 1123 817 imperia
1145 764 1391 817 perferrent,
1417 761 1652 817 grauissime

167 836 366 877 dolebant.
420 833 592 875 Treueri
623 846 720 873 uero
742 839 859 885 atque
879 829 1174 871 Indutiomarus
1200 832 1318 871 totius
1342 831 1480 871 hiemis
1502 829 1649 870 nullum
1671 827 1726 872 55

169 912 319 959 tempus
341 902 655 950 intermiserunt,
681 901 773 953 quin
796 907 906 939 trans
930 898 1113 939 Rhenum
1135 900 1288 953 legatos
1312 899 1529 948 mitterent,
1556 897 1654 938 ciui-

167 980 268 1013 tates
291 971 576 1019 sollicitarent,
601 969 787 1023 pecunias
811 967 1115 1022 pollicerentur,
1153 981 1294 1021 magna
1317 973 1427 1020 parte
1451 965 1653 1006 exercitus

166 1040 293 1080 nostri
315 1039 526 1078 interfecta
547 1037 668 1077 multo
691 1036 883 1076 minorem
907 1049 1118 1090 superesse
1141 1035 1319 1075 dicerent
1341 1042 1504 1088 partem.
1566 1031 1652 1073 Ne·
1674 1032 1702 1074 2

166 1122 239 1162 que
261 1115 392 1147 tamen
413 1105 480 1146 ulli
502 1105 658 1146 ciuitati
682 1103 967 1145 Germanorum
991 1103 1219 1158 persuaderi
1242 1103 1383 1157 potuit,
1409 1108 1451 1142 ut
1470 1101 1655 1141 Rhenum

168 1176 373 1224 transiret,
399 1189 484 1214 cum
506 1187 549 1214 se
571 1174 630 1213 bis
654 1180 841 1226 expertos
865 1173 1057 1222 dicerent,
1081 1171 1277 1212 Ariouisti
1301 1171 1401 1211 bello
1425 1177 1464 1210 et
1483 1169 1655 1209 Tencte-

169 1258 301 1284 rorum
326 1243 517 1283 transitu:
544 1256 622 1282 non
645 1255 735 1282 esse
759 1241 922 1294 amplius
948 1242 1143 1280 fortunam
1166 1246 1439 1294 temptaturos.
1479 1236 1565 1277 Hac
1586 1249 1654 1291 spe
1676 1235 1701 1276 3

170 1312 301 1364 lapsus
323 1308 614 1350 Indutiomarus
637 1309 758 1350 nihilo
780 1309 910 1349 minus
932 1309 1066 1363 copias
1089 1321 1250 1362 cogere,
1277 1320 1486 1354 exercere,
1526 1319 1548 1346 a
1570 1303 1656 1345 fini-

171 1379 287 1419 tumis
312 1392 432 1431 equos
455 1392 619 1432 parare,
644 1377 784 1417 exules
808 1377 1090 1429 damnatosque
1111 1383 1193 1416 tota
1215 1374 1345 1416 Gallia
1367 1374 1520 1428 magnis
1543 1385 1656 1426 prae-

170 1447 258 1487 miis
282 1447 330 1486 ad
351 1460 394 1487 se
416 1446 573 1486 allicere
597 1445 740 1499 coepit.
792 1443 855 1484 Ac
877 1452 1026 1485 tantam
1049 1444 1123 1485 sibi
1143 1444 1219 1484 iam
1241 1444 1301 1484 his
1323 1443 1442 1483 rebus
1464 1442 1503 1482 in
1527 1439 1657 1481 Gallia
1677 1438 1704 1482 4

171 1515 447 1555 auctoritatem
471 1520 782 1567 comparauerat,
807 1520 846 1553 ut
870 1513 1041 1566 undique
1064 1513 1113 1552 ad
1135 1527 1220 1553 eum
1244 1511 1462 1565 legationes
1490 1522 1657 1549 concur-

170 1589 327 1632 rerent,
373 1582 541 1636 gratiam
583 1588 698 1634 atque
730 1581 940 1622 amicitiam
974 1581 1125 1635 publice
1156 1580 1415 1634 priuatimque
1457 1583 1654 1632 peterent.

170 1649 249 1692 Vbi
270 1650 470 1690 intellexit
490 1649 594 1689 ultro
617 1650 664 1689 ad
686 1663 728 1690 se
750 1650 902 1699 ueniri,
937 1649 1062 1689 altera
1084 1663 1136 1689 ex
1159 1656 1271 1702 parte
1293 1646 1475 1688 Senones
1499 1643 1654 1686 Carnu·
1675 1643 1731 1688 56

170 1725 309 1772 tesque
322 1717 566 1758 conscientia
589 1717 775 1758 facinoris
796 1717 994 1771 instigari,
1020 1718 1147 1757 altera
1158 1715 1338 1757 Neruios
1349 1714 1658 1766 Aduatucosque

169 1786 313 1827 bellum
335 1785 527 1826 Romanis
550 1800 712 1840 parare,
749 1799 875 1838 neque
906 1785 981 1826 sibi
1013 1784 1324 1825 uoluntariorum
1349 1784 1481 1837 copias
1505 1783 1656 1831 defore,

172 1854 205 1894 si
228 1868 280 1894 ex
301 1854 442 1894 finibus
466 1854 548 1894 suis
571 1855 755 1909 progredi
778 1854 999 1907 coepisset,
1037 1861 1231 1894 armatum
1263 1852 1471 1893 concilium
1503 1850 1655 1891 indicit.

171 1921 258 1962 Hoc
281 1937 388 1963 more
412 1920 616 1963 Gallorum
651 1930 712 1963 est
741 1923 894 1963 initium
915 1922 1031 1963 belli:
1067 1937 1142 1976 quo
1174 1922 1262 1975 lege
1294 1920 1490 1961 communi
1521 1931 1657 1959 omnes
1678 1917 1707 1958 2

172 1989 338 2045 puberes
360 1991 500 2032 armati
521 1991 736 2033 conuenire
759 1997 1024 2042 consuerunt,
1062 1990 1128 2044 qui
1160 2003 1212 2031 ex
1232 1990 1280 2031 iis
1302 1987 1542 2030 nouissimus
1565 2001 1659 2028 con-

172 2161 254 2194 belli
272 2162 303 2194 B
321 2162 419 2195 ‘mss.
433 2163 624 2206 plerz'que',
646 2163 728 2195 belli
747 2163 920 2196 inferendi
941 2163 989 2204 (e)
1007 2173 1043 2195 u.
1184 2163 1199 2195 1
1221 2158 1434 2203 tantamque]
1453 2164 1610 2201 tanquam
1626 2159 1658 2191 b.

318 2215 470 2246 omnibus
489 2216 705 2247 uoluntatuin
722 2216 755 2247 A
765 2215 830 2258 (B)
847 2216 874 2247 C
892 2215 1125 2256 (uoluntatem
1154 2217 1189 2245 et
1214 2215 1426 2257 uoluptatem
1446 2215 1482 2243 in
1500 2211 1587 2243 aliis
1607 2213 1660 2242 ιἠ-

174 2267 277 2297 uenz't
294 2265 411 2306 0ud.),
434 2266 580 2298 omnium
600 2267 788 2299 uoluntatis
808 2277 828 2298 a
843 2268 860 2298 b
873 2278 915 2298 ce
932 2266 1172 2299 Flodoardus.
1360 2264 1660 2297 commutationum

175 2318 224 2358 A,
246 2319 611 2362 commutationemque
629 2320 676 2351 D.
817 2321 838 2355 2
857 2319 991 2351 Heduos
1009 2318 1252 2351 Flodoardus.
1393 2318 1415 2349 4
1433 2315 1560 2349 Gallici
1579 2315 1661 2347 belli

175 2370 234 2411 (B)
257 2372 350 2404 ‘mssa
373 2371 514 2413 omncs',
536 2372 618 2404 belli
639 2371 764 2404 Gallici
781 2371 1021 2404 Flodoardus.
1225 2371 1242 2403 6
1264 2370 1350 2412 quod
1371 2369 1415 2409 ei,
1436 2368 1492 2410 qui
1510 2368 1540 2399 B
1558 2370 1595 2398 et
1609 2369 1663 2398 ,ςὶσ

180 2421 251 2452 ‘uel
267 2421 300 2452 hi
319 2423 377 2454 uel
392 2422 428 2462 ii,
449 2423 506 2464 qui
523 2422 689 2464 reliqui}
710 2423 797 2465 quod
817 2422 873 2464 qui
894 2423 911 2454 b
924 2422 1016 2454 ede.
1158 2422 1179 2454 8
1197 2431 1215 2453 a
1233 2420 1356 2463 populo
1377 2419 1525 2452 Romano
1543 2417 1660 2450 ABD

179 2475 230 2511 et,
251 2476 368 2513 quiea
383 2484 451 2515 pro
471 2484 503 2515 a,
526 2475 575 2514 C,·
595 2474 709 2516 populi
729 2474 869 2505 Romani
889 2485 905 2505 e
923 2473 1050 2506 Aldus.
1192 2473 1210 2505 9
1230 2472 1373 2505 Treueri
1392 2471 1435 2503 B.
1576 2479 1660 2500 uero

179 2534 246 2555 om.
269 2524 299 2555 b.
437 2525 688 2558 Indutiomarus
708 2525 781 2566 (B),
804 2525 1060 2557 induciomarus
1080 2535 1114 2556 u.
1265 2524 1305 2557 10
1324 2523 1453 2555 Renum
1472 2522 1516 2554 B.

180 2574 215 2607 11
239 2584 358 2615 magna
376 2586 417 2608 ex
434 2582 530 2619 parte
552 2577 589 2609 C.
737 2577 776 2609 14
797 2575 1086 2608 Thinctherorum
1102 2576 1132 2608 B
1148 2579 1183 2607 et
1199 2578 1252 2607 sic
1268 2578 1334 2607 aut
1353 2573 1660 2606 ‘Teneatherorum

180 2628 260 2657 vect.
280 2626 376 2657 mss)
515 2629 554 2661 15
575 2629 837 2670 temptaturosB
856 2632 890 2660 et
907 2631 960 2660 sie
976 2629 1036 2660 uel
1055 2633 1245 2660 tentaturos
1265 2639 1281 2659 e
1300 2631 1334 2659 el
1353 2627 1506 2667 reliqui,
1528 2629 1662 2656 tentan-

180 2677 293 2707 dama
307 2677 363 2708 bc.
501 2689 541 2711 ac
560 2690 619 2722 spe
637 2680 680 2712 B.
823 2680 863 2713 16
883 2679 1133 2711 Indutiomarus
1153 2679 1227 2721 (B),
1248 2679 1506 2711 induciomarus
1526 2686 1560 2707 u.

181 2726 356 2769 exercere]
376 2737 519 2761 exarare
536 2730 581 2762 D.
722 2731 885 2763 finitumis
902 2732 935 2763 A
945 2732 991 2763 D.
1162 2731 1201 2763 18
1221 2731 1272 2762 his
1291 2731 1322 2762 B
1340 2730 1418 2762 edd.
1432 2731 1597 2771 priores,
1618 2726 1660 2757 iis

180 2780 219 2811 P.
240 2779 425 2811 Manutius
443 2790 478 2813 u.
617 2783 660 2817 22
679 2782 845 2824 instigare
862 2784 937 2816 Ac.
1077 2784 1120 2819 24
1140 2782 1265 2815 indixit
1284 2783 1301 2814 b
1315 2793 1344 2814 e.
1485 2782 1526 2815 25
1542 2779 1660 2810 initum

181 2830 305 2861 bellum
323 2830 369 2862 D.
509 2833 594 2874 quod
614 2832 689 2874 lege
710 2834 727 2865 b
740 2844 769 2865 e.
910 2834 953 2869 26
966 2833 1114 2876 puberes
1134 2834 1256 2866 armati
1275 2844 1309 2874 e,
1331 2833 1475 2875 puberes
1494 2830 1660 2863 etarmati

183 2881 210 2913 15
230 2882 324 2913 ‘mss.
350 2880 414 2913 12³.
576 2887 800 2925 consuerunt]
817 2890 985 2926 coguntur
1003 2896 1033 2918 e.
1197 2884 1359 2917 conuenit
1376 2883 1447 2916 AB
1461 2882 1489 2915 C
1508 2883 1540 2916 ⁴9
1559 2881 1657 2923 alcl',
