1835 3240
688 186 797 191 ——-
867 160 943 201 170
1003 183 1113 188 ——-

163 291 206 317 se
229 277 420 331 angustiis
439 277 496 317 rei
518 277 801 316 frumentariae
822 275 1027 316 adductum
1046 272 1247 313 discedere
1262 271 1509 311 simulauisse
1523 283 1648 322 neque

165 345 282 398 longe
313 359 562 400 progressum
592 358 744 384 omnem
775 346 993 383 exercitum
1025 342 1065 382 in
1096 340 1248 381 insidiis
1278 341 1508 380 collocasse.
1551 336 1648 377 Inde

168 425 264 466 quae
287 413 503 466 excipiunt,
528 413 583 453 ita
606 413 786 452 eduntur:
817 409 964 464 ‘Scipio
987 410 1033 449 ad
1055 409 1293 462 sequendum
1316 414 1474 461 paratus
1498 406 1648 459 equita-

165 487 245 520 tum
269 495 526 534 magnamque
558 488 709 534 partem
732 480 829 520 lenis
853 485 1074 518 armaturae
1095 478 1143 517 ad
1166 477 1448 531 explorandum
1472 475 1548 515 iter
1568 473 1650 514 Do-

166 548 265 588 mitii
296 556 333 588 et
367 549 679 603 cognoscendum
711 546 928 601 praemisit.
973 544 1050 598 Qui
1081 560 1166 585 cnm
1198 550 1331 584 essent
1352 543 1549 597 progressi
1573 541 1651 595 pri-

167 629 329 669 maeque
361 624 510 655 turmae
540 615 702 656 insidias
733 614 1018 662 intrauissent,
1059 627 1110 654 ex
1138 612 1294 653 fremitu
1325 624 1511 663 equorum
1543 609 1653 648 illata

168 684 391 738 suspicione
414 685 460 723 ad
483 697 575 723 suos
599 697 642 723 se
665 683 844 736 recipere
867 688 1096 735 coeperunt,
1121 681 1262 733 quique
1286 680 1355 719 hos
1370 677 1649 731 sequebantur,

171 752 339 792 celerem
363 765 497 791 eorum
521 758 720 804 receptum
740 749 955 803 conspicati
973 749 1221 789 restiterunt.
1256 747 1396 787 Nostri
1412 744 1581 799 cognitis
1594 745 1655 784 in-

170 818 296 868 sidiis,
323 833 370 859 ne
394 820 537 859 frustra
558 819 729 871 reliquos
753 823 1036 870 expectarent,
1069 818 1162 857 duas
1186 816 1290 856 nacti
1314 815 1481 855 hostium
1507 820 1654 853 turmas

172 887 444 940 exceperunt'.
480 886 628 928 Verum
651 887 772 927 uerba
793 886 861 926 illa
894 885 1005 925 ‘leuis
1028 885 1272 925 armaturae'
1304 884 1344 923 in
1375 882 1480 923 nullo
1503 880 1654 930 codice,

173 954 219 994 de
242 969 316 1007 quo
341 954 494 1008 quidem
516 961 686 1003 constet,
720 953 929 1006 leguntur:
964 953 1003 992 in
1032 951 1276 993 Louaniensi
1307 966 1376 1006 pro
1409 951 1457 991 iis
1486 950 1656 1004 positum

174 1028 232 1061 est
257 1023 507 1062 ‘exereitus'.
533 1021 677 1075 Neque
699 1022 738 1062 in
760 1022 824 1071 iis,
851 1035 948 1074 quae
962 1027 1196 1073 sequuntur,
1222 1021 1321 1061 aliae
1344 1020 1479 1073 copiae
1503 1024 1659 1072 praeter

174 1089 322 1142 equites
347 1098 719 1130 commemorantur.
763 1087 900 1142 Itaque
935 1094 944 1111 ‘
960 1088 1133 1141 equitum
1156 1103 1335 1141 magnam
1358 1087 1527 1141 partem'
1562 1086 1660 1126 scri-

174 1164 279 1211 ptum
302 1159 398 1208 fuit,
425 1166 464 1200 et
486 1166 700 1213 peruagato
724 1171 860 1198 errore
883 1158 1027 1197 factum
1052 1162 1126 1206 est,
1161 1164 1202 1196 ut
1226 1171 1276 1197 ex
1301 1155 1503 1210 ‘equitum'
1527 1155 1658 1195 effice-

174 1233 285 1266 retur
309 1226 569 1280 ‘equitatum’.
604 1225 759 1267 Deinde
782 1226 828 1266 ad
851 1225 1159 1278 coniungendam
1176 1224 1392 1264 orationem
1408 1223 1661 1276 sequentibus

174 1295 306 1335 uerbis
338 1295 474 1349 copula
508 1295 662 1335 adiecta
693 1301 767 1334 est.
812 1292 926 1346 Quod
960 1300 1088 1332 autem
1123 1293 1222 1332 infra
1252 1292 1380 1331 editur
1412 1293 1525 1332 ‘duas
1556 1291 1661 1331 nacti

177 1363 344 1403 hostium
377 1363 555 1411 turmas',
591 1363 684 1402 illud
722 1361 939 1401 ‘hostium'
973 1361 1012 1400 in
1036 1360 1214 1400 omnibus
1247 1360 1358 1399 codd.
1394 1358 1663 1412 superioribus

177 1431 309 1471 uerbis
335 1432 529 1485 ‘cognitis
560 1431 735 1471 insidiis'
768 1430 1043 1484 interpositum
1074 1435 1148 1468 est.
1203 1426 1320 1468 Falso
1350 1427 1471 1479 igitur
1500 1425 1552 1466 ibi
1583 1439 1665 1465 ma-

177 1499 302 1551 gister
334 1500 630 1548 declarauerat‚
667 1499 777 1539 cuius
800 1498 967 1538 insidiae
990 1497 1171 1551 cognitae
1194 1495 1443 1544 dicerentur,
1477 1502 1665 1548 recteque

177 1566 437 1608 vascosanus
461 1574 500 1608 et
522 1567 586 1607 alii
611 1567 745 1606 hostes
769 1566 983 1606 eiecerant.

293 1633 369 1675 Cn.
394 1635 606 1688 Pompeius
639 1635 756 1684 filius,
784 1649 869 1674 eum
893 1633 939 1672 ad
963 1630 1125 1673 OrICum
1149 1645 1233 1670 cum
1259 1631 1384 1671 classe
1411 1631 1603 1679 uenisset,
1629 1637 1669 1670 et

179 1718 320 1744 nauem
343 1704 381 1743 in
403 1705 566 1744 introitu
589 1711 723 1758 portus
746 1703 911 1755 positam
936 1699 1174 1754 expugnauit
1201 1706 1236 1737 et
1261 1699 1394 1739 eodem
1419 1707 1594 1751 tempore
1617 1712 1669 1737 ex

179 1771 304 1811 altera
337 1780 448 1825 parte
480 1773 646 1812 nauibus
679 1770 781 1810 mole
811 1769 974 1825 quadam
1006 1767 1180 1807 traiectis
1212 1767 1251 1806 in
1285 1772 1434 1818 portum
1469 1765 1665 1819 peruenit.

180 1837 316 1880 Verba
339 1855 373 1880 c.
398 1838 468 1886 40,
492 1838 534 1888 4,
559 1839 698 1892 quibus
722 1836 917 1892 posterior
939 1849 1002 1875 res
1027 1835 1263 1883 declaratur,
1302 1834 1342 1873 in
1364 1834 1489 1874 tribus
1512 1832 1669 1887 optimis

181 1908 420 1960 totidemque
443 1907 703 1948 deterioribus
726 1905 838 1946 codd.
854 1904 907 1943 ita
929 1904 1074 1956 scripta
1099 1909 1216 1942 sunt:
1245 1903 1474 1955 ‘eodemque
1495 1908 1670 1955 tempore

182 1989 237 2016 ex
257 1975 382 2015 altera
405 1982 512 2029 parte
535 1975 674 2015 molem
698 1974 824 2015 tenuit
846 1971 1063 2012 naturalem
1087 1971 1305 2019 obiectam,
1345 1984 1444 2023 quae
1467 1982 1589 2023 paene
1611 1968 1670 2007 in-

182 2043 307 2083 sulam
338 2044 518 2098 oppidum
551 2043 759 2091 effecerat,
793 2039 852 2081 IV
873 2040 1042 2080 biremes
1074 2038 1259 2078 subiectis
1291 2037 1454 2077 scutulis
1486 2035 1671 2090 impulsas

183 2111 363 2151 uectibus
394 2112 434 2152 in
468 2111 697 2152 interiorem
729 2116 877 2163 partem
911 2106 1123 2147 traduxit'.
1169 2104 1295 2145 Situm
1326 2105 1465 2144 horum
1496 2104 1672 2143 locorum

182 2185 291 2218 recte
313 2179 529 2219 declarauit
551 2176 804 2219 Ciacconius.
848 2175 915 2216 Ex
938 2173 1125 2216 Caesaris
1155 2174 1257 2213 enim
1285 2172 1418 2212 uerbis
1439 2172 1675 2225 perspicitur

184 2246 430 2300 peninsulam
461 2262 481 2287 a
514 2247 743 2287 continente
774 2245 1089 2299 procucurrisse,
1122 2242 1176 2281 ita
1199 2248 1243 2281 ut
1265 2247 1379 2294 caput
1401 2239 1500 2289 eius,
1538 2238 1575 2278 in
1599 2250 1673 2290 quo

186 2315 364 2368 oppidum
379 2314 539 2356 Oricum
563 2315 730 2369 positum
754 2322 852 2363 erat,
878 2310 1094 2353 continenti
1116 2322 1253 2349 rursus
1267 2308 1612 2362 appropinquaret,
1639 2311 1678 2345 et

187 2382 342 2422 obiectu
365 2384 592 2436 peninsulae
616 2389 752 2437 portus
774 2387 944 2436 angusto
967 2378 1133 2419 introitu
1156 2377 1393 2417 efficeretur.
1430 2373 1563 2414 Prima
1585 2387 1675 2426 pars

187 2450 434 2504 peninsulae‚
461 2466 534 2506 qua
555 2448 1038 2496 continenticohaerebat,
1064 2446 1186 2485 moles
1208 2441 1419 2484 aCaesare
1442 2442 1673 2496 appellatur.

189 2516 484 2560 confirmantur
507 2520 601 2559 haec
623 2517 739 2558 Plinii
763 2518 856 2558 hist.
880 2523 958 2556 nat.
980 2513 1034 2564 II,
1060 2512 1130 2563 89,
1155 2511 1237 2553 204
1263 2510 1501 2564 ‘Epidaurus
1525 2518 1562 2550 et
1585 2506 1678 2549 Ori-

190 2601 274 2627 cum
315 2588 466 2629 insulae
506 2601 594 2628 esse
626 2585 865 2634 desierunt',
908 2597 1006 2636 quae
1038 2581 1161 2621 uerba
1199 2577 1437 2619 Ciacconius
1475 2576 1674 2630 ascripsit.

188 2652 230 2695 Is
261 2668 382 2706 uero,
429 2670 516 2696 cum
556 2655 687 2708 inepte
719 2653 925 2700 ederetur,
971 2657 1014 2690 ut
1045 2649 1254 2689 etiamnum
1285 2647 1351 2695 fit,
1401 2651 1514 2698 ‘quae
1554 2657 1678 2697 paene

188 2722 357 2763 insulam
389 2731 530 2764 contra
560 2722 741 2776 oppidum
774 2718 986 2767 effecerat',
1022 2716 1252 2757 coniectura
1280 2715 1317 2754 id
1350 2713 1476 2767 ipsum
1507 2711 1676 2759 inuenit,

190 2791 290 2843 quod
313 2804 364 2831 ex
386 2792 539 2846 optimis
563 2790 673 2831 codd.
699 2802 817 2843 supra
840 2786 967 2841 posui,
1002 2784 1079 2825 nisi
1101 2784 1201 2837 quod
1222 2789 1329 2823 recte
1351 2788 1557 2835 praeterea
1580 2779 1680 2818 ‘effi-

191 2857 331 2899 ciebat'
362 2859 568 2914 legendum
602 2856 747 2913 dixitz's
759 2853 1180 2911 plusquamperfectum
1213 2851 1315 2891 enim
1346 2848 1516 2904 positum
1537 2853 1598 2887 est
1629 2845 1675 2886 ab
