1835 3240
85 171 169 212 650
609 170 776 211 BELLI
798 169 1212 227 ALEXANDfflNI,

88 284 150 328 48
277 282 327 323 lis
357 290 486 324 autem
511 284 772 337 temporibus,
807 282 946 335 quibus
970 280 1125 323 Caesar
1146 284 1192 323 ad
1214 282 1505 339 Dyrrhachium
1528 284 1645 325 Pom-

162 351 289 405 peium
313 351 517 392 obsidebat
537 350 882 403 etPalaepliarsali
901 363 981 389 rem
1002 351 1168 390 feliciter
1185 351 1645 404 gerebatAlexandriae-

163 433 237 472 que
268 433 354 460 cum
386 418 558 472 periculo
592 431 731 471 magno
765 424 843 456 tum
877 418 992 457 etiam
1015 417 1164 458 maiore
1186 418 1347 471 perIculi
1371 420 1469 460 fama
1487 421 1646 460 dimica-

161 486 243 537 bat,
269 484 321 539 Q.
348 484 511 526 Cassius
534 483 743 539 Longinus
769 485 807 524 in
830 483 1020 538 Hispania
1046 499 1114 539 pro
1137 492 1319 540 praetore
1343 488 1564 538 prouinciae
1587 489 1645 528 ul-

163 555 319 595 terioris
351 553 586 606 optinendae
614 566 732 592 causa
762 552 923 592 relictus
951 553 1036 592 siue
1058 553 1342 593 consuetudine
1364 561 1527 594 naturae
1549 569 1643 595 snae

164 622 249 662 siue
272 622 376 670 odio,
395 620 494 674 qnod
516 620 555 659 in
578 620 681 660 illam
706 619 948 673 prouinciam
972 628 1203 674 susceperat
1224 628 1408 674 quaestor
1427 635 1475 661 ex
1497 622 1647 662 insidiis

115 690 142 731 2
163 689 215 730 ibi
248 689 475 729 uulneratus
490 718 500 738 ,
532 701 694 742 magnas
725 687 801 727 odii
824 688 883 727 sui
907 688 1056 728 fecerat
1076 689 1326 728 accessiones
1343 719 1353 738 ,
1388 689 1489 741 quod
1512 689 1575 729 uel
1596 703 1647 729 ex

164 756 406 798 conscientia
429 769 514 805 sua,
536 770 622 795 cum
646 756 691 795 de
713 768 756 795 se
779 762 911 795 mutuo
934 755 1084 796 sentire
1106 757 1347 809 prouinciam
1372 757 1567 806 crederet,
1584 757 1648 796 uel

163 824 296 865 multis
327 823 450 877 signis
482 830 520 864 et
555 823 792 864 testimoniis
816 837 976 873 eorum,
1009 823 1071 876 qui
1095 824 1299 865 difficulter
1320 824 1408 864 odia
1431 823 1648 864 dissimula-

164 892 281 941 bant,
315 892 484 932 animum
509 891 717 932 aduertere
739 898 918 945 poterat,
944 898 982 932 et
1005 905 1259 945 compensare
1282 892 1538 932 offensionem
1561 904 1650 944 pro-

117 958 142 999 3
164 960 316 1000 uinciae
347 959 545 999 exercitus
577 973 710 999 amore
740 959 933 1014 cupiebat.
979 958 1139 1012 Itaque,
1174 974 1259 999 cum
1283 959 1447 1012 primum
1470 958 1510 998 in
1532 973 1650 998 unum

164 1029 290 1068 locum
316 1028 534 1067 exercitum
558 1027 774 1075 conduxit,
809 1027 1017 1067 sestertios
1040 1034 1229 1068 centenos
1252 1027 1437 1067 militibus
1460 1033 1520 1066 est
1541 1026 1652 1080 polli-

116 1095 142 1135 4
165 1095 264 1136 citus
287 1109 359 1136 nec
381 1095 503 1135 multo
524 1102 626 1149 post,
645 1109 731 1135 cum
753 1095 793 1135 in
808 1093 1019 1136 Lusitania
1032 1094 1316 1149 Medobregam
1339 1094 1518 1148 oppidum
1541 1107 1650 1133 mon-

165 1171 318 1216 temque
341 1162 587 1204 Herminium
610 1170 892 1217 expugnasset,
917 1178 991 1216 quo
1015 1162 1351 1215 Medobregenses
1374 1162 1648 1214 confugerant,

163 1231 293 1284 ibique
315 1231 532 1285 imperator
554 1238 661 1271 esset
683 1232 913 1284 appellatus,
944 1230 1140 1270 sestertiis
1164 1229 1340 1270 centenis
1363 1228 1506 1268 milites
1530 1229 1649 1267 dona-

116 1299 141 1340 5
164 1299 234 1338 uit.
279 1297 404 1338 Multa
427 1304 631 1351 praeterea
656 1305 695 1337 et
715 1312 858 1353 magna
880 1298 1052 1352 praemia
1076 1297 1241 1352 singulis
1264 1295 1527 1346 concedebat,
1552 1309 1650 1348 quae

166 1365 385 1420 speciosum
407 1366 623 1406 reddebant
634 1373 880 1419 praesentem
899 1366 1101 1406 exercitus
1116 1379 1306 1413 amorem,
1322 1363 1502 1418 paulatim
1524 1370 1653 1403 tamen

89 1433 147 1478 49
167 1441 206 1475 et
236 1434 389 1474 occulte
418 1434 628 1474 militarem
650 1434 890 1487 disciplinam
915 1433 1244 1488 seueritatemque
1265 1432 1509 1472 minuebant.
1553 1428 1652 1471 Cas-

164 1502 246 1543 sius
268 1502 487 1556 legionibus
510 1503 550 1542 111
572 1503 735 1543 hiberna
760 1502 956 1556 dispositis
982 1502 1029 1542 ad
1051 1502 1111 1542 ius
1135 1501 1338 1542 dicendum
1363 1497 1587 1539 Cordubam
1610 1512 1653 1538 se

164 1571 316 1625 recepit
337 1578 660 1624 contractumque
682 1571 722 1610 in
745 1584 789 1612 ea
813 1584 880 1610 aes
903 1569 1071 1610 alienum
1094 1569 1338 1624 grauissimis
1362 1567 1545 1608 oneribus
1563 1580 1652 1620 pro-

166 1640 318 1680 uinciae
341 1639 547 1679 constituit
569 1639 805 1691 exsoluere,
830 1646 870 1678 et
890 1645 933 1678 ut
954 1638 1175 1692 largitionis
1198 1638 1369 1692 postulat
1391 1634 1649 1683 consuetudo,

166 1721 236 1761 per
269 1722 426 1748 causam
459 1707 706 1748 liberalitatis
741 1707 961 1760 speciosam
993 1707 1102 1760 plura
1136 1705 1314 1760 largitori
1347 1703 1650 1757 quaerebantur.

118 1774 146 1815 2
165 1773 365 1816 Pecuniae
388 1775 648 1829 locupletibus
670 1774 985 1828 imperabantur,
1012 1788 1107 1827 quas
1130 1772 1336 1826 Longinus
1359 1771 1431 1811 sibi
1455 1782 1652 1823 expensas

166 1843 260 1884 ferri
283 1858 359 1883 non
384 1851 531 1883 tantum
555 1843 789 1897 patiebatur,
808 1842 877 1882 scd
900 1841 1017 1882 etiam
1041 1842 1222 1896 cogebat,
1239 1841 1279 1880 in
1303 1852 1461 1893 gregem
1484 1836 1654 1890 locuple-

117 1910 143 1951 3
166 1911 260 1951 tium
293 1912 549 1952 simultatium
584 1925 699 1951 causa
723 1917 861 1950 tenues
885 1910 1182 1950 coniciebantur
1198 1940 1207 1958 ,
1241 1921 1364 1960 neque
1389 1906 1508 1946 ullum
1531 1917 1654 1958 genus

165 1987 352 2033 quaestus
384 1987 451 2020 aut
481 1980 610 2033 magni
641 1985 679 2019 et
701 1978 895 2018 euidentis
918 1984 984 2017 aut
1006 1977 1152 2017 minimi
1176 1983 1215 2017 et
1236 1974 1382 2015 sordidi
1406 1973 1653 2027 praetermit-

115 2047 141 2087 4
163 2047 344 2098 tebatur,
377 2062 450 2100 quo
482 2048 618 2087 domus
654 2054 692 2087 et
715 2045 886 2086 tribunal
908 2045 1154 2099 imperatoris
1177 2049 1353 2084 uacaret.
1396 2040 1526 2081 Nemo
1550 2046 1649 2089 erat,

165 2117 229 2168 qui
260 2117 374 2156 modo
397 2116 563 2169 aliquam
585 2116 777 2156 iacturam
800 2115 931 2154 facere
953 2120 1111 2167 posset,
1146 2112 1237 2165 quin
1260 2118 1327 2151 aut
1351 2108 1572 2149 uadimonio
1597 2115 1653 2147 te-

117 2183 141 2224 5
165 2192 348 2235 neretur,
382 2192 449 2225 aut
470 2185 510 2224 111
532 2197 622 2224 reos
641 2183 876 2223 referretur.
922 2181 979 2221 Ita
1004 2194 1142 2235 magna
1166 2180 1281 2220 etiam
1305 2176 1526 2217 sollicitudo
1551 2174 1651 2228 peri-

165 2253 341 2293 culorum
383 2253 428 2293 ad
472 2253 642 2292 iacturas
685 2258 722 2291 et
760 2250 992 2289 detrimenta
1025 2249 1081 2289 rei
1115 2246 1315 2287 familiaris
1349 2243 1649 2296 adiungebatur.

91 2321 151 2365 50
166 2318 317 2373 Quibus
341 2321 386 2360 de
409 2321 538 2360 causis
561 2318 718 2369 accidit,
744 2325 801 2368 ut,
822 2332 908 2358 cum
927 2317 1133 2371 Longinus
1155 2316 1369 2369 imperator
1391 2311 1523 2352 eadem
1551 2311 1652 2349 face-

164 2395 238 2438 ret,
267 2402 365 2442 quae
390 2390 536 2429 fecerat
557 2394 759 2441 quaestor,
785 2387 926 2427 similia
948 2400 1085 2426 rursus
1108 2385 1154 2424 de
1177 2389 1303 2423 morte
1325 2381 1408 2421 eius
1431 2378 1652 2432 prouincia-

311 2504 321 2535 l
345 2503 372 2534 is
392 2513 425 2533 α.
596 2503 615 2534 4
636 2501 675 2543 Q.
698 2502 715 2532 b
735 2501 767 2541 d,
791 2512 875 2543 quac
896 2511 915 2532 a
936 2512 962 2531 e.
1120 2501 1137 2529 Γ)
1158 2497 1362 2540 optinendae
1382 2506 1415 2525 a.
1575 2492 1591 2523 7
1612 2502 1652 2522 cx

161 2565 229 2586 om.
253 2555 283 2585 Ι).
438 2555 456 2585 9
476 2554 591 2584 multis
611 2554 662 2593 (α)
683 2554 700 2584 b
720 2564 749 2591 c,
771 2554 872 2584 mutis
892 2553 926 2584 d.
1068 2550 1331 2582 dissimulabant
1350 2558 1366 2577 e
1384 2547 1403 2576 *2
1425 2546 1531 2584 duct„
1554 2543 1653 2575 dissi-

161 2611 289 2642 mulant
309 2610 453 2650 reliqui.
610 2609 649 2640 10
669 2608 814 2639 animum
834 2608 1015 2639 aduertere
1034 2618 1053 2637 α
1075 2608 1105 2643 b,
1127 2617 1193 2638 non
1215 2603 1385 2636 animadu.
1544 2600 1584 2631 12
1602 2609 1654 2630 se-

161 2662 301 2695 stertios
320 2660 498 2702 centenos]
520 2671 568 2692 se.
602 2662 620 2691 11
638 2671 654 2691 c
673 2670 693 2691 α
714 2662 731 2690 b
751 2670 778 2688 (·.
931 2664 982 2690 est
1001 2669 1068 2690 om.
1092 2660 1120 2690 b.
1269 2657 1305 2688 13
1327 2659 1400 2697 post
1419 2664 1491 2685 cum
1511 2652 1651 2690 Aldus-3

161 2718 237 2756 post
255 2723 352 2755 quum
374 2714 424 2752 (a)
445 2715 470 2744 Σ).
492 2716 668 2754 postquam
692 2712 788 2742 (11133.
809 2713 880 2741 mei
897 2710 1039 2741 omnes'.
1198 2708 1229 2738 in
1251 2705 1443 2746 Lusitania]
1464 2704 1653 2735 illus-itania

161 2776 194 2796 a.
339 2765 379 2796 '14
398 2763 677 2802 Medobrigenses
697 2773 730 2793 α.
876 2762 914 2793 15
934 2766 1024 2792 essct
1043 2771 1110 2792 um.
1133 2771 1151 2790 a
1173 2771 1200 2791 c.
1347 2757 1520 2789 sestertiis
1540 2760 1655 2787 cente-

163 2821 230 2861 nis]
252 2812 282 2852 111
304 2832 320 2852 c
340 2831 371 2852 α.
531 2820 570 2852 18
588 2819 763 2851 minuebat
782 2829 801 2849 α
823 2818 918 2849 ‘'iess.
940 2817 983 2849 6³.
1142 2817 1177 2848 lt»
1198 2815 1350 2847 hibernia
1372 2824 1403 2845 (ι.
1558 2812 1596 2846 21
1621 2817 1655 2843 ut

163 2877 197 2904 ct
216 2883 250 2903 a.
425 2872 467 2903 ⁵22
488 2871 630 2913 plurima
652 2870 683 2900 b.
846 2869 888 2899 ‘25
908 2868 1130 2898 simultatium
1150 2877 1170 2898 (ι
1190 2877 1219 2905 c,
1241 2866 1451 2897 simultatum
1473 2874 1507 2894 u.

1686 898 1724 931 10

1684 1235 1723 1267 15

1683 1573 1726 1606 20

1685 1910 1728 1944 25

1685 2248 1726 2280 30

163 2934 265 2956 causa
286 2934 306 2955 (ι
321 2924 351 2963 b,
373 2933 497 2954 causac
519 2932 551 2953 η.
572 2921 613 2953 Ρ.
632 2920 708 2953 197.
851 2920 893 2951 26
914 2919 1092 2960 quaestius
1111 2929 1144 2949 a.
1288 2922 1346 2949 aut
1365 2914 1533 2948 euidentis
1552 2924 1571 2945 α
1589 2914 1606 2944 b
1626 2924 1653 2943 c.
1697 2952 1705 2956 ἰ

309 2973 673 3016 praeterinittebautur
690 2982 710 3003 ιι
732 2972 762 3003 b.
903 2970 945 3002 ‘27
970 2975 1028 3002 aut
1048 2970 1197 3001 tribunal
1216 2980 1244 3001 c.
