1835 3240
63 927 104 961 10

64 1268 103 1301 15

700 193 894 239 CAPVT
925 193 950 236 3
961 219 1015 225 --
1025 193 1067 235 6.
1617 192 1701 236 667

141 309 295 366 agendi,
324 309 358 350 si
380 314 515 362 posset
536 308 665 362 aliqua
687 309 839 350 ratione
861 308 1022 363 perduci
1043 307 1091 349 ad
1113 306 1332 348 sanitatem.
1374 306 1510 361 Itaque
1533 308 1623 350 data
1642 309 1671 351 2

140 378 322 419 facultate
353 376 507 417 litteras
531 377 746 418 conscribit
767 385 805 418 et
826 391 892 418 eas
917 377 1071 430 captiuo
1095 376 1161 416 dat
1181 375 1432 430 perferendas
1454 376 1494 415 in
1517 377 1624 431 oppi-

141 446 228 486 dum
250 444 297 485 ad
320 441 567 485 Considium.
615 443 704 497 Quo
726 444 961 498 simulatque
982 444 1159 499 captiuus
1183 457 1268 483 cum
1290 443 1539 497 peruenisset
1559 445 1623 485 lit-
1645 444 1669 486 3

138 519 320 565 terasque
336 543 346 563 ,
370 519 413 552 ut
434 520 519 552 erat
539 513 787 562 mandatum,
814 510 1004 553 Considio
1026 512 1230 566 porrigere
1251 511 1472 565 coepisset,
1497 512 1625 564 prius-

144 595 256 634 quam
280 580 476 634 acciperet
496 580 576 631 ille,
605 580 750 630 ‘unde',
775 580 917 633 inquit,
945 579 1105 620 ‘istas?'
1138 579 1241 620 Tum
1265 579 1469 633 captiuus:
1489 578 1625 632 ‘impe-

137 655 271 690 ratore
301 662 323 688 a
357 647 562 690 Caesarc'.
614 646 729 688 Tunc
761 644 1000 698 Considius,
1028 653 1146 688 ‘unus
1169 648 1241 688 cst'
1259 678 1269 697 ,
1293 647 1445 700 inquit,
1473 643 1625 700 ‘Scipio
1646 646 1673 687 4

136 716 352 770 imperator
381 716 454 756 hoc
484 722 659 770 tempore
690 716 820 770 populi
842 714 1054 766 Romani',
1088 715 1228 755 deinde
1258 715 1298 755 in
1320 722 1531 769 conspectu
1552 728 1625 755 suo

139 784 272 825 statim
295 785 490 838 captiuum
513 784 682 825 interfici
704 784 810 824 iubet
833 783 1064 836 litterasque
1086 784 1257 823 nondum
1281 783 1498 837 perlectas,
1523 784 1627 824 sicut

137 859 252 893 erant
272 852 466 906 signatae,
491 852 557 892 dat
578 852 725 892 homini
748 858 858 892 certo
882 851 928 892 ad
951 849 1179 905 Scipionem
1201 852 1471 904 perferendas.
1511 849 1626 892 Post·
1647 851 1675 896 5

136 934 251 974 quam
282 934 360 960 una
389 927 504 961 nocte
535 927 574 961 et
604 921 666 961 die
695 921 744 961 ad
775 920 957 974 oppidum
989 926 1220 974 consumpta
1242 933 1370 973 neque
1391 933 1627 974 responsum

136 988 257 1029 ullum
279 1002 301 1028 a
323 985 512 1029 Considio
534 988 723 1036 dabatur,
756 1001 882 1041 neque
905 987 940 1027 ei
962 987 1139 1040 reliquae
1162 988 1299 1041 copiae
1320 987 1624 1038 succurrebant,

137 1070 263 1109 neque
294 1056 469 1108 equitatu
500 1055 723 1096 abundabat
753 1063 793 1096 et
823 1056 871 1096 ad
903 1055 1083 1110 oppidum
1106 1056 1405 1110 oppugnandum
1427 1070 1507 1095 non
1529 1055 1626 1096 satis

136 1124 333 1178 copiarum
364 1123 530 1165 habebat
562 1130 602 1164 et
633 1137 700 1164 eas
724 1123 893 1164 tironum
917 1137 1045 1176 neque
1067 1124 1192 1177 primo
1215 1124 1388 1164 aduentu
1410 1123 1627 1163 conuulne-

134 1192 217 1232 rari
248 1192 467 1232 exercitum
499 1191 678 1243 uolebat,
713 1198 753 1232 et
783 1191 911 1246 oppidi
942 1191 1104 1246 egregia
1131 1192 1293 1233 munitio
1325 1199 1365 1232 et
1394 1190 1557 1231 difficilis
1579 1191 1628 1231 ad

135 1260 432 1314 oppugnandum
457 1267 543 1300 erat
565 1273 749 1301 accessus
765 1266 840 1310 „et
861 1260 1117 1300 nuntiabatur
1137 1260 1287 1301 auxilia
1310 1273 1453 1313 magna
1475 1258 1627 1312 equita-

138 1335 198 1369 tus
221 1327 424 1382 oppidanis
446 1327 645 1382 suppetias
667 1327 819 1377 uenire,
844 1342 922 1368 non
944 1336 1004 1368 est
1025 1329 1111 1368 uisa
1132 1328 1234 1369 ratio
1254 1328 1301 1368 ad
1323 1326 1627 1382 oppugnandum

136 1396 315 1450 oppidum
339 1396 620 1447 commorandi,
646 1410 711 1447 ne,
738 1397 826 1436 dum
848 1396 888 1436 in
912 1410 957 1437 ea
978 1411 1022 1437 re
1045 1394 1200 1437 Caesar
1220 1403 1281 1437 est
1302 1402 1533 1449 occupatus,
1554 1394 1629 1434 cir-

137 1471 372 1505 cumuentus
402 1478 424 1504 a
454 1471 567 1518 tergo
599 1463 646 1504 ab
677 1465 851 1517 equitatu
884 1464 1054 1504 bostium
1077 1464 1291 1505 laboraret.
1334 1463 1471 1516 Itaque
1494 1469 1626 1503 castra
1645 1461 1673 1506 6

137 1547 222 1573 cum
245 1546 407 1573 mouere
430 1532 569 1582 uellet,
594 1531 722 1573 subito
745 1546 799 1573 ex
820 1533 959 1587 oppido
981 1534 1110 1587 erupit
1130 1533 1355 1582 multitudo,
1379 1538 1498 1584 atque
1520 1531 1627 1584 equi-

136 1607 241 1641 tatus
274 1600 448 1641 subsidio
479 1614 558 1641 uno
593 1607 769 1654 tempore
791 1601 849 1641 eis
872 1614 965 1642 casu
987 1601 1207 1651 succurrit,
1242 1600 1306 1654 qui
1329 1606 1415 1640 erat
1435 1599 1580 1640 missus
1602 1612 1626 1640 a

135 1667 231 1709 Iuba
251 1670 298 1710 ad
321 1669 555 1723 stipendium
578 1669 864 1722 accipiendum,
890 1677 1114 1723 castraque,
1139 1669 1244 1710 unde
1266 1666 1420 1709 Caesar
1441 1680 1626 1721 egressus

133 1736 209 1777 iter
240 1737 373 1777 facere
405 1744 613 1791 coeperat,
648 1745 843 1791 occupant
875 1744 915 1778 et
946 1738 1030 1778 eius
1064 1752 1204 1791 agmen
1227 1745 1450 1778 extremum
1471 1735 1627 1788 insequi

134 1811 365 1859 coeperunt.
419 1803 534 1858 Quae
563 1819 628 1846 res
659 1819 744 1845 cum
778 1805 1055 1846 animaduersa
1088 1813 1220 1855 esset,
1255 1806 1385 1846 subito
1419 1802 1675 1858 legionarii2

134 1873 376 1922 consistunt,
402 1881 442 1914 et
463 1874 616 1927 equites
634 1903 644 1923 ,
670 1887 898 1927 quamquam
924 1881 1040 1914 erant
1060 1874 1199 1927 pauci,
1225 1881 1357 1915 tamen
1380 1880 1519 1914 contra
1541 1879 1627 1913 tan-

56 1948 98 1983 25
130 1948 209 1981 tam
232 1941 517 1982 multitudinem
540 1941 799 1981 audacissime
823 1949 1077 1982 concurrunt.
1111 1942 1267 1982 Accidit
1285 1956 1349 1983 res
1365 1939 1622 1991 incredibilis,
1647 1938 1672 1980 3

59 2288 101 2322 30

132 2017 176 2049 ut
207 2010 358 2062 equites
390 2010 518 2049 minus
550 2011 579 2063 1-
599 2016 701 2050 XXX
731 2007 837 2050 Galli
868 2008 1103 2050 Maurorum
1135 2011 1306 2064 equitum
1337 2018 1366 2050 II
1397 2009 1504 2050 milia
1537 2008 1625 2048 loco

132 2078 326 2132 pellerent
356 2078 614 2131 fugarentque
645 2078 683 2117 in
717 2077 913 2132 oppidum.
964 2076 1177 2131 Postquam
1208 2078 1355 2132 repulsi
1385 2085 1425 2118 et
1455 2075 1624 2118 conlecti
1645 2075 1673 2116 4

133 2153 247 2186 erant
287 2146 392 2186 intra
434 2145 697 2196 munitiones,
734 2143 887 2187 Caesar
917 2146 995 2187 iter
1025 2146 1283 2187 constitutum
1314 2146 1373 2186 ire
1405 2144 1621 2186 contendit.

133 2211 247 2266 Quod
279 2228 365 2254 cum
396 2214 552 2268 saepius
584 2215 761 2255 facerent
792 2221 829 2255 et
851 2215 965 2255 modo
986 2215 1315 2268 insequerentur,
1349 2214 1464 2254 modo
1484 2226 1624 2254 rursus
1646 2210 1670 2252 5

133 2282 180 2323 ab
203 2282 399 2336 equitibus
421 2282 460 2323 in
484 2283 663 2337 oppidum
684 2283 974 2338 repellerentur
988 2315 998 2335 ,
1033 2282 1258 2324 cohortibus
1280 2282 1417 2337 paucis
1439 2296 1493 2323 ex
1514 2289 1624 2323 uete-

276 2443 294 2475 3
315 2454 388 2476 eum
407 2455 428 2476 a
448 2445 466 2476 b
485 2455 502 2475 c
518 2446 538 2477 4
557 2444 659 2484 (leth,
682 2454 750 2476 om.
771 2453 806 2475 u.
828 2444 866 2476 P.
889 2444 943 2477 16.
1072 2446 1088 2476 5
1106 2448 1141 2476 ct
1157 2444 1175 2477 6
1195 2443 1311 2486 inquid
1330 2453 1364 2475 α.
1489 2442 1625 2485 5i1npe-

134 2496 249 2525 ratore
271 2495 378 2537 Casp.
397 2497 597 2536 Bantia&
617 2496 716 2527 inuno
735 2505 755 2527 (ι
774 2499 808 2527 οἱ
826 2498 879 2528 sic
898 2497 970 2529 ‘uel
986 2497 1074 2540 ymo’
1095 2498 1114 2529 b
1132 2508 1150 2528 c
1167 2499 1187 2530 4
1205 2497 1293 2528 dett.
1525 2494 1545 2528 7
1564 2495 1626 2526 boc

136 2547 285 2585 tempore
304 2555 372 2578 om.
389 2546 420 2578 b.
561 2547 580 2579 8
594 2546 710 2578 statim
730 2547 902 2589 captiuum
922 2558 943 2579 a
964 2548 1060 2580 (71133.
1080 2547 1247 2590 aliquot',
1262 2547 1433 2590 captiuum
1452 2545 1568 2577 statim
1586 2555 1622 2576 u.

279 2597 320 2629 12
339 2598 559 2631 habundabat
576 2609 609 2632 α.
775 2601 1037 2643 expugnandum
1059 2601 1091 2634 b.
1249 2600 1290 2633 15
1310 2598 1534 2632 nuntiabatur
1551 2608 1572 2629 α
1592 2598 1622 2637 b,

137 2647 381 2680 nuntiabantur
396 2650 512 2682 Aldus
530 2662 565 2683 u.
715 2650 756 2683 17
776 2662 816 2683 ne
836 2653 958 2684 nedum
977 2662 1010 2684 α.
1161 2662 1198 2683 re
1217 2661 1285 2684 om.
1307 2652 1338 2683 b.
1480 2654 1532 2681 est
1549 2660 1569 2680 (ι
1590 2649 1621 2689 Ι),

136 2703 229 2730 esset
246 2698 361 2730 Aldus
378 2709 414 2731 υ.
553 2702 596 2736 20
608 2703 712 2735 cassii
734 2703 765 2734 b.
908 2712 927 2734 a
947 2702 1028 2735 Iuba
1046 2713 1067 2735 α
1089 2703 1185 2735 ‘mnu
1202 2705 1240 2734 el·
1255 2702 1333 2735 edd.
1354 2701 1463 2744 ΨΜ),
1480 2702 1521 2733 ab
1542 2700 1623 2733 Iuba

135 2752 249 2784 Aldus
268 2762 303 2782 u.
490 2753 531 2787 21
553 2764 714 2794 egressus
733 2759 767 2787 et
785 2755 853 2786 iter
871 2755 902 2786 b.
1075 2755 1120 2791 22
1139 2759 1333 2796 occupata,
1355 2765 1423 2785 om.
1447 2754 1478 2784 b.

134 2804 176 2836 24
197 2813 386 2845 quanquam
405 2802 472 2844 (α).
627 2807 669 2841 25
689 2812 937 2839 concurrerunt
952 2807 982 2839 b.
1128 2807 1171 2840 26
1189 2805 1222 2849 †
1237 2798 1321 2848 xxi]
1344 2807 1377 2837 P.
1399 2805 1477 2840 7202.

134 2854 175 2886 27
198 2854 424 2896 sugssl‘entque
445 2855 463 2885 b
481 2864 510 2894 c,
532 2854 757 2900 fugerentque
775 2869 808 2898 α,
831 2858 1036 2899 fugarentur
1055 2858 1097 2898 cl‚·
1117 2862 1344 2900 urgerentquc
1363 2866 1439 2889 eum
1460 2866 1527 2889 uno
1546 2856 1615 2888 (let.

138 2918 173 2939 η,
317 2908 359 2940 30
378 2907 434 2949 ex]
455 2912 488 2939 et
505 2918 538 2939 α.
