1835 3240
702 182 1099 226 ——81—

157 300 292 343 Oxou.
327 300 515 353 scriptum
548 305 633 339 est:
671 296 867 339 ‘Tertium
899 299 975 339 iam
1006 299 1108 339 hunc
1141 312 1286 337 annum
1317 307 1548 352 regnantem
1569 300 1646 342 ini-

155 368 244 408 mici
276 367 402 421 palam
432 366 563 406 multis
600 379 652 406 ex
685 366 845 406 ciuitate
867 367 1091 406 auctoribus
1114 365 1431 414 interfecerunt',
1467 367 1644 421 idemque

155 436 192 475 in
215 433 330 474 Leid.
356 448 435 488 pr.,
460 434 536 474 nisi
556 434 656 487 quod
680 434 847 474 alterum
873 434 977 474 ‘iam'
1002 441 1202 474 seruatum
1225 434 1403 483 uidetur3
1438 436 1557 474 uerba
1591 441 1648 476 ‘et

154 502 217 544 iis'
249 510 287 543 et
321 501 440 542 ‘eum’
472 503 588 542 etiam
620 502 659 540 in
697 500 804 541 Seal.
831 501 978 541 omissa
1000 508 1105 541 sunt.
1164 499 1280 554 Quod
1307 508 1437 542 autem
1470 500 1645 543 Achain-

157 571 255 610 trins
278 571 441 623 primum
467 568 691 609 Parisinum
717 569 946 622 pronomine
980 570 1096 609 ‘eum'
1131 583 1268 609 carere
1291 569 1361 616 ait,
1387 582 1440 608 ex
1461 583 1547 609 mea
1571 571 1648 610 col-

156 638 302 678 latione
326 652 411 678 eum
435 637 647 677 secundum
671 636 870 691 appellare
893 637 1077 677 debuisse
1100 644 1248 677 certum
1272 644 1345 678 est.

270 704 393 745 Paulo
427 711 535 759 post,
572 704 607 757 ξ.
642 704 681 755 5,
719 704 759 744 in
791 705 972 745 omnibns
1008 705 1120 745 codd.
1154 705 1342 758 scriptum
1374 714 1434 747 est
1468 705 1647 747 ‘Interim

156 774 203 814 ab
235 773 415 813 omnibus
447 772 586 825 legatis
618 772 998 825 quaestoribusque,
1034 772 1171 825 quibus
1202 773 1378 826 legiones
1411 774 1645 823 tradiderat,

156 842 303 881 certior
334 841 460 880 factus
497 847 556 879 est
584 840 624 880 in
657 839 821 880 hiberna
850 846 1082 894 peruentum
1114 839 1320 894 locumque
1352 842 1527 883 hibernis
1560 857 1649 883 esse

156 907 374 949 mnnitum'.
412 906 485 948 Hic
509 922 595 948 cum
617 908 655 948 id
678 909 896 961 quaeritur,
932 908 1118 962 pluresne
1141 905 1296 949 Caesar
1317 917 1546 962 quaestores
1570 925 1648 950 uno

154 984 330 1030 tempore
355 975 549 1025 habuerit,
584 976 668 1015 fieri
692 983 835 1029 potest,
870 983 936 1022 ut,
971 990 1055 1015 cum
1080 983 1159 1016 tres
1182 977 1407 1030 prouincias
1431 977 1648 1028 obtineret,

154 1045 245 1085 item
269 1051 348 1084 tres
373 1050 602 1096 quaestores
639 1043 674 1083 ei
706 1044 852 1083 fuerint
873 1044 1068 1093 attributi,
1114 1045 1435 1096 quemadmodum
1470 1046 1508 1086 in
1545 1044 1648 1086 Sici-

155 1114 221 1162 lia,
248 1126 333 1152 cum
356 1112 395 1151 in
419 1112 514 1151 duas
538 1112 762 1165 prouincias
785 1112 913 1151 diuisa
935 1119 1056 1161 esset,
1094 1112 1272 1165 quamuis
1295 1113 1342 1152 ab
1366 1128 1443 1153 uno
1466 1120 1649 1167 praetore

156 1180 426 1229 obtineretur,
463 1180 561 1220 duos
585 1187 816 1233 quaestores
838 1180 961 1220 fuisse
986 1193 1037 1219 ex
1061 1176 1148 1219 Cic.
1173 1180 1213 1220 in
1237 1179 1359 1221 Verr.
1385 1179 1438 1231 ΙΙ,
1470 1181 1510 1229 4,
1541 1180 1586 1220 lt
1613 1188 1652 1221 et

158 1247 210 1287 12
231 1248 422 1287 uidemus.
457 1246 535 1288 Sed
559 1248 591 1287 si
615 1247 794 1301 singulae
818 1247 1045 1301 prouinciae
1069 1262 1178 1287 suum
1203 1262 1379 1301 quaeque
1402 1256 1649 1301 quaestorem

157 1315 395 1364 habuerunt,
418 1315 459 1354 in
482 1313 608 1355 Gallia
631 1315 819 1355 ulteriore
843 1316 890 1355 ad
914 1316 1133 1355 exereitum
1156 1330 1257 1355 unus
1281 1323 1483 1368 quaestor,
1508 1317 1652 1370 reliqui

158 1384 198 1422 in
220 1384 300 1423 suis
324 1383 536 1435 prouinciis
562 1383 683 1422 fuisse
704 1383 829 1422 uideri
853 1383 1010 1423 debent.
1045 1382 1182 1436 ltaque
1206 1384 1303 1437 apud
1319 1380 1532 1424 Caesarem
1556 1398 1651 1424 nus-

159 1463 269 1502 quam
302 1450 375 1489 nisi
408 1450 480 1489 hoc
512 1450 596 1490 loco
618 1457 656 1489 et
678 1449 792 1489 huius
815 1449 903 1489 libri
927 1464 962 1490 c.
987 1450 1056 1500 53,
1081 1450 1107 1490 6
1128 1452 1260 1504 plures
1283 1457 1513 1504 quaestores
1545 1466 1652 1491 com-

159 1524 441 1556 memorantur.
500 1517 632 1569 Atque
664 1517 726 1556 hic
758 1517 796 1556 id
826 1518 957 1557 facere
989 1514 1140 1557 Caesar
1168 1518 1232 1558 uel
1253 1519 1341 1558 ideo
1376 1532 1454 1558 non
1476 1526 1648 1572 poterat,

158 1583 256 1635 quod
279 1584 404 1636 capite
434 1583 656 1636 superiore,
690 1583 772 1633 ubi,
807 1584 944 1636 quibus
977 1584 1155 1639 legiones
1189 1586 1228 1626 in
1261 1586 1425 1626 hiberna
1454 1586 1650 1627 ducendas

159 1650 345 1699 dedisset,
380 1651 577 1704 exposuit,
603 1664 720 1690 unum
745 1658 893 1691 tantum
917 1659 1181 1704 quaestorem,
1208 1651 1266 1692 M.
1295 1650 1500 1703 Crassum,
1527 1654 1652 1694 nomi-

158 1725 336 1758 nauerat.
370 1717 477 1758 Nam
501 1718 602 1771 quod
624 1718 676 1758 ibi
699 1719 733 1772 ἓ
757 1718 781 1759 3
804 1719 843 1758 in
867 1719 979 1759 codd.
1014 1721 1201 1774 scriptum
1235 1728 1296 1761 est
1328 1721 1404 1761 ‘his
1434 1719 1494 1761 Μ.
1529 1718 1653 1762 Cras-

157 1800 241 1825 sum
265 1784 459 1837 Quintum
483 1793 523 1827 et
543 1785 595 1826 L.
619 1785 844 1827 Munatium
867 1785 1055 1828 Plancum
1087 1795 1125 1828 et
1149 1785 1198 1828 C.
1233 1787 1478 1830 Trebonium
1501 1790 1651 1843 legatos

158 1853 377 1907 praefecit'‚
419 1862 570 1895 certum
602 1862 663 1896 est
699 1853 920 1907 ‘Quintum'
956 1869 1009 1895 ex
1041 1856 1288 1910 compendio,
1323 1871 1399 1910 quo
1432 1856 1650 1910 ‘quaestor'

158 1920 385 1969 notabatur,
410 1929 536 1962 ortum
555 1936 659 1964 esse.
694 1923 821 1964 Recte
842 1923 965 1978 igitur
986 1920 1226 1964 Ciacconius
1248 1938 1318 1978 pro
1343 1923 1650 1980 ‘quaestoribus'

159 1989 378 2042 ponendum
402 1989 503 2030 dixit
527 1991 783 2046 ‘quaestore',
817 1991 918 2044 quod
950 2005 992 2031 se
1023 1991 1064 2031 in
1097 1992 1248 2033 duobus
1272 1993 1383 2033 codd.
1410 1993 1545 2033 nescio
1568 1992 1652 2045 qui-

159 2057 231 2096 bus
253 2056 458 2098 inuenisse
480 2059 548 2099 ait.
601 2058 773 2100 Pluralis
805 2073 993 2099 numerus
1017 2059 1079 2099 hic
1101 2059 1141 2099 in
1165 2059 1344 2101 omnibus
1377 2061 1488 2101 codd.
1515 2061 1650 2102 eodem

158 2138 294 2165 errore
324 2131 433 2166 ortus
464 2133 547 2177 est,
590 2141 665 2180 quo
708 2125 782 2177 IV,
829 2126 899 2176 22,
945 2127 970 2167 3
1005 2127 1046 2167 in
1077 2127 1323 2180 interpolatis
1367 2129 1553 2183 scriptum
1591 2135 1653 2168 est

163 2195 456 2248 ‘quaestoribus
471 2226 481 2245 ,
514 2195 654 2249 legatis
677 2193 995 2248 praefectisque',
1029 2208 1116 2234 cum
1139 2195 1414 2236 adjunctorum
1438 2196 1650 2237 uerborum

159 2277 342 2303 uumerus
373 2263 592 2317 compendii
619 2264 720 2304 male
743 2263 965 2317 explicandi
989 2276 1144 2303 causam
1175 2263 1398 2316 praeberet.
1453 2262 1653 2316 Quamob-

158 2344 240 2371 rem
273 2344 322 2371 ne
353 2332 479 2371 altero
517 2331 672 2384 quidem
703 2331 814 2381 loeo,
848 2331 927 2371 hui.
957 2330 1025 2371 lib.
1060 2329 1130 2378 53,
1160 2330 1201 2381 6,
1237 2331 1525 2381 dubitabimus,
1561 2331 1652 2385 quin

160 2399 271 2438 codd.
295 2400 487 2452 scriptura
513 2398 576 2438 ‘ab
597 2397 650 2439 L.
675 2398 823 2439 Roscio
847 2406 1057 2452 quaestore
1072 2430 1082 2449 ,
1117 2414 1229 2452 quem
1252 2400 1399 2455 legioni
1421 2400 1564 2441 tertiae
1587 2400 1652 2441 de-

161 2466 285 2507 cimae
307 2468 576 2519 praefecerat,
613 2468 761 2507 certior
793 2468 918 2507 factus
941 2465 1014 2507 est'
1048 2473 1141 2507 cett.
1167 2481 1219 2507 ex
1242 2468 1470 2522 compendio
1492 2467 1652 2509 relatiui

161 2547 228 2586 per
268 2547 443 2574 errorem
482 2534 649 2587 repetito
689 2542 781 2574 nata
822 2535 898 2584 sit,
941 2541 1127 2588 recteque
1168 2532 1471 2590 Oudendorpius
1514 2550 1652 2576 uocem

166 2600 404 2653 ‘quaestore'
437 2601 638 2641 delendam
660 2601 909 2642 indicauerit.
943 2600 1004 2641 M.
1031 2598 1203 2642 Crassus
1228 2603 1347 2653 enim,
1375 2611 1416 2643 ut
1438 2604 1548 2643 modo
1570 2617 1652 2643 mo-

166 2667 257 2717 nui,
291 2668 363 2708 hoc
388 2682 490 2709 anno
523 2676 709 2722 quaestor
730 2668 916 2711 Caesaris
939 2676 1049 2720 erat,
1084 2669 1149 2723 qui
1172 2671 1288 2711 etiam
1312 2685 1347 2711 c.
1373 2670 1443 2722 46,
1474 2672 1490 2711 l
1516 2678 1555 2711 et
1576 2668 1649 2717 Vl,

165 2733 207 2783 (i,
233 2733 254 2773 ‘l
279 2744 622 2777 commemoratur.

279 2799 330 2842 C.
353 2802 407 2842 43
440 2804 631 2845 acerrima
662 2806 897 2860 oppugnatio
929 2805 1181 2845 hibernorum
1205 2803 1256 2858 Q.
1283 2803 1491 2847 Ciceronis
1513 2817 1651 2845 narra-

167 2875 256 2917 tur,
291 2882 377 2908 cum
399 2868 502 2910 Galli
524 2872 680 2926 ignibus
703 2873 892 2914 coniectis
925 2886 1038 2913 casas
1060 2871 1330 2913 Romanorum
1360 2872 1652 2914 stramenticias

204 2934 325 2969 Caesar,
346 2935 392 2963 ed.
415 2936 553 2972 Nipperd.
1348 2940 1374 2979 6
