1835 3240
707 199 817 205 ———
880 173 959 214 *149
1019 198 1129 203 —-

179 304 333 338 uentur:
359 306 436 332 non
459 292 574 330 datur
595 289 719 329 libera
743 289 842 327 muri
855 287 1281 327 defendendifacultas'
1306 294 1413 326 recte
1427 284 1662 329 Ciaceonius

177 361 437 416 uituperabat,
463 358 563 411 quod
588 357 686 397 muri
707 356 939 396 defendendi
962 356 1123 395 facultas
1146 355 1235 393 data
1264 359 1491 406 negaretur.
1537 353 1661 406 Quem

175 445 262 471 cum
288 427 473 469 Clarkius
496 425 662 479 ineptire
685 424 754 472 ait,
780 438 822 464 se
846 439 923 463 non
946 424 1093 468 uidem,
1121 423 1210 475 quid
1231 427 1431 474 ageretur,
1456 421 1661 461 indicauit.

174 498 276 539 Nam
310 494 543 536 Caesariani
574 493 749 533 musculo
781 492 828 532 ad
856 492 995 531 turrim
1021 490 1189 530 hostium
1213 490 1368 529 admoto
1393 502 1476 528 eam
1501 489 1664 529 subrue-

174 568 284 606 bant:
310 563 585 604 Massilienses
608 559 823 600 musculum
844 560 1087 612 perfringere
1111 566 1151 598 et.
1170 559 1382 598 incendere
1405 557 1661 596 conabantur.

175 633 336 674 Turrim
375 631 496 685 igitur
535 628 808 669 defendebant.
857 625 1071 667 Praeterea
1105 623 1338 666 Caesariani
1378 639 1429 664 ex
1465 639 1534 664 sua
1568 626 1665 664 turri

177 699 479 747 Massilienses,
515 698 579 750 qui
611 710 661 736 ex
695 710 804 735 muro
837 696 1087 747 turribusque
1120 694 1335 733 musculum
1368 692 1664 745 impugnabant,

177 769 264 808 telis
288 776 327 808 et
348 766 555 807 tormentis
578 764 845 818 depellebant:
879 778 954 816 qua
976 777 1020 802 re
1042 763 1088 801 iis
1114 762 1234 801 turris
1257 761 1523 800 defendendae
1546 761 1667 799 facul-

176 844 294 877 tatem
318 834 552 888 eripiebant,
585 847 662 872 non
687 832 802 881 muri,
834 846 946 884 quem
971 845 1084 870 nemo
1107 829 1375 883 impugnabat.
1420 826 1462 867 Id
1486 828 1668 868 omittere

177 916 406 957 possumus,
441 902 541 954 quod
574 898 758 940 Clarkius
792 900 892 939 muri
925 897 1159 938 defendendi
1192 898 1414 936 facultatem
1439 911 1517 936 non
1540 898 1665 936 datam

177 985 265 1011 esse
287 972 342 1009 ita
363 969 438 1009 dici
461 968 731 1017 existimabat,
758 975 799 1007 ut
821 968 883 1015 iis,
910 967 974 1019 qui
998 968 1035 1005 in
1060 979 1171 1006 muro
1195 972 1344 1014 essent,
1371 979 1414 1005 se
1436 964 1669 1004 defendendi

176 1038 341 1078 facultas
363 1044 497 1090 erepta
520 1036 837 1090 intellegeretur.
883 1033 1121 1075 Ciaeconius
1145 1048 1280 1074 uocem
1307 1034 1434 1073 ‘muri'
1459 1033 1669 1072 tollendam

175 1106 385 1147 iudicabat.
421 1103 501 1145 Sed
523 1105 669 1144 rectius
681 1102 856 1143 Grutero
875 1104 1005 1143 onmia
1028 1103 1138 1142 haec:
1169 1108 1263 1141 ‘non
1286 1102 1402 1141 datur
1423 1101 1547 1141 libera
1570 1101 1669 1140 muri

177 1174 410 1214 defendendi
435 1173 613 1212 facultas'
637 1172 908 1211 commenticia
931 1171 1180 1211 uidebantur.
1224 1168 1328 1209 Nam
1351 1183 1437 1208 cum
1462 1169 1595 1208 hostes
1618 1182 1669 1207 ex

176 1256 289 1282 muro
311 1255 356 1281 ac
379 1241 551 1280 turribus
574 1247 789 1279 summotos
813 1254 902 1280 esse
925 1239 1165 1279 declaratum
1189 1244 1319 1287 esset,
1356 1238 1451 1277 haec
1466 1268 1476 1287 ,
1512 1250 1610 1289 quae
1633 1242 1671 1276 et

179 1310 256 1350 illis
267 1308 402 1362 positis
416 1315 553 1361 sponte
565 1307 944 1360 intellegebanturet
958 1307 1078 1345 multo
1092 1305 1338 1359 languidiora
1351 1313 1458 1353 sunt,
1475 1304 1571 1344 nihil
1583 1304 1672 1343 atti-

179 1376 297 1416 nebat
319 1376 489 1416 adicere.
526 1375 743 1414 Enimuero
766 1375 897 1428 inepte
916 1374 1038 1414 libera
1061 1374 1224 1414 facultas
1239 1374 1327 1413 data
1351 1380 1536 1427 negatur,
1561 1372 1672 1425 quasi

179 1459 263 1485 eam
277 1444 378 1483 hosti
391 1444 431 1483 in
442 1443 684 1482 defendendo
699 1443 918 1482 concedere
930 1443 1108 1494 cuiquam
1131 1443 1171 1481 in
1184 1448 1353 1480 mentem
1367 1441 1503 1481 uenire
1520 1449 1668 1493 posset.

295 1511 340 1553 C.
358 1511 408 1551 '15
430 1512 525 1550 haec
540 1511 578 1550 in
594 1511 703 1550 codd.
721 1511 927 1565 leguntur:
959 1510 1172 1563 ‘Aggerem
1188 1509 1278 1549 noui
1291 1508 1448 1563 generis
1472 1515 1589 1561 atque
1612 1509 1671 1547 in-

179 1581 353 1620 auditum
390 1593 443 1617 ex
485 1578 671 1617 latericiis
714 1577 863 1617 duobus
905 1579 1027 1617 muris
1060 1591 1199 1617 senum
1231 1577 1367 1630 pedum
1406 1576 1672 1616 crassitudine

180 1655 293 1700 atque
330 1659 464 1685 eorum
497 1660 696 1686 murorum
731 1646 1065 1699 contignationem
1097 1646 1230 1685 facere
1259 1644 1517 1684 instituerunt
1547 1657 1671 1697 aequa

180 1716 261 1755 sere
283 1714 512 1763 latitudine,
549 1720 664 1768 atque
688 1713 752 1752 ille
777 1713 1042 1767 congesticius
1078 1727 1130 1753 ex
1159 1712 1323 1752 materia
1353 1713 1484 1752 fuerat
1515 1714 1667 1766 agger'.

182 1783 260 1826 Sed
282 1786 356 1825 duo
378 1784 477 1823 muri
499 1796 569 1836 per
590 1796 633 1822 se
655 1795 839 1835 aggerem
865 1794 941 1820 non
965 1780 1212 1821 efficiebant:
1238 1787 1443 1834 postquam
1467 1781 1673 1834 contigna—

180 1853 286 1893 tione
309 1851 508 1892 coniuneti
531 1857 658 1896 erant,
694 1856 772 1889 tum
798 1850 950 1889 demum
975 1849 1213 1890 nascebatur
1234 1848 1288 1897 id,
1322 1849 1423 1900 quod
1446 1862 1492 1888 eo
1517 1847 1674 1887 nomine

180 1921 365 1975 appellari
397 1926 564 1973 poterat.
612 1916 749 1969 Itaque
783 1916 1108 1972 ‘contignatione'
1132 1917 1383 1956 scribendum
1415 1923 1489 1956 est.
1543 1914 1671 1956 Recte

181 1996 309 2029 autem
342 1988 479 2028 deinde
509 1985 734 2040 Stephanus
766 1986 899 2039 posuit
933 1985 1200 2025 ‘altitudine'z
1237 1999 1324 2024 nam
1349 1992 1388 2024 et
1409 1991 1491 2024 tota
1514 1984 1672 2038 aggeris

179 2057 239 2096 uis
250 2056 540 2096 consistebatin
554 2055 777 2103 altitudine,
792 2054 881 2093 etin
895 2053 1138 2107 congesticio
1153 2066 1314 2107 aggere,
1333 2053 1380 2092 ad
1394 2053 1505 2092 cuius
1519 2052 1672 2091 modum

180 2124 242 2164 hic
255 2138 380 2164 nouus
403 2130 608 2164 extructus
620 2123 778 2171 dicitur,
805 2136 924 2175 supra
946 2136 980 2161 c.
999 2121 1017 2160 l
1044 2128 1148 2161 extr.
1164 2120 1328 2160 altitudo
1351 2128 1436 2161 erat
1456 2120 1667 2160 declarata.

293 2190 343 2233 C.
363 2191 417 2232 24
439 2193 494 2232 in.
521 2197 660 2231 contra
673 2189 891 2229 Romanam
916 2189 1240 2229 cousuetudinem
1265 2189 1387 2228 edunt
1412 2186 1551 2228 ‘Curio
1563 2186 1672 2228 Mar—

181 2274 268 2300 cum
290 2259 446 2301 Vticam
480 2258 648 2299 nauibus
683 2256 926 2310 praemittit',
962 2257 1117 2297 homine
1150 2256 1233 2296 solo
1266 2257 1520 2310 praenomine
1543 2256 1673 2309 appel-

181 2327 274 2367 lato.
324 2325 579 2380 Significatur
607 2333 735 2366 autem
769 2333 957 2378 quaestor
985 2323 1199 2373 Curionis,
1234 2324 1299 2376 qui
1331 2324 1447 2364 classi
1471 2330 1671 2378 praeerat,

182 2408 255 2446 qua
278 2408 364 2434 eum
388 2394 439 2434 L.
466 2393 683 2436 Caesarem
712 2400 959 2447 persecutum
983 2406 1071 2433 esse
1101 2400 1140 2432 et
1161 2393 1251 2432 iude
1274 2393 1321 2432 ad
1346 2391 1562 2433 Curionem
1584 2392 1673 2432 red-

183 2462 259 2501 isse
282 2463 393 2515 paulo
416 2470 505 2503 ante
527 2462 694 2502 relatum
718 2468 793 2501 est.
832 2459 889 2500 Ibi
912 2461 952 2500 in
975 2460 1154 2500 omnibus
1177 2461 1289 2500 codd.
1316 2460 1391 2500 diei
1414 2460 1570 2500 uidetur
1593 2458 1669 2499 ίΜ.

183 2527 339 2576 Ηιιῖιι5’,
365 2531 439 2569 nisi
463 2531 564 2583 quod
587 2529 811 2570 exduobus
832 2529 1108 2578 deterioribus,
1134 2527 1222 2569 Pet.
1243 2527 1435 2577 etVoss.,
1461 2535 1674 2569 annotatur

187 2593 369 2636 ‘Rutiusss
413 2597 548 2637 Hicin
574 2602 685 2637 ‘mss.
711 2597 920 2650 plerisque'
950 2595 1054 2638 Oud.
1081 2603 1120 2636 et
1141 2594 1234 2636 Par.
1260 2610 1343 2636 see.
1368 2597 1513 2649 legitur
1546 2593 1673 2635 ‘Mar-

187 2661 316 2709 cium',
342 2670 379 2702 et
401 2678 434 2704 c.
459 2665 512 2705 43
534 2666 574 2705 in
596 2664 690 2706 Par.
718 2679 798 2705 sec.
824 2663 940 2704 Leid.
957 2679 1016 2718 pr.
1036 2662 1144 2705 Scal.
1171 2671 1433 2718 quattuorque
1467 2662 1672 2704 deteriori-

185 2728 257 2767 bus
275 2726 466 2770 ‘Marcius
479 2731 636 2772 Rufus'.
660 2731 798 2786 Itaque
814 2733 902 2773 huic
926 2730 1242 2772 hominiMarcio
1257 2731 1362 2772 Ruso
1385 2745 1527 2771 nomen
1551 2731 1673 2770 l'uisse

186 2797 432 2836 statuendum
473 2807 556 2839 est:
596 2800 712 2856 idque
745 2815 780 2840 c.
814 2799 868 2840 23
900 2802 1072 2855 reposui.
1137 2799 1315 2840 Marcius
1353 2798 1483 2839 Rufus
1520 2799 1670 2850 legatus

188 2860 327 2903 Crassi
349 2864 448 2905 bello
466 2863 646 2919 Spartaci
669 2875 1000 2909 commemoratur
1021 2883 1085 2924 ap.
1103 2867 1285 2908 Frontin.
1302 2874 1467 2920 strateg.
1494 2864 1548 2915 ΙΙ,
1567 2864 1608 2915 4,
1626 2863 1668 2903 7ἢ
