1835 3240
69 908 109 942 10

70 1247 108 1279 15

68 1585 111 1618 20

441 178 783 222 ORATIONES.
806 179 897 221 LL.
925 178 996 220 DE
1019 177 1322 221 ANALOGIA
1614 181 1698 225 753

739 308 850 334 LlBER
871 307 1023 334 pvas.

256 359 343 401 Cic.
369 362 490 402 Brut.
515 361 568 402 72
587 393 596 411 ,
627 360 734 401 253:
779 359 858 412 Qui
887 361 1005 401 etiam
1034 361 1074 401 in
1096 360 1280 400 maximis
1303 362 1624 413 occupationibus

140 429 188 477 ad
210 435 248 469 te
269 429 395 483 ipsum
412 460 422 478 ,
447 429 573 482 inquit
595 430 635 469 in
657 443 717 469 me
739 430 920 477 intuens,
946 429 992 468 de
1014 429 1168 469 ratione
1189 427 1334 468 Latine
1357 428 1536 480 loquendi
1560 444 1623 470 ac—

140 497 388 537 curatissime
410 497 616 550 scripserit
636 497 838 550 primoque
860 496 900 535 in
920 496 1019 536 libro
1038 497 1185 537 dixerit
1202 495 1413 536 uerborum
1432 495 1625 537 delectum

145 564 338 617 originem
361 578 450 604 esse
473 564 717 616 eloquentiae
741 564 1012 616 tribueritque,
1037 565 1089 604 mi
1111 563 1251 614 Brute,
1278 563 1365 603 huic
1388 569 1539 612 nostro,
1565 565 1629 616 qui

140 645 202 670 me
234 632 280 671 de
312 632 378 671 illo
411 632 546 671 maluit
568 645 679 683 quam
703 645 746 671 se
770 631 923 681 dicere,
959 625 1112 671 laudem
1136 631 1374 685 singularem
1399 632 1508 684 (nam
1529 631 1629 671 scri-

140 699 217 752 psit
239 699 299 738 his
322 699 468 748 uerbis,
492 713 577 738 cum
601 698 702 738 hunc
725 698 881 738 nomine
904 706 1013 739 esset
1033 700 1202 739 affatus:
1232 699 1308 739 ‘Ac
1330 699 1379 748 si,
1394 705 1437 738 ut
1457 699 1631 753 cogitata

141 765 343 820 praeclare
379 766 506 819 eloqui
539 773 726 819 possent,
759 767 939 807 nonnulli
970 768 1098 807 studio
1131 774 1170 807 et
1200 781 1273 807 usu
1302 766 1626 817 elaborauerunt,

141 834 252 874 cuius
275 841 312 874 te
336 848 458 887 paene
481 834 694 888 principem
719 834 853 888 copiae
876 841 992 886 atque
1013 835 1261 875 inuentorem
1280 834 1380 874 bene
1403 834 1448 874 de
1471 835 1630 874 nomine

140 916 185 942 ac
209 902 400 955 dignitate
423 902 550 955 populi
566 901 734 942 Romani
758 902 937 942 meritum
962 916 1050 942 esse
1073 902 1304 942 existimare
1322 901 1628 954 debemus'—):

145 970 244 1009 hunc
268 969 420 1009 facilem
444 976 483 1009 et
505 970 744 1010 cotidianum
767 970 927 1009 nouisse
949 984 1172 1010 sermonem
1196 984 1298 1009 nuuc
1321 983 1391 1023 pro
1414 970 1553 1010 relicto
1572 976 1634 1011 est

141 1037 375 1078 habendum.

261 1104 366 1145 Gell.
394 1105 429 1155 I,
457 1102 532 1144 10:
569 1102 682 1155 Quod
705 1118 727 1143 a
750 1101 797 1144 C.
821 1101 998 1144 Caesare
1029 1104 1070 1144 in
1103 1104 1226 1157 primo
1258 1104 1304 1144 de
1327 1103 1510 1156 analogia
1532 1102 1631 1144 libro

144 1172 333 1225 scriplum
357 1179 443 1221 est,
474 1172 576 1212 habe
599 1185 755 1225 semper
776 1172 815 1211 in
839 1172 1026 1211 memoria
1048 1178 1163 1226 alque
1187 1172 1223 1211 in
1248 1178 1409 1226 pectore
1425 1202 1436 1221 ,
1471 1177 1514 1211 ut
1535 1178 1632 1212 tam-

142 1254 253 1293 quam
276 1240 478 1293 scopulum
502 1239 559 1279 sic
584 1240 709 1292 fugias
732 1239 948 1280 inauditum
973 1247 1090 1293 atque
1111 1239 1289 1280 insolens
1313 1239 1492 1279 uerbum.

256 1307 397 1361 Pomp.
423 1322 564 1347 comm.
591 1314 671 1347 αντ.
697 1306 806 1347 Don.
825 1322 871 1361 p.
890 1307 976 1348 230
990 1307 1115 1348 Lind.
1135 1324 1144 1347 ε
1179 1307 1377 1361 Analogia
1399 1314 1460 1347 est
1480 1320 1634 1360 compa-

143 1374 260 1414 ratio.
295 1374 362 1414 Fit
384 1382 473 1415 octo
496 1375 637 1414 modis.
672 1373 729 1416 Vt
750 1375 831 1414 sint
850 1389 925 1415 sex
947 1376 1037 1416 illae
1061 1383 1208 1430 partes,
1235 1390 1334 1429 quae
1358 1374 1542 1415 accidunt
1563 1388 1634 1414 no-

143 1443 254 1484 mini.
289 1440 377 1488 Sex
405 1450 534 1482 autem
557 1443 740 1482 accidunt
762 1443 911 1483 nomini
932 1444 1032 1484 ista:
1059 1443 1227 1497 qualitas
1243 1475 1253 1494 ,
1285 1443 1541 1498 comparatio,
1565 1456 1634 1498 ge-

144 1525 235 1561 nus,
262 1524 464 1558 numerus⁷
490 1511 630 1564 figura,
648 1525 779 1552 casus.
813 1510 922 1552 Ecce
944 1526 1018 1552 sex
1040 1519 1189 1566 partes.
1223 1510 1370 1552 Exitus
1393 1511 1635 1566 syllabarum

142 1586 184 1619 ut
215 1579 266 1619 sit
296 1578 450 1619 similis.
486 1576 586 1618 Puta
619 1579 714 1619 illud
745 1580 786 1619 in
809 1595 854 1620 us
878 1580 963 1621 exit
984 1587 1023 1620 et
1044 1580 1138 1620 illud
1160 1580 1200 1620 in
1223 1593 1284 1620 us.
1319 1578 1635 1620 penultimarum

144 1646 247 1687 ratio
282 1653 323 1687 ut
352 1647 403 1687 sit
424 1647 562 1687 similis
578 1677 588 1696 ,
624 1653 665 1687 ut
687 1655 753 1687 aut
777 1648 935 1689 uocales
959 1648 1136 1703 syllabae
1158 1647 1239 1688 sint
1260 1654 1327 1688 aut
1348 1653 1631 1687 consonantes.

289 1783 304 1815 1
325 1783 474 1815 Praeter
491 1794 555 1822 ea,
579 1794 669 1825 quae
689 1785 725 1815 in
738 1785 974 1826 praefatione
988 1785 1110 1825 posita
1119 1784 1241 1826 fuisse
1259 1787 1432 1826 apparet,
1452 1785 1638 1816 nominato

140 1835 261 1876 primo
288 1833 381 1865 libro
408 1834 449 1865 de
474 1834 646 1876 analogia
666 1844 757 1865 unus
776 1834 874 1865 locus
892 1834 933 1866 de
953 1834 1111 1875 litteris,
1139 1834 1236 1866 alter
1254 1834 1295 1866 de
1313 1835 1520 1874 uocabulis,
1551 1845 1641 1876 quae

146 1886 368 1926 singularem
386 1889 451 1917 aut
465 1887 640 1927 pluralem
661 1897 848 1918 numerum
865 1890 1088 1929 respuerent,
1108 1889 1266 1927 citatum
1280 1898 1370 1929 quae
1388 1887 1570 1929 appellato
1589 1897 1641 1918 se-

146 1938 258 1968 cundo
278 1938 367 1969 libro
382 1940 637 1980 proferuntur,
656 1941 775 1970 omnia
793 1939 841 1971 ad
858 1939 1136 1971 declinationem
1152 1941 1352 1981 pertinent.
1374 1940 1500 1980 Itaque
1519 1950 1565 1970 εει)
1580 1941 1640 1980 iis,

145 1999 236 2030 quae
260 1998 305 2019 ως
324 1988 428 2019 libris
447 1988 487 2020 de
505 1989 679 2030 analogia
697 1989 910 2020 citabantur
930 1999 1077 2020 numero
1095 1989 1185 2021 libri
1201 2000 1272 2021 non
1289 1989 1450 2021 indicato
1470 1993 1538 2021 aut
1555 1990 1643 2021 Cae-

145 2042 223 2070 sari
239 2040 502 2080 tribuebantur,
524 2042 575 2070 ila
594 2043 638 2070 ut
652 2050 698 2071 ea?
716 2040 819 2071 libris
837 2040 879 2072 de
895 2041 1066 2082 analogia
1085 2041 1273 2082 desumpta
1294 2051 1367 2071 esse
1379 2041 1570 2082 probabile
1587 2044 1643 2073 ἀἰ-

147 2091 312 2130 deretur,
333 2093 454 2122 omnia
473 2090 523 2121 ad
537 2091 817 2122 declinationem
829 2093 1056 2132 pertinentia
1076 2093 1112 2122 in
1131 2091 1322 2122 secundum
1344 2091 1474 2122 librum
1494 2091 1642 2132 contuli,

146 2143 299 2184 reliqua,
321 2142 362 2174 de
378 2144 456 2184 ipsa
475 2142 663 2183 analogia,
684 2142 725 2174 de
745 2142 879 2173 litteris
897 2145 932 2173 et
948 2142 1111 2185 syllabiS‚
1136 2142 1178 2174 de
1196 2142 1431 2185 etymologia,
1451 2153 1541 2184 quae
1559 2146 1643 2174 ante

145 2196 248 2227 illum
266 2195 382 2227 locum
399 2195 442 2226 de
460 2205 607 2227 numero
628 2198 788 2227 tractata
808 2205 882 2225 esse
900 2204 1039 2225 necesse
1058 2197 1122 2234 est,
1139 2195 1259 2236 primo
1280 2193 1373 2225 libro
1393 2195 1521 2226 tribui.
1543 2194 1641 2226 Cete-

146 2259 226 2281 rum
239 2248 361 2290 facile
387 2251 544 2290 apparet
565 2247 659 2278 solos
680 2247 911 2287 Ciceronem,
934 2246 1200 2288 Quintilianum
1214 2270 1224 2286 ,
1250 2245 1405 2277 Gellium
1429 2256 1469 2279 ea
1487 2247 1639 2288 referre,

146 2312 237 2344 quae
256 2302 329 2342 ipsi
344 2302 380 2331 in
403 2300 570 2332 Caesaris
587 2299 691 2330 libris
712 2299 896 2340 legerant,
917 2298 1072 2339 reliquos
1093 2307 1154 2338 ea,
1175 2307 1265 2338 quae
1282 2297 1468 2338 afferunt,
1496 2299 1539 2329 ab
1557 2298 1643 2329 aliis

147 2352 386 2394 scriptoribus
405 2352 594 2391 accepisse,
617 2352 682 2391 qui
697 2360 740 2381 ne
759 2352 832 2391 ipsi
848 2348 992 2390 quidem
1010 2358 1129 2379 omnes
1151 2349 1320 2380 Caesaris
1339 2348 1447 2380 libros
1464 2348 1640 2381 uiderint.

147 2406 336 2446 Pompeius
353 2413 438 2435 uero
458 2405 492 2434 si
509 2412 600 2444 quae
618 2402 757 2433 directa
776 2403 943 2433 oratione
958 2402 1084 2442 ponit,
1111 2410 1151 2431 ca
1170 2410 1239 2431 non
1258 2401 1312 2430 ita
1330 2401 1467 2441 scripta
1486 2402 1639 2439 inuenit,

147 2457 209 2488 sed
226 2467 288 2489 suo
306 2466 403 2488 more
420 2458 493 2497 ipse
511 2457 549 2486 in
564 2465 640 2486 eam
649 2455 815 2497 formam
830 2454 981 2494 redegit.
1124 2453 1144 2486 2
1157 2452 1213 2494 qui
1226 2451 1430 2491 Sclzu‘tzius,
1445 2452 1524 2494 quin
1541 2451 1641 2483 codd.

292 2505 588 2548 3inquitAtticus
606 2507 644 2536 in
662 2506 866 2537 Ciceronem
887 2504 1036 2535 intuens.
1181 2502 1198 2533 5
1213 2501 1289 2533 huic
1308 2499 1442 2542 nostro]
1459 2501 1638 2533 Ciceroni.

292 2556 312 2589 7
324 2562 361 2588 ut
377 2557 702 2599 Lagomarsiniani
720 2556 772 2588 53,
791 2556 846 2587 68.
862 2555 916 2595 70,
937 2565 1007 2586 om.
1027 2553 1175 2595 reliqui.
1319 2552 1356 2585 11
1372 2552 1482 2584 uerba
1498 2552 1584 2583 hunc
1596 2569 1642 2575 -—

117 2645 120 2652 ,
150 2608 340 2640 habendum
359 2619 421 2640 cur
433 2609 555 2640 Attico
570 2607 764 2640 tribuenda
777 2610 905 2647 essent,
919 2606 1001 2637 dixi
1013 2608 1049 2637 in
1061 2604 1198 2637 annall.
1214 2607 1314 2637 eritt.
1328 2604 1490 2637 Berolin.
1505 2614 1538 2635 a.
1555 2604 1640 2637 1846

150 2671 197 2692 m.
214 2660 354 2700 Aug.p.
367 2659 446 2693 247.
473 2659 642 2692 Relictum
661 2660 760 2700 dicit,
775 2659 815 2691 (le
834 2669 902 2701 quo
922 2668 1023 2689 nemo
1042 2657 1328 2699 uerbumfacere
1345 2666 1472 2699 operae
1484 2658 1644 2698 pretium

151 2711 263 2751 ducit,
277 2712 363 2751 quia
375 2713 498 2742 notum
510 2712 674 2742 omnibus
687 2714 943 2752 etpersuasum
958 2712 1022 2740 est.
1168 2708 1207 2740 13
1222 2708 1279 2750 Cf.
1295 2708 1456 2740 Mam-ob.
1471 2707 1549 2739 Sat.
1563 2707 1592 2748 J,
1607 2708 1640 2739 5.

299 2761 336 2793 17
357 2765 432 2791 octo
451 2760 576 2802 modis]
595 2762 646 2793 At
662 2761 828 2802 deinceps
846 2770 971 2792 nouem
990 2762 1267 2798 enumerantur;
1288 2769 1334 2789 ea·
1351 2758 1477 2798 quibus
1491 2757 1642 2800 Sergius

149 2822 188 2854 p.
212 2811 296 2844 1846
315 2811 354 2843 P.
375 2811 481 2852 illud,
495 2816 532 2843 ut
550 2816 703 2854 tempora
721 2812 789 2843 sint
807 2810 931 2843 similia
952 2812 1004 2852 (p.
1020 2809 1097 2849 754,
1116 2810 1159 2850 l),
1175 2812 1299 2851 utpote
1316 2807 1432 2839 simili
1448 2808 1551 2838 eaez‘tu
1569 2808 1642 2838 iam

154 2863 442 2905 comprehensum
460 2866 553 2894 recte
571 2865 719 2895 omittit.
868 2861 906 2894 17
926 2864 961 2893 et
981 2862 1020 2894 18
1040 2861 1201 2893 accidunt
1219 2870 1294 2902 ego,
1316 2859 1486 2892 accedunt
1503 2858 1579 2892 cod.

201 2927 321 2963 Caesar,
337 2927 382 2955 ed.
404 2926 546 2963 Nipperd.
1386 2913 1443 2955 48
