1835 3240
116 193 198 235 706
708 194 879 236 BELLI
909 192 1157 234 AFRICAE

192 306 330 361 Aggar
358 305 560 347 habuerat.
604 306 709 347 Idem
740 307 833 346 facit
854 304 987 359 Scipio
1010 313 1125 358 atque
1146 306 1186 345 in
1207 306 1365 359 antiqua
1387 314 1514 347 castra
1538 307 1668 360 copias

116 374 171 418 77
192 374 358 415 reducit.
401 372 683 414 Thabenenses
705 373 861 413 interim
877 404 888 423 ,
925 374 986 426 qui
1010 373 1081 413 sub
1104 372 1257 413 dicione
1280 380 1319 412 ct
1338 381 1529 426 potestate
1550 372 1669 414 Iubae

192 455 280 482 esse
312 447 595 489 consuessent,
629 441 669 479 in
701 447 880 480 extrema
903 439 986 480 eius
1008 441 1121 493 regni
1142 440 1305 493 regione
1326 442 1532 480 marituma
1555 441 1670 481 locati

190 509 395 549 interfecto
427 508 537 560 regio
566 507 760 560 praesidio
782 507 933 560 legatos
955 508 1002 547 ad
1027 506 1243 548 Caesarem
1264 507 1446 556 mittunt,
1480 521 1562 547 rem
1584 522 1606 547 a
1629 521 1670 547 sc

190 583 339 631 gestam
363 576 518 624 docent,
537 581 676 627 petunt
697 582 904 627 orantque,
921 582 963 614 ut
981 575 1063 615 suis
1087 574 1252 614 fortunis
1268 573 1430 628 populus
1447 573 1662 623 Romanus,

143 643 170 684 2
192 659 281 684 cum
303 643 401 682 bene
422 642 552 681 meriti
575 648 708 681 essent
723 672 733 691 ,
767 642 956 682 auxilium
982 644 1117 683 ferret.
1175 640 1328 682 Caesar
1350 654 1482 680 eorum
1506 642 1669 682 consilio

189 709 351 763 probato
373 708 567 749 Marcium
593 707 776 762 Crispum
808 710 1006 750 tribunum
1039 724 1124 750 cum
1155 709 1379 749 cohortibus
1402 708 1526 748 tribus
1549 714 1588 748 et
1609 721 1671 748 sa-

191 777 360 831 gittariis
402 776 684 829 tormentisque
733 778 995 830 compluribus
1036 776 1230 831 praesidio
1270 775 1497 816 Thabenam
1537 775 1668 814 mittit.

144 845 168 884 3
191 843 338 883 Eodem
364 850 535 896 tempore
558 857 611 884 ex
632 845 852 898 legionibus
875 845 1053 886 omnibus
1068 844 1227 893 milites,
1245 844 1308 896 qui
1324 851 1390 884 aut
1404 842 1540 883 morbo
1555 842 1674 895 impe-

189 911 257 951 diti
279 918 346 950 aut
368 918 588 951 commeatu
610 912 699 952 dato
723 927 809 952 cum
833 913 956 966 signis
979 927 1057 953 non
1081 918 1291 966 potuerant
1312 918 1403 951 ante
1426 909 1596 950 transire
1628 910 1668 949 in

187 977 383 1028 Africam,
408 980 454 1018 ad
478 979 583 1019 milia
605 986 688 1030 1111,
715 981 864 1033 equites
885 987 1009 1030 CCCC,
1036 979 1251 1019 funditores
1274 977 1544 1033 sagittariique
1566 977 1670 1017 mille

143 1047 168 1086 4
192 1061 269 1087 uno
293 1053 512 1086 commeatu
535 1044 702 1088 Caesari
725 1055 998 1088 occurrerunt.
1044 1046 1180 1100 Itaque
1204 1061 1288 1086 cum
1322 1046 1380 1086 his
1403 1045 1523 1098 copiis
1546 1044 1670 1084 omni-

188 1114 261 1154 bus
283 1113 504 1166 legionibus
527 1114 678 1154 eductis
693 1145 703 1164 ,
738 1116 839 1155 sicut
868 1123 955 1155 erat
983 1116 1223 1164 instructus,
1258 1120 1287 1153 V
1309 1113 1463 1153 milibus
1486 1126 1670 1166 passuum

189 1181 236 1221 ab
259 1181 339 1221 suis
362 1181 525 1231 castris,
551 1182 597 1221 ab
619 1180 816 1236 Scipionis
839 1197 932 1222 uero
956 1189 984 1221 ΙΙ
1006 1182 1158 1221 milibus
1182 1195 1362 1234 passuum
1386 1181 1500 1232 longe
1523 1179 1669 1218 consti·

116 1248 175 1292 78
194 1250 238 1289 tit
261 1250 299 1289 in
323 1262 473 1301 eampo.
517 1247 617 1288 Erat
638 1250 815 1302 oppidum
848 1250 948 1289 infra
973 1256 1101 1288 castra
1124 1246 1320 1301 Scipionis
1344 1247 1501 1286 nomine
1520 1245 1670 1300 Tegea,

192 1315 254 1355 ubi
280 1315 515 1369 praesidium
540 1322 724 1368 equestre
747 1316 905 1356 circiter
936 1323 964 1356 11
986 1316 1132 1356 milium
1156 1329 1316 1355 numero
1340 1314 1484 1354 habere
1507 1327 1672 1353 consue-

144 1383 168 1422 2
192 1389 267 1423 rat,
313 1381 374 1421 Eo
406 1382 582 1434 equitatu
615 1383 756 1423 dextra
788 1383 948 1424 sinistra
972 1383 1121 1423 directo
1155 1382 1201 1422 ab
1225 1382 1352 1436 oppidi
1376 1381 1563 1422 lateribus
1586 1381 1668 1434 ipse

189 1450 366 1503 legiones
399 1463 451 1489 ex
483 1450 625 1490 castris
648 1450 808 1491 eductas
830 1458 946 1504 atque
967 1451 1008 1490 iu
1029 1451 1122 1503 iugo
1144 1450 1330 1490 inferiore
1353 1449 1565 1489 instructas
1587 1462 1666 1488 nou

186 1517 343 1571 longius
366 1517 448 1557 fere
469 1517 573 1557 mille
596 1531 733 1571 passus
757 1518 803 1558 ab
826 1519 908 1559 suis
931 1517 1214 1558 munitionibus
1247 1531 1478 1571 progressus
1511 1517 1552 1556 in
1583 1516 1667 1556 acie

140 1584 165 1624 3
189 1585 408 1625 constituit.
451 1583 666 1638 Postquam
687 1586 831 1626 diutius
853 1587 892 1626 in
914 1600 991 1626 uno
1014 1586 1100 1626 loco
1124 1582 1256 1639 Scipio
1280 1583 1608 1634 commorabatur,
1632 1590 1671 1622 et

187 1659 338 1706 tempus
362 1652 437 1692 diei
458 1653 497 1692 in
522 1653 602 1692 otio
624 1653 949 1703 consumebatur,
976 1652 1129 1694 Caesar
1150 1653 1319 1706 equitum
1343 1659 1491 1692 turmas
1514 1664 1672 1691 suorum

186 1719 295 1760 iubet
315 1720 356 1760 in
379 1720 548 1761 hostium
570 1722 782 1774 equitatum
799 1753 809 1772 ,
835 1722 897 1775 qui
919 1722 966 1761 ad
989 1722 1166 1775 oppidum
1190 1721 1227 1759 in
1252 1720 1422 1759 statione
1444 1725 1581 1767 erant,
1616 1718 1670 1757 fa-

188 1801 279 1827 cere
302 1787 584 1841 inpressionem
608 1789 813 1841 leuemque
835 1796 1095 1837 armaturam,
1121 1787 1350 1840 sagittarios
1374 1786 1670 1837 funditoresque

139 1854 166 1894 4
188 1856 322 1895 eodem
346 1854 567 1894 summittit.
613 1853 726 1907 Quod
749 1857 813 1897 ubi
837 1863 1015 1910 coeptum
1039 1862 1099 1896 est
1121 1855 1203 1896 lieri
1220 1886 1230 1904 ,
1265 1862 1303 1894 et
1333 1854 1442 1907 equis
1465 1852 1670 1893 concitatis

186 1920 328 1962 Iuliani
350 1923 534 1976 impetum
559 1924 771 1971 fecissent,
803 1922 987 1964 Pacidius
1011 1937 1103 1963 suos
1127 1922 1279 1975 equites
1302 1921 1558 1974 exporrigere
1581 1932 1668 1960 coe-

188 1990 243 2042 pit
265 1990 304 2029 in
326 1990 626 2043 longitudinem,
652 1998 693 2031 ut
708 1991 899 2032 haberent
914 1991 1134 2031 facultatem
1152 1996 1299 2029 turmas
1315 1987 1487 2027 Iulianas
1507 1986 1673 2026 circum-

144 2056 168 2096 5
191 2057 323 2106 fundi,
350 2065 389 2096 et
411 2058 531 2098 nihilo
554 2059 679 2099 minus
702 2059 915 2100 fortissime
938 2059 1206 2112 acerrimeque
1227 2069 1417 2110 pugnare.
1462 2051 1577 2105 Quod
1608 2053 1673 2093 ubi

191 2121 343 2165 Cacsar
364 2126 667 2176 animaduertit,
701 2133 807 2177 CCC,
842 2142 937 2180 quos
968 2141 1020 2167 ex
1050 2124 1269 2182 legionibus
1301 2122 1443 2162 habere
1465 2121 1671 2175 expeditos

334 2204 347 2235 1
370 2205 484 2246 Aggar
502 2217 523 2238 a
543 2207 665 2248 ‘mss.',
686 2206 777 2246 Agar
794 2216 829 2238 u.
993 2207 1015 2240 2
1034 2205 1163 2236 ditione
1183 2204 1248 2245 (α).
1401 2202 1419 2234 3
1438 2201 1619 2232 marituma
1637 2210 1670 2231 α.

332 2255 488 2288 collocati
510 2257 542 2288 b.
681 2258 702 2288 4
721 2267 740 2288 a
759 2267 795 2288 sc
814 2256 1052 2296 l‘aseosanus,
1073 2254 1161 2286 male
1181 2253 1281 2286 codd.
1423 2254 1440 2283 5
1459 2251 1618 2283 fortuniis
1639 2252 1668 2283 Ι).

331 2315 363 2347 p.
384 2305 422 2338 R.
444 2316 476 2347 a,
499 2317 574 2349 pop.
596 2306 688 2339 Rom.
713 2308 730 2337 b
750 2317 778 2338 c.
935 2308 953 2338 6
974 2316 1048 2336 cum
1067 2315 1144 2346 ego,
1166 2314 1233 2335 om.
1255 2314 1274 2335 α
1295 2304 1312 2334 b
1330 2313 1370 2342 c,-
1390 2303 1476 2344 quod
1495 2312 1528 2332 ιι.

188 2357 319 2388 ferrent
337 2361 421 2389 aute
439 2368 531 2390 corr.
552 2369 586 2390 α.
802 2358 821 2391 7
840 2356 1003 2389 Marcium
1023 2356 1088 2398 (a),
1111 2354 1269 2387 Martium
1289 2354 1309 2385 2
1328 2354 1415 2385 dett.
1431 2366 1442 2394 ,-
1461 2352 1506 2385 M.
1527 2352 1670 2394 reliqui.

332 2410 503 2442 tribunum
523 2420 592 2442 om.
613 2420 646 2441 α.
789 2409 986 2441 cohortibus
1006 2408 1115 2439 tribus
1134 2417 1154 2438 a
1176 2406 1205 2446 b,
1223 2406 1360 2437 cohorte
1380 2415 1414 2436 ll.
1555 2403 1672 2436 s't'he-

191 2470 265 2491 nam
285 2471 318 2491 (ι.
462 2462 502 2494 10
520 2463 554 2494 in
574 2472 642 2494 om.
663 2471 683 2492 α
704 2461 734 2492 b.
881 2461 914 2493 ll
938 2459 1046 2501 mille]
1066 2470 1130 2500 quo
1149 2469 1183 2499 α,
1205 2458 1259 2499 qui
1281 2458 1311 2488 b.
1458 2456 1496 2487 1¹2
1518 2455 1672 2488 omnibus

188 2522 264 2554 ego,
287 2517 321 2544 et
339 2513 492 2545 omnibus
512 2513 613 2545 codd.
756 2513 794 2545 13
813 2523 833 2544 v
851 2522 927 2554 eg‘O,
950 2522 1007 2543 vni
1027 2510 1128 2542 codd.
1148 2510 1186 2541 Ρ.
1207 2508 1287 2542 224.
1431 2508 1467 2539 14
1484 2508 1523 2538 ab
1545 2506 1673 2549 Scipio-

190 2568 242 2600 nis
261 2578 341 2599 uero
361 2579 427 2599 om..
450 2580 484 2600 α.
642 2580 666 2601 11
684 2568 836 2611 milibus]
855 2568 935 2601 εόοό
954 2569 1023 2600 mil.
1045 2578 1077 2605 (ι,
1101 2565 1139 2597 co
1160 2566 1190 2605 b,
1212 2564 1289 2597 cccc
1310 2574 1351 2595 ιιι.
1371 2575 1398 2603 e,
1424 2575 1454 2595 αι
1479 2573 1510 2593 00
1530 2563 1614 2594 mill.
1628 2563 1673 2604 d,-

190 2630 223 2652 Ν
240 2619 377 2651 milibus
395 2630 431 2650 u.
574 2621 647 2653 1011
666 2620 811 2662 milium]
832 2631 912 2653 coco
931 2631 964 2660 α,
985 2630 1035 2651 mxu
1058 2619 1075 2649 b
1089 2617 1161 2657 cd;
1181 2627 1220 2648 cn
1240 2627 1274 2648 ιι.
1415 2625 1587 2647 numerum
1605 2626 1626 2647 α
1640 2616 1670 2647 b.

341 2669 382 2702 17
400 2669 540 2701 sinistra
559 2681 579 2702 α
599 2672 629 2711 b,
650 2671 860 2714 sinistraque
880 2682 915 2704 u.
1124 2669 1261 2700 derecto
1280 2671 1364 2699 {mle
1384 2678 1475 2700 corr.
1496 2678 1530 2699 a.

193 2723 315 2765 oppido
333 2732 354 2753 a
374 2723 392 2754 b
411 2733 440 2754 c.
582 2722 623 2754 18
643 2723 792 2763 legiones
811 2742 852 2747 --
873 2723 1013 2754 eductas
1033 2738 1072 2744 —-
1092 2721 1280 2752 instructas
1300 2730 1319 2751 (1
1340 2720 1357 2749 Ιι
1376 2730 1403 2760 e,
1422 2719 1613 2760 legionibus
1630 2736 1675 2741 ——

194 2774 327 2805 eductis
345 2791 389 2796 —
407 2772 584 2804 instructis
603 2782 637 2804 u.
834 2774 876 2807 20
895 2771 1074 2804 constituit
1094 2770 1378 2811 Ozzclemlorpias,
1399 2769 1553 2801 constitit
1572 2768 1671 2799 codd.

335 2825 373 2859 21
390 2824 519 2856 Caesar
537 2834 604 2856 om.
627 2825 657 2856 b.
800 2826 842 2859 22>
856 2829 953 2855 erant
971 2834 990 2854 a
1004 2823 1035 2861 b,
1056 2828 1129 2854 erat
1148 2832 1180 2852 ιι.
1318 2821 1359 2855 23
1373 2821 1618 2863 inpressionem
1637 2828 1671 2850 a.

337 2877 379 2911 24
400 2875 580 2908 summittit
597 2885 629 2914 ιι,
652 2885 718 2906 non
739 2875 844 2906 subm.
985 2874 1028 2909 28
1048 2873 1193 2905 animum
1213 2872 1360 2905 aduertit
1379 2882 1411 2903 (ι.

1699 584 1716 613 ςῑι

1706 917 1743 948 10

1708 1253 1746 1285 15

1701 1589 1744 1622 20

1705 1926 1747 1959 25
