1835 3240
108 597 126 628 5

84 933 124 966 10

86 1273 125 1304 15

88 2292 129 2325 30

579 203 761 246 COMM.
777 203 838 246 111
860 202 986 247 CAP.
1010 204 1208 246 28—31.
1634 208 1717 251 57⁴.)

159 318 364 372 plerasque
387 330 507 357 naues
538 317 578 357 in
601 316 752 359 Italiam
786 319 951 360 remittit
986 318 1031 359 ad
1055 318 1227 371 reliquos
1249 318 1391 359 milites
1415 321 1641 374 equitesque

158 385 500 438 transportandos‚
525 392 732 439 pontoneS,
758 388 856 440 quod
871 395 1068 440 estgenus
1084 386 1240 427 nauium
1253 384 1508 435 Gallicarum,
1530 387 1639 429 Lissi
1662 388 1686 429 3

155 452 365 505 relinquit,
399 453 471 492 hoc
493 454 681 501 consilio,
715 462 756 494 ut
787 455 818 494 si
852 456 951 495 forte
972 453 1182 508 Pompeius
1215 468 1376 494 uacuam
1408 454 1640 496 existimans

155 518 307 560 ltaliam
332 534 378 560 eo
402 520 622 561 traiecisset
644 523 862 561 exercitum
879 553 889 571 ‚
915 536 1012 575 quae
1035 522 1166 575 opinio
1189 529 1274 562 erat
1296 522 1395 562 edita
1420 523 1460 562 in
1482 523 1639 576 uulgus,

158 588 325 641 aliquam
340 586 491 628 Caesar
512 589 558 628 ad
581 588 864 641 insequendum
887 590 1112 629 facultatem
1137 590 1314 641 haberet,
1340 590 1575 643 nuntiosque
1597 591 1643 630 ad
1665 591 1689 630 4

156 671 242 697 eum
267 656 454 696 celeriter
475 655 617 703 mittit,
653 657 790 709 quibus
822 657 1052 710 regionibus
1084 657 1305 697 exercitum
1330 657 1583 712 exposuisset
1604 666 1643 699 et

156 724 245 777 quid
269 724 431 763 militum
457 724 764 764 transuexisset.
810 723 919 765 Haec
943 726 1078 765 eodem
1103 727 1183 765 fere
1207 732 1382 779 tempore
1405 723 1558 766 Caesar
1583 733 1640 766 at-
1661 726 1718 771 30

157 805 230 845 que
253 790 464 845 Pompeius
487 799 745 845 cognoscunt.
802 791 905 832 Nam
939 800 1235 846 praeterueetas
1267 792 1514 847 Apolloniam
1539 793 1644 849 Dyr-

158 860 438 911 rhacliiumque
462 873 583 899 naues
607 860 811 909 uiderant,
836 860 909 913 ipsi
931 860 1008 900 iter
1029 860 1241 900 secundum
1267 875 1333 901 eas
1357 867 1463 902 terra
1487 862 1644 903 direxe-

157 934 262 976 rant,
288 928 355 967 sed
378 941 453 980 quo
477 934 612 966 essent
633 940 703 967 eae
726 927 878 968 delatae
897 959 906 977 ‚
932 928 1067 981 primis
1090 928 1225 968 diebus
1248 929 1499 981 ignorabant.
1563 928 1642 971 Co-
1664 930 1691 970 2

156 995 341 1048 gnitaque
363 1009 407 1034 re
430 994 585 1034 diuersa
607 993 682 1034 sibi
704 995 816 1034 ambo
839 995 1004 1035 consilia
1026 996 1206 1049 capiunt:
1246 995 1422 1045 Caesar,
1456 1005 1498 1037 ut
1530 1013 1642 1051 quam

156 1062 319 1116 primum
343 1076 385 1102 se
408 1076 494 1101 cum
509 1062 686 1102 Antonio
709 1062 997 1117 coniungeret3
1020 1061 1249 1118 Pompeiu3‚
1277 1072 1316 1104 ut
1339 1066 1586 1106 uenientibus
1603 1067 1644 1106 in

155 1130 299 1170 itinere
329 1143 372 1169 se
403 1137 642 1183 opponeret,
677 1130 710 1170 si
742 1130 1006 1184 imprudentes
1045 1146 1096 1172 ex
1129 1131 1280 1172 insidiis
1312 1133 1457 1173 adoriri
1490 1140 1641 1188 posset,

159 1198 373 1250 eodemque
403 1198 463 1237 die
494 1205 658 1250 uterque
690 1213 826 1238 eorum
860 1213 910 1239 ex
944 1200 1086 1240 castris
1118 1201 1274 1240 statiuis
1309 1215 1328 1241 a
1355 1202 1511 1242 ssumine
1535 1202 1642 1256 Apso
1665 1202 1689 1242 3

161 1265 379 1305 exercituin
403 1266 597 1305 educunt:
624 1264 832 1320 Pompeius
856 1268 953 1307 clam
977 1275 1017 1308 et
1039 1275 1172 1318 noctu,
1204 1267 1358 1310 Caesar
1379 1270 1504 1324 palam
1529 1278 1645 1324 atque

159 1333 344 1373 interdiu.
399 1331 479 1373 Sed
502 1331 669 1374 Caesari
693 1335 859 1374 circuitu
882 1335 1030 1376 maiore
1050 1336 1126 1376 iter
1148 1343 1234 1376 erat
1256 1337 1409 1391 longius
1426 1369 1436 1387 ‚
1473 1340 1643 1378 aduerso
1664 1337 1691 1377 4

158 1401 315 1440 flumine
331 1431 340 1449 ,
367 1408 408 1440 ut
431 1402 529 1442 uado
555 1402 725 1442 transire
747 1410 904 1456 posset:
930 1401 1156 1457 Pompeius,
1183 1404 1273 1457 quia
1296 1407 1479 1458 expedito
1501 1406 1644 1447 itinere

160 1469 302 1508 flumen
326 1469 360 1509 ei
384 1470 665 1510 transeundum
688 1485 766 1510 non
790 1478 900 1520 erat,
935 1472 1088 1525 magnis
1117 1471 1325 1512 itineribus
1357 1474 1402 1512 ad
1426 1474 1645 1515 Antonium

160 1536 362 1576 contendit
383 1543 499 1590 atque
523 1552 609 1578 eum
634 1538 697 1578 ubi
720 1539 1034 1592 appropinquare
1057 1540 1243 1594 cognouit
1259 1572 1268 1590 ‚
1302 1541 1485 1581 idoneum
1517 1543 1645 1583 locum
1668 1541 1692 1583 5

158 1610 295 1644 nactus
317 1604 369 1644 ibi
390 1605 520 1659 copias
534 1606 745 1647 collocauit
765 1621 935 1660 suosque
950 1608 1285 1648 omnesincastris
1300 1609 1494 1650 continuit
1515 1610 1646 1665 ignes-

160 1685 233 1725 que
256 1673 338 1712 fieri
360 1674 572 1726 prohibuit,
599 1687 673 1727 quo
697 1675 889 1714 occultior
910 1683 1013 1715 esset
1037 1676 1121 1716 eius
1135 1676 1343 1717 aduentus.
1378 1676 1489 1718 Haec
1501 1679 1548 1718 ad
1562 1678 1646 1718 An·
1667 1679 1693 1720 6

158 1740 307 1780 tonium
330 1741 461 1781 statim
485 1756 555 1795 per
577 1740 755 1782 Graecos
779 1743 1027 1783 deferuntur.
1089 1741 1161 1784 Ille
1193 1744 1324 1785 missis
1358 1746 1405 1785 ad
1429 1741 1646 1787 Caesarem

158 1809 308 1849 nuntiis
333 1824 450 1849 unum
474 1810 572 1850 diem
596 1824 686 1851 sese
709 1811 850 1851 castris
874 1811 1024 1861 tenuit3
1056 1812 1181 1852 altero
1205 1812 1265 1852 die
1287 1813 1335 1852 ad
1359 1827 1445 1853 eum
1468 1814 1649 1867 peruenit

161 1875 329 1917 Caesar.
375 1874 498 1918 Cuius
520 1878 693 1919 aduentu
715 1879 872 1933 cognito
895 1877 1129 1933 Pompeius,
1170 1893 1219 1920 ne
1241 1880 1391 1921 duobus
1414 1881 1646 1923 circumclu-
1668 1882 1694 1923 7

110 1953 123 1960 '
159 1945 323 1985 deretur
354 1946 626 1995 exercitibus,
671 1961 721 1986 ex
764 1960 810 1986 eo
842 1947 928 1987 loco
959 1947 1126 1987 discedit
1155 1947 1411 2002 omnibusque
1444 1949 1567 2003 copiis
1599 1951 1647 1990 ad

158 2012 419 2066 Asparagium
454 2011 821 2068 Dyrrhachinorum
852 2015 1032 2069 peruenit
1067 2022 1185 2069 atque
1216 2016 1270 2056 ibi
1299 2016 1439 2058 idoneo
1472 2018 1559 2058 loco
1582 2032 1648 2058 ca-

157 2087 241 2121 stra
263 2081 386 2135 ponit.

273 2147 348 2189 His
383 2149 621 2203 temporibus
644 2148 778 2205 Scipio
810 2149 1055 2191 detrimentis
1094 2151 1325 2205 quibusdam
1349 2153 1455 2194 circa
1476 2161 1648 2195 montem
1670 2154 1717 2199 31

161 2215 357 2257 Amanum
380 2219 551 2272 acceptis
574 2218 852 2272 imperatorem
874 2233 917 2259 se
940 2220 1225 2274 appellauerat.
1271 2219 1358 2273 Quo
1382 2223 1486 2262 facto
1510 2223 1647 2263 ciuita-
1667 2224 1693 2263 2

164 2285 266 2325 tibus
290 2285 548 2340 tyrannisque
570 2300 733 2340 magnas
756 2287 1020 2340 imperauerat
1042 2288 1228 2342 pecunias
1244 2320 1254 2338 ‚
1291 2289 1380 2329 item
1404 2290 1451 2330 ab
1474 2290 1647 2344 publica-

160 2353 221 2394 nis
244 2367 338 2394 suae
361 2354 590 2410 prouinciae
604 2355 772 2396 debitam
785 2355 935 2395 biennii
957 2356 1160 2410 pecuniam
1177 2365 1372 2411 exegerat
1393 2365 1433 2399 et
1454 2358 1501 2399 ab
1523 2358 1649 2399 isdem

303 2473 321 2506 3
341 2475 510 2518 relinquid
529 2486 564 2507 α.
707 2478 725 2508 4
745 2477 880 2519 oppinio
899 2487 932 2508 α.
1073 2479 1090 2509 5
1111 2478 1152 2509 ad
1172 2489 1231 2510 eos
1253 2479 1284 2510 b.
1434 2480 1454 2512 8
1473 2479 1650 2513 Dirrachi-

160 2535 280 2566 umque
298 2536 332 2558 a.
541 2528 560 2560 9
581 2533 671 2560 terra
691 2528 766 2560 eod.
789 2528 885 2569 Vrs„
907 2533 1020 2560 terras
1039 2540 1059 2560 α
1079 2529 1280 2571 ‘plerz'que'.
1478 2533 1648 2564 duxerant

165 2576 259 2607 ‘tn-9³.
277 2577 465 2618 plerlque'.
655 2579 694 2611 10
714 2590 775 2611 eae
794 2580 858 2621 (a),
883 2581 959 2612 ‘hae
980 2580 1040 2611 uel
1056 2580 1118 2613 hec
1137 2580 1236 2612 mss)
1420 2583 1457 2615 11
1481 2583 1592 2615 diuisa
1610 2595 1644 2615 α.

305 2626 344 2658 13
362 2628 389 2658 si
406 2627 567 2670 Lipsius,
590 2634 625 2661 et
642 2629 671 2661 si
690 2630 792 2662 codd.
982 2631 1021 2663 14
1041 2630 1182 2662 statutis
1201 2641 1222 2662 α
1235 2631 1253 2662 b
1266 2642 1295 2663 c.
1474 2632 1609 2675 Thapso
1627 2645 1648 2665 a

163 2676 272 2708 ‘mss.'
412 2680 452 2712 15
469 2680 588 2723 atque]
609 2686 642 2713 et
662 2682 691 2713 b.
833 2683 876 2717 20
896 2683 927 2714 iu
948 2683 1073 2715 castris
1092 2693 1113 2714 a
1128 2684 1157 2724 b,
1179 2684 1303 2716 casu-is
1324 2694 1358 2716 η.
1500 2686 1647 2716 obtinuit

162 2731 246 2759 ante
265 2738 358 2759 corr.
378 2740 411 2761 a.
551 2732 589 2765 21
612 2732 654 2763 ad
672 2743 742 2765 om.
762 2743 796 2765 a.
939 2734 983 2768 22
1001 2732 1129 2766 Grecos
1149 2734 1257 2766 dese?
1276 2746 1308 2766 a.
1469 2736 1510 2767 ‘26
1532 2735 1648 2767 Dirra-

163 2778 337 2811 chinorum
355 2790 387 2819 a,
409 2779 675 2823 Dyrrachiorum
695 2784 752 2816 bc.
894 2786 937 2818 29
957 2786 1196 2829 imperatorem
1216 2797 1252 2818 se
1272 2797 1292 2818 a
1311 2790 1356 2827 et,
1378 2789 1442 2828 qui
1458 2797 1546 2827 sese,
1567 2788 1646 2820 Ste-
1676 2823 1680 2830 .

157 2830 322 2871 plzanus3
343 2841 419 2863 sese
439 2832 674 2873 imperatorem
695 2838 831 2867 ceterae
850 2836 929 2868 edd.
1069 2837 1111 2870 30
1131 2838 1170 2869 ad
1190 2838 1382 2879 publicanis
1402 2848 1434 2877 a,
1456 2848 1472 2868 a
1493 2838 1644 2880 publica-

164 2882 215 2913 nis
234 2881 312 2913 edd.
452 2883 489 2915 31
513 2883 619 2916 isdem
637 2895 658 2917 a
672 2886 701 2925 b,
724 2887 851 2919 eisdem
872 2899 904 2919 n.

1332 2944 1415 2984 37*
