1835 3240
68 932 107 964 10

69 1273 107 1305 15

59 1953 102 1987 25

695 199 885 244 CAPVT
906 201 933 244 7
944 227 998 232 —
1013 199 1077 243 10.
1624 206 1707 250 669

144 328 325 368 magnum
367 327 569 355 numerum
603 316 788 356 frumenti
820 329 908 356 6556
941 315 1134 357 audiebat.
1188 313 1298 356 Haec
1331 316 1385 356 ita
1415 318 1679 373 imperabat4

148 382 358 435 unicuique
373 412 383 430 ‚
407 382 461 422 ita
484 383 763 437 praecipiebat,
789 384 845 423 uti
867 385 951 425 fieri
972 400 1053 425 non
1076 398 1192 439 posse
1213 397 1339 437 neque
1361 384 1487 425 locum
1510 402 1631 430 excu-

144 451 244 491 satio
267 450 386 490 ullum
409 450 571 491 haberet
592 465 664 491 nee
687 465 836 491 moram
859 453 1154 505 tergiuersatio.
1187 450 1276 506 Ipse
1297 452 1448 493 interea
1471 468 1523 494 ex
1544 471 1630 509 per·
1652 456 1676 498 5

141 518 243 571 fugis
269 526 306 558 et
330 518 468 559 incolis
492 518 659 572 cognitis
683 519 977 560 condicionibus
1003 518 1201 574 Scipionis
1225 527 1264 560 et
1285 520 1350 573 qui
1372 534 1458 560 eum
1483 535 1529 562 co
1551 523 1632 564 bel-

146 586 223 626 lum
256 593 394 626 contra
424 600 467 627 se
497 586 686 640 gerebant
717 586 898 627 miserari
922 588 1090 639 (regium
1123 589 1226 629 enim
1259 588 1474 641 equitatum
1497 587 1631 645 Scipio

142 667 195 694 ex
226 654 428 707 prouincia
449 654 584 694 Africa
618 653 766 705 alebat)
796 661 901 695 tanta
925 654 1102 696 homines
1124 670 1212 697 esse
1236 657 1455 706 dementia,
1488 664 1532 698 ut
1552 673 1635 699 ma-

140 722 211 762 lint
242 722 348 775 regis
372 735 460 762 esse
482 721 698 775 uectigales
714 753 724 771 ‚
759 736 872 775 quam
895 737 980 763 cum
1005 723 1158 763 ciuibus
1180 725 1220 764 in
1242 724 1368 778 patria
1388 725 1429 764 in
1451 725 1532 766 suis
1554 727 1632 767 for-

141 790 243 830 tunis
276 804 364 830 6556
395 790 628 830 incolumes.
675 787 828 830 Caesar
860 804 897 830 a.
933 791 970 830 d.
996 798 1041 830 111
1062 789 1173 831 Non.
1200 790 1286 832 Ian.
1314 799 1443 833 castra
1474 801 1630 847 mouet3
1652 796 1679 840 9

140 857 259 912 Lepti
287 872 361 898 sex
392 858 610 898 cohortium
644 858 841 913 praesidio
874 873 960 898 cum
983 856 1158 899 Saserna
1190 860 1328 900 relicto
1360 861 1444 915 ipse
1474 875 1628 915 rursus,

139 926 241 967 unde
263 926 386 980 pridie
409 932 590 975 uenerat,
606 925 825 980 Ruspinam
848 941 934 966 eum
958 926 1117 980 reliquis
1140 927 1261 981 copiis
1285 929 1481 969 conuertit
1498 930 1630 984 ibique

141 994 309 1034 sarcinis
332 994 530 1034 exercitus
553 994 702 1033 relictis
725 994 808 1048 ipse
831 1008 915 1034 cum
940 995 1125 1047 expedita
1145 1009 1261 1035 manu
1279 996 1540 1049 proficiscitur
1556 1001 1633 1039 cir-

141 1075 225 1100 cum
258 1061 372 1101 uillas
396 1062 672 1101 frumentatum
696 1061 978 1115 oppidanisque
1000 1061 1181 1116 imperat,
1207 1070 1248 1103 ut
1270 1063 1419 1116 plostra
1440 1065 1632 1108 iumenta-

141 1142 216 1181 que
257 1129 387 1169 omnia
428 1135 658 1182 sequantur.
702 1127 842 1182 Itaque
883 1144 1025 1184 magno
1058 1144 1222 1170 numero
1253 1131 1436 1171 frumenti
1467 1133 1629 1175 inuento
1651 1135 1679 1176 2

139 1196 357 1250 Ruspinam
379 1198 496 1237 redit.
533 1196 618 1236 Huc
642 1211 729 1237 euni
751 1197 898 1238 idcirco
922 1198 1107 1238 existimo
1129 1199 1345 1253 recepisse,
1363 1206 1404 1239 ut
1422 1202 1631 1243 marituma

140 1266 281 1320 oppida
312 1271 401 1318 post
431 1279 474 1305 56
510 1279 559 1305 116
583 1279 707 1305 uacua
730 1265 972 1319 relinqueret
994 1266 1266 1320 praesidioque
1289 1268 1439 1308 firmata
1461 1270 1506 1309 ad
1530 1271 1631 1310 clas-

139 1334 212 1374 sim
234 1333 481 1387 receptacula
503 1333 689 1374 muniret.
723 1331 860 1387 Itaque
882 1333 934 1374 ibi
956 1334 1096 1374 relicto
1117 1332 1162 1373 P.
1180 1331 1372 1385 Saserna,
1390 1337 1512 1377 fratre
1529 1338 1629 1389 eius,
1648 1338 1705 1383 10

139 1415 252 1455 quem
273 1400 389 1455 Lepti
414 1400 592 1455 proximo
615 1402 752 1455 oppido
774 1402 1013 1454 reliquerat,
1039 1416 1125 1442 cum
1147 1403 1303 1456 legione
1324 1403 1432 1443 iubet
1454 1419 1631 1459 compor-

140 1470 214 1510 tari
237 1470 341 1523 ligna
363 1470 403 1509 in
425 1469 604 1523 oppidum
629 1484 740 1523 quam
764 1470 929 1524 plurima
945 1487 955 1520 ς
973 1471 1057 1524 ipse
1080 1484 1166 1510 cum
1188 1471 1415 1512 cohortibus
1437 1478 1514 1523 VII,
1531 1487 1629 1526 quae
1649 1474 1678 1517 2

139 1552 192 1578 ex
212 1538 412 1578 ueteranis
434 1538 653 1592 legionibus
675 1537 716 1578 in
738 1538 865 1578 classe
888 1553 973 1578 cum
997 1537 1172 1592 Sulpicio
1195 1545 1234 1579 et
1250 1538 1411 1581 Vatinio
1433 1554 1516 1580 rem
1538 1556 1628 1596 ges-

137 1613 295 1655 serant,
331 1619 383 1646 ex
415 1606 553 1660 oppido
575 1605 756 1660 Ruspina
787 1620 972 1661 egressus
994 1606 1257 1661 proficiscitur
1278 1608 1326 1648 ad
1349 1615 1502 1662 portum
1518 1640 1528 1659 ‚
1563 1610 1629 1663 qui

138 1675 250 1715 abest
278 1674 325 1715 ab
355 1674 492 1728 oppido
514 1674 620 1715 milia
642 1689 827 1728 passuum
850 1676 924 1715 duo
941 1705 951 1723 ‚
985 1675 1116 1728 ibique
1138 1675 1304 1716 classem
1327 1677 1397 1716 suh
1419 1691 1629 1731 uesperum

137 1756 221 1783 cum
245 1756 290 1782 ea
313 1742 423 1796 eopia
447 1743 687 1783 conscendit.
730 1740 920 1783 Omnibus
943 1743 984 1783 in
1006 1744 1187 1784 exercitu
1207 1744 1343 1784 insciis
1367 1751 1405 1784 et
1425 1746 1630 1798 requiren-
1649 1746 1676 1787 3

137 1810 238 1851 tibus
269 1810 520 1865 imperatoris
553 1811 762 1851 consilium
793 1825 935 1865 magno
967 1818 1073 1852 metu
1105 1825 1150 1851 ac
1182 1811 1417 1852 tristimonia
1438 1813 1629 1854 sollicita-

134 1878 292 1919 bantur.
325 1876 456 1919 Parua
477 1878 579 1919 enim
603 1893 688 1919 cum
712 1879 822 1932 copia
844 1886 883 1919 et
904 1892 950 1919 ea
972 1880 1144 1919 tironum
1168 1893 1295 1932 neque
1318 1881 1424 1921 omni
1447 1882 1629 1935 exposita
1650 1882 1677 1922 4

134 1946 175 1986 in
189 1945 326 1986 Africa
349 1953 486 1986 contra
509 1961 670 2000 magnas
694 1947 826 2001 copias
849 1954 888 1987 et
908 1947 1126 1988 insidiosae
1148 1947 1320 1988 nationis
1337 1948 1629 2004 equitatumque

134 2014 458 2054 innumerabilem
498 2028 541 2054 se
572 2015 775 2068 expositos
816 2014 1002 2055 uidebant
1031 2028 1158 2068 neque
1189 2015 1395 2069 quicquam
1424 2017 1557 2058 solatii
1588 2019 1628 2059 in

136 2082 360 2137 praesentia
382 2096 507 2135 neque
530 2082 722 2123 auxilium
743 2083 785 2123 in
806 2096 967 2123 suorum
991 2082 1158 2123 consilio
1181 2083 1350 2123 animum
1366 2084 1628 2126 aduertebant

135 2151 211 2191 nisi
232 2151 273 2191 in
294 2151 416 2205 ipsius
437 2151 687 2205 imperatoris
710 2151 836 2202 uultu,
860 2151 999 2205 uigore
1021 2150 1266 2204 mirabilique
1290 2151 1486 2194 hilaritate
1504 2170 1513 2194 ε
1539 2154 1625 2194 ani-
1646 2153 1671 2195 5

275 2289 297 2323 2
315 2288 499 2331 unicnique
518 2289 567 2321 ita
585 2299 619 2330 α)
639 2289 686 2321 ita
705 2289 888 2331 unicuique
908 2298 930 2320 u
949 2291 985 2320 et
1001 2291 1053 2321 εἰσ
1072 2289 1089 2320 b
1111 2289 1182 2320 ‘uel
1198 2290 1289 2321 unic.
1312 2290 1384 2322 ita'.
1557 2300 1623 2322 non

133 2350 233 2382 posse
254 2350 361 2382 neque
381 2351 463 2381 ega,
492 2346 609 2383 posset
628 2351 734 2372 necne
755 2340 806 2382 (a)
830 2341 847 2371 b
867 2351 883 2371 c
901 2340 924 2372 d
941 2340 1019 2382 (nec
1039 2340 1183 2382 aliquot
1200 2340 1321 2382 detta).
1341 2341 1380 2372 P.
1400 2341 1480 2374 203.

132 2390 151 2421 3
170 2391 274 2422 ullum
293 2391 435 2433 aliquot
453 2391 557 2432 dett„
580 2391 709 2423 nullum
729 2393 781 2432 (a)
801 2392 819 2423 b
838 2403 856 2422 6
874 2391 905 2423 α’.
1108 2394 1129 2425 4
1147 2392 1399 2424 conditionibus
1415 2391 1479 2433 (a).

134 2440 257 2472 bellum
276 2446 396 2473 contra
415 2451 451 2473 se
471 2452 505 2482 a,
525 2446 646 2473 contra
665 2452 701 2473 se
720 2442 845 2473 bellum
864 2441 943 2473 edd.
1086 2441 1104 2474 7
1117 2442 1188 2473 suis
1208 2442 1368 2474 fortuniis
1388 2444 1517 2474 omisso
1537 2443 1570 2474 in
1591 2444 1622 2476 b.

276 2494 295 2526 9
308 2493 406 2536 Lepti
425 2504 502 2536 ego,
523 2494 656 2537 Leptim
675 2504 695 2526 a
715 2498 750 2526 et
766 2497 818 2526 sic
838 2494 910 2525 ‘ael
925 2493 1138 2536 Leptimque'
1159 2495 1177 2525 b
1197 2505 1214 2525 6
1231 2496 1251 2527 4
1269 2495 1379 2535 dett.;
1399 2494 1567 2537 Leptiquc
1585 2505 1623 2529 u.

279 2544 316 2576 11
338 2545 506 2577 exercitui
525 2555 545 2576 a
564 2546 595 2577 h.
760 2545 802 2579 12
822 2545 1135 2587 frumentatumque
1154 2545 1400 2588 oppidanisque
1418 2556 1452 2586 a,
1474 2545 1624 2577 frunien-

136 2600 206 2626 tum
226 2594 402 2636 oppidanis
423 2596 453 2627 b.
618 2596 748 2638 plostra
767 2607 800 2637 a,
821 2596 976 2639 plaustra
995 2595 1072 2627 edd.
1240 2597 1280 2629 13
1301 2607 1440 2628 numero
1461 2596 1623 2628 frumenti

135 2646 274 2677 inuento
292 2656 313 2677 a
331 2646 544 2688 Stephanus,
568 2647 730 2680 frumenti
750 2648 890 2679 inuento
911 2658 1049 2680 numero
1070 2651 1207 2680 ceterae
1225 2648 1304 2681 edd.
1462 2649 1503 2681 14
1521 2649 1623 2690 Rupi-

135 2706 210 2727 nam
230 2706 264 2727 a.
403 2697 466 2729 huc
483 2699 666 2740 Dauz’sz'as,
689 2699 752 2730 hoc
770 2698 870 2731 codd.
1014 2699 1187 2742 recepisse
1207 2710 1228 2731 a
1248 2700 1266 2731 b
1285 2713 1314 2738 v,
1336 2700 1463 2732 fecisse
1482 2710 1517 2731 η.
1536 2699 1620 2732 Vz'd.

136 2747 185 2779 M.
209 2747 311 2779 Caes.
332 2747 379 2779 ad
395 2747 522 2780 Front.
542 2749 603 2790 JV,
625 2751 642 2782 5
657 2750 777 2792 p.102
794 2749 896 2782 Rom.
1040 2751 1222 2783 marituma
1240 2762 1274 2783 a.
1419 2750 1619 2782 16Seserna

134 2807 168 2828 a·
349 2797 437 2839 eius]
457 2808 517 2829 suo
537 2799 568 2830 b·
745 2801 786 2834 21
806 2801 878 2832 mil.
898 2799 979 2842 pas⁹s
999 2811 1033 2833 a.
1202 2803 1246 2837 24
1265 2806 1421 2844 tyronum
1440 2810 1475 2831 a.

133 2849 175 2883 26
195 2848 373 2890 quicquam
390 2859 424 2890 a,
444 2859 514 2880 non
533 2849 647 2892 quidq.
834 2851 994 2883 solatium
1010 2862 1031 2884 a
1050 2864 1079 2885 e.
1257 2853 1298 2887 27
1320 2861 1381 2882 nec
1403 2851 1567 2885 auxilium
1586 2853 1616 2885 b.

278 2899 424 2932 animum
444 2899 673 2933 aduertebant
689 2901 752 2943 ab,
773 2912 839 2934 non
859 2902 1031 2935 animadu.
1166 2903 1209 2937 28
1221 2902 1325 2943 uulgu
1341 2912 1376 2944 a,
1395 2901 1511 2935 uultus
1532 2903 1563 2936 b.
