1835 3240
705 203 930 244 ——45

152 319 286 366 beret,
311 330 410 371 quae
430 317 470 357 in
491 316 575 371 ipsa
597 315 775 357 oratione
796 315 1030 371 legebantur
1044 346 1054 364 ‚
1088 318 1408 370 praetermissam
1430 334 1518 362 esse
1540 325 1637 367 satis

153 393 303 427 certum
326 394 398 426 est.
445 384 506 425 Ita
528 385 627 438 quod
650 385 688 424 b.
714 382 819 424 Gall.
845 383 898 434 V,
927 383 975 424 15
992 413 1002 431 ,
1037 382 1061 423 5
1095 398 1164 437 pro
1188 382 1239 437 Q.
1266 383 1440 427 Laberio
1463 387 1574 431 Duro
1597 393 1637 433 in

151 454 211 494 his
233 453 479 506 interpolatis
513 453 625 492 codd.
660 453 805 505 legitur
827 466 967 492 nomen
993 449 1180 492 Caesaris
1203 460 1311 493 certe
1333 453 1543 497 lectoribus
1567 473 1636 499 no·

150 521 228 561 tius
250 519 440 568 Labieni,
466 520 503 560 id
526 520 601 561 iam
624 520 723 573 apud
746 517 935 559 Orosium
956 517 1040 568 VI,
1068 517 1116 557 ‘ll
1141 521 1386 573 reperimus:
1421 521 1505 572 VI,
1539 524 1587 575 5,
1612 526 1636 566 3

148 588 190 628 in
211 588 459 642 interpolatis
483 588 593 628 codd.
620 587 808 641 scriptum
844 594 904 627 est
935 585 1108 640 ‘proelio
1131 601 1210 626 non
1232 601 1320 628 esse
1344 594 1634 634 contentorum'

150 669 220 709 pro
246 655 626 702 ‘concertaturum'‚
651 655 692 695 in
715 655 840 695 altera
861 655 1105 708 integrorum
1129 663 1239 707 parte
1256 686 1266 702 ‚
1301 654 1393 697 Par.
1424 673 1484 712 pr.
1510 657 1632 701 Voss.

149 737 205 776 pr.
229 722 346 777 Egm.
364 754 374 772 ,
411 728 422 746 ⁶
438 730 754 764 concertaturum
778 722 995 762 tenturum'
1031 722 1090 774 (in
1113 720 1230 775 Egm.
1259 727 1632 780 ‘temptaturum'):

148 788 264 839 VIII,
290 789 365 839 30,
393 789 413 828 l
437 791 477 830 in
498 789 661 842 reliquis
684 791 795 830 codd.
821 790 967 844 legitur
1001 794 1011 813 ‘
1026 803 1104 829 non
1127 790 1292 843 amplius
1315 792 1513 833 hominum
1537 795 1637 835 mili-

148 857 219 897 bus
242 871 294 897 ex
315 858 408 911 fuga
429 858 599 910 quinque
629 857 843 906 collectis',
878 857 918 896 in
951 857 1197 910 interpolatis
1229 859 1454 900 ‘hominum
1485 862 1635 903 duobus

148 925 304 965 milibus
328 939 377 965 ex
402 926 493 979 fuga
517 925 729 975 collectis’,
753 925 793 965 in
814 923 943 978 Bong.
970 939 1029 978 pr.
1058 925 1281 966 ‘hominum
1306 928 1455 969 duobus
1478 930 1634 971 milibus

149 1006 201 1032 ex
223 994 312 1046 fuga
337 993 505 1045 quinque
528 993 732 1033 collectis'.
777 991 927 1033 Eodem
951 991 1065 1032 modo
1089 991 1194 1043 VII,
1219 992 1294 1042 61,
1322 995 1345 1034 5
1368 994 1635 1039 Metiosedum

147 1073 217 1113 pro
238 1058 455 1100 Meloduno
478 1061 647 1114 positum
670 1060 890 1100 ostendam.
948 1057 1099 1099 Verum
1122 1060 1236 1101 huius
1258 1063 1416 1116 generis
1439 1079 1635 1119 perpauca

145 1134 251 1167 sunt.
294 1127 401 1167 Nam
423 1126 655 1168 Schneideri
679 1127 925 1181 opinionem,
962 1127 1025 1180 qui
1058 1127 1223 1181 plurima
1246 1137 1285 1170 et
1306 1131 1369 1170 uel
1390 1132 1635 1185 ineptissima

146 1209 323 1248 quaeque
338 1227 348 1243 ‚
382 1196 421 1235 in
445 1195 582 1248 quibus
606 1196 642 1235 hi
665 1196 775 1235 codd.
801 1195 848 1235 ab
870 1196 1036 1251 integris
1059 1196 1307 1250 discrepant,
1342 1211 1395 1238 ex
1417 1200 1634 1253 ephemeri-

146 1262 257 1302 dibus
276 1261 464 1304 Caesaris
488 1264 607 1317 petita
629 1270 755 1318 putat,
780 1269 932 1303 tantum
954 1263 1106 1313 absum,
1132 1271 1175 1304 ut
1197 1265 1371 1318 probem,
1396 1273 1451 1316 ut,
1480 1268 1633 1308 etiamsi

147 1330 415 1382 ephemerides
447 1332 639 1380 fuissent,
674 1345 770 1384 quas
803 1345 882 1370 non
917 1331 1039 1372 fuisse
1074 1332 1457 1384 demonstrauimus,
1502 1342 1633 1377 tamen

146 1397 247 1437 hanc
278 1412 361 1437 rem
394 1399 661 1438 incredibilem
686 1400 972 1439 existimarem.
1035 1398 1092 1439 Vt
1123 1401 1226 1440 enim
1256 1402 1433 1441 omittam
1466 1404 1561 1443 nulli
1593 1404 1633 1444 in

146 1472 314 1504 mentem
339 1466 475 1505 uenire
497 1466 686 1519 potuisse,
711 1473 755 1506 ut
777 1467 871 1506 haec
894 1480 947 1506 ex
967 1466 1280 1519 ephemeridibus
1298 1476 1521 1520 annotaret,
1546 1485 1633 1512 cum

146 1533 376 1585 plerumque
405 1533 444 1572 in
476 1534 535 1573 his
558 1534 668 1574 codd.
695 1535 941 1587 integrorum
964 1534 1183 1587 scripturae
1206 1535 1327 1576 uerba
1351 1537 1489 1578 similis
1511 1539 1633 1592 signi-

144 1600 338 1640 ficationis
361 1601 665 1650 substituantur,
695 1602 860 1653 primum
885 1615 1048 1641 necesse
1072 1610 1179 1642 esset
1200 1604 1470 1656 ephemerides
1492 1606 1632 1647 iisdem

143 1680 268 1720 paene
290 1668 422 1707 uerbis
445 1668 611 1721 scriptas
634 1669 758 1708 fuisse
781 1675 898 1721 atque
921 1670 1227 1710 commentarios
1244 1701 1253 1719 ,
1288 1672 1427 1712 deinde
1449 1674 1568 1713 multa
1591 1674 1632 1714 in

143 1734 202 1774 his
226 1735 337 1774 codd.
363 1735 572 1789 leguntur,
609 1750 706 1788 quae
730 1733 922 1786 Caesari,
958 1737 992 1776 si
1025 1737 1148 1776 semel
1170 1738 1420 1791 scripsisset,
1454 1743 1631 1782 mutandi

141 1801 256 1855 plane
278 1803 383 1842 nulla
413 1817 534 1843 causa
564 1804 719 1844 fuisset.
784 1802 861 1844 Sed
894 1818 968 1856 qua
1001 1805 1220 1858 pertinacia
1252 1806 1348 1846 haec
1380 1809 1577 1850 sententia
1609 1824 1631 1850 a

142 1867 386 1910 Schneidero
409 1878 564 1911 retenta
586 1871 651 1920 sit,
676 1871 767 1912 inde
790 1872 1013 1926 perspicere
1035 1872 1143 1921 licet,
1170 1873 1270 1925 quod
1293 1874 1414 1915 multa
1433 1906 1443 1923 ‚
1469 1891 1566 1929 quae
1589 1877 1631 1918 in

142 1938 436 1978 commentariis
460 1939 556 1979 ferri
578 1954 657 1979 non
680 1953 795 1993 posse
816 1940 1030 1990 intellexit,
1054 1941 1106 1980 ita
1130 1947 1288 1990 tuetur,
1322 1949 1366 1982 ut
1386 1942 1426 1982 in
1450 1944 1631 1997 epheme-

141 2005 289 2044 ridibus
321 2013 409 2059 apte
440 2007 531 2059 poni
561 2007 734 2060 potuisse
765 2007 875 2047 miris
906 2008 1132 2059 plerumque
1161 2010 1403 2063 argumentis
1427 2011 1626 2053 defendat.

141 2071 196 2111 Et
218 2080 347 2113 tamen
370 2089 449 2114 non
472 2076 628 2123 desunt,
655 2089 752 2127 quae
774 2076 857 2128 ipse
875 2073 1140 2115 Schneiderus
1159 2077 1339 2117 confiteri
1362 2086 1529 2132 cogatur
1550 2095 1628 2121 non

141 2154 193 2180 ex
216 2142 527 2195 ephemeridibus
550 2142 670 2196 petita
687 2174 696 2192 ,
730 2143 798 2183 sed
831 2142 877 2182 ab
908 2143 1194 2196 interpolatore
1216 2144 1324 2185 illata
1346 2159 1450 2187 esse.
1516 2146 1628 2200 Quae

139 2208 261 2262 igitur
280 2210 381 2249 ratio
405 2218 466 2250 est
488 2211 624 2250 fraude
647 2217 848 2263 comperta
870 2210 994 2264 decipi
1016 2211 1132 2251 malle
1149 2243 1158 2260 ,
1184 2227 1297 2265 quam
1320 2213 1544 2269 incorrupto
1567 2216 1627 2256 in-

142 2282 341 2329 tegrorum
365 2278 541 2318 codicum
563 2278 790 2318 testimonio
814 2279 1038 2318 confidere?
1088 2277 1213 2329 Mihi,
1249 2295 1335 2320 cum
1368 2282 1484 2337 longe
1507 2284 1628 2336 pluri-

139 2358 217 2394 ma,
242 2345 282 2384 in
305 2346 444 2397 quihus
468 2347 506 2386 111
529 2346 684 2386 codices
707 2346 754 2385 ab
777 2346 936 2398 reliquis
960 2346 1179 2396 discedunt,
1205 2347 1256 2387 ita
1282 2359 1505 2402 comparata
1529 2353 1623 2403 sint,

139 2418 183 2451 ut
204 2426 249 2452 eo
272 2414 408 2463 modo,
444 2428 518 2466 quo
551 2427 669 2467 snpra
700 2414 781 2453 dixi
798 2445 807 2463 ,
840 2427 909 2466 pro
941 2415 1123 2467 genuinis
1147 2415 1280 2455 uerbis
1303 2417 1379 2456 alia
1399 2417 1439 2457 in
1463 2420 1625 2459 eandem

140 2479 221 2519 sere
244 2482 481 2520 sententiam
505 2489 716 2535 ponantur,
742 2482 928 2534 quaedam
953 2482 1224 2534 explicentur,
1251 2485 1392 2536 partim
1415 2486 1532 2527 latius
1555 2488 1626 2528 dif-

142 2547 378 2597 fundantur,
414 2549 556 2602 partim
578 2549 736 2588 breuius
760 2550 1068 2599 contrahantur,
1103 2550 1216 2603 plane
1248 2552 1402 2592 dubium
1436 2568 1513 2594 non
1547 2562 1622 2605 est,

143 2614 234 2665 quin
256 2615 351 2656 haee
375 2617 593 2670 exemplari
613 2616 693 2665 illi,
728 2616 829 2656 unde
852 2617 1089 2669 interpolata
1118 2618 1263 2658 familia
1285 2621 1479 2674 originem
1502 2623 1620 2672 ducit,

143 2693 166 2718 a
187 2684 439 2732 grammatico
461 2685 540 2724 sint
561 2685 732 2738 ascripta
750 2715 760 2733 ,
798 2684 863 2737 qui
897 2686 1200 2725 commentarios
1223 2701 1302 2726 non
1326 2690 1538 2730 enarrabat
1560 2704 1624 2730 so-

143 2746 221 2784 lum
243 2748 461 2803 discipulis,
496 2752 564 2791 sed
596 2752 711 2792 etiam
736 2749 922 2792 Caesaris
955 2752 1086 2792 uerbis
1116 2753 1157 2793 in
1189 2754 1305 2794 aliam
1336 2757 1499 2797 formam
1531 2772 1624 2798 eon-

143 2816 343 2856 uertendis
382 2818 490 2858 alere
529 2820 680 2873 copiam
720 2827 837 2872 atque
879 2819 1113 2873 elegantiam
1155 2821 1387 2863 discentium
1427 2824 1617 2877 cupiebat.

143 2879 329 2923 Ceterum
350 2884 412 2925 hio
442 2886 556 2927 homo
589 2901 715 2940 neque
738 2887 925 2928 facultate
947 2888 1144 2929 scribendi
1166 2889 1240 2929 fuit
1262 2890 1472 2931 destitutus
1495 2904 1621 2944 neque
