1835 3240
108 182 191 224 ‘258
629 184 703 226 DE
734 182 922 226 BELLO
956 183 1205 227 GALLICO

140 299 168 342 4
189 311 304 352 posse
326 307 498 353 sperant.
544 299 602 340 Ea
624 314 688 340 res
712 306 772 339 est
795 299 989 339 Heluetiis
1010 312 1081 352 per
1101 299 1284 340 indicium
1307 299 1524 340 enuntiata.
1577 296 1667 339 Μο-

187 366 293 407 ribus
315 367 396 407 suis
419 366 694 421 Orgetorigem
729 380 781 406 ex
802 367 942 406 uinclis
965 381 1122 407 eausam
1144 367 1274 408 dicere
1306 372 1536 420 coegerunt.
1590 365 1670 408 Da-

138 433 165 474 2
186 442 355 475 mutuum
380 449 542 489 poenam
565 435 674 488 sequi
691 434 910 488 oportebat,
936 435 1333 488 utignicremaretur.
1372 433 1443 474 Die
1460 435 1669 476 constituta

189 517 331 544 causae
353 504 535 544 dictionis
558 500 774 555 Orgetorix
797 503 843 542 ad
865 503 1049 542 iudicium
1073 516 1223 542 omnem
1248 516 1355 542 suam
1381 503 1586 553 familiam,
1620 503 1666 542 ad

189 572 385 612 hominum
418 571 521 610 milia
556 571 713 619 decem,
752 570 922 623 undique
945 570 1075 623 co'e'git
1100 577 1140 610 et
1161 584 1295 610 omnes
1318 571 1482 610 clientes
1504 569 1666 610 obaera-

190 647 329 691 tosque
350 653 458 688 suos,
484 652 646 691 quorum
669 652 851 692 magnum
875 652 1076 678 numerum
1094 637 1275 688 habebat,
1301 638 1435 677 eodem
1450 638 1665 678 conduxit:

141 704 166 745 3
189 720 258 760 per
281 721 373 756 eos,
399 720 448 746 ne
470 719 625 746 causam
650 706 823 755 diceret,
849 719 892 746 se
914 705 1070 760 eripuit.
1128 704 1226 747 Cum
1251 706 1389 746 ciuitas
1412 705 1459 745 ob
1482 719 1566 746 eam
1587 718 1669 745 rem

187 774 349 814 incitata
364 774 482 813 armis
505 773 565 813 ius
588 786 698 813 suum
723 773 887 826 exsequi
911 781 1138 823 conaretur,
1163 774 1525 825 multitudinemque
1547 772 1670 812 homi-

144 842 172 882 4
193 857 282 883 num
306 857 359 882 ex
380 841 486 895 agris
510 842 763 895 magistratus
787 849 999 894 cogerent,
1035 839 1255 896 Orgetorix
1287 848 1464 881 mortuus
1487 847 1568 887 est,
1601 853 1669 879 ne-

190 925 262 963 que
285 910 396 950 abest
417 910 607 963 suspicio,
634 917 675 949 ut
697 908 871 949 Heluetii
895 909 1164 957 arbitrantur,
1191 910 1280 962 quin
1304 910 1386 963 ipse
1410 908 1483 948 sibi
1505 915 1670 948 mortem

143 978 169 1022 5
191 977 443 1018 consciuerit.
487 975 586 1017 Post
607 976 691 1017 eius
715 984 877 1017 mortem
901 977 1022 1017 nihilo
1045 978 1172 1017 minus
1187 977 1358 1017 Heluetii
1380 977 1433 1026 id,
1455 976 1556 1029 quod
1579 990 1670 1016 con-

142 1047 167 1086 2
191 1046 418 1093 stituerant,
443 1046 575 1085 facere
597 1053 806 1095 conantur,
839 1053 882 1086 ut
904 1060 924 1086 e
949 1045 1087 1085 finibus
1109 1045 1190 1085 suis
1213 1052 1373 1085 exeant.
1430 1042 1505 1084 Vbi
1528 1044 1604 1085 iam
1627 1057 1669 1084 se

190 1115 238 1154 ad
260 1127 344 1154 eam
366 1128 451 1154 rem
473 1120 630 1167 paratos
654 1127 742 1153 esse
764 1113 941 1153 arbitrati
963 1121 1070 1163 suut,
1095 1113 1232 1167 oppida
1251 1128 1321 1153 sua
1336 1112 1481 1161 omnia,
1508 1125 1671 1152 numero

190 1182 238 1222 ad
259 1181 476 1231 duodecim,
512 1181 620 1221 uicos
642 1181 691 1220 ad
713 1181 1039 1236 quadringentos,
1070 1182 1218 1234 reliqua
1242 1181 1393 1234 priuata
1416 1180 1592 1220 aedificia
1612 1179 1672 1220 in-

145 1249 170 1289 3
192 1250 390 1299 cendunt,
426 1250 664 1289 frumentum
698 1263 838 1299 omne,
874 1257 1148 1304 praeterquam
1181 1249 1282 1301 quod
1317 1263 1448 1288 seeum
1480 1247 1673 1301 portaturi

191 1325 326 1365 erant,
362 1317 617 1365 comburunt,
652 1323 694 1357 ut
716 1318 869 1357 domum
890 1317 1098 1357 reditionis
1122 1330 1190 1370 spe
1212 1316 1362 1357 sublata
1387 1316 1604 1369 paratiores
1627 1315 1675 1355 ad

192 1385 324 1425 omnia
346 1385 521 1439 pericula
543 1384 744 1424 subeunda
767 1391 916 1435 essent,
942 1385 1057 1424 trium
1080 1398 1256 1424 mensum
1282 1383 1413 1424 molita
1437 1382 1583 1423 cibaria
1598 1383 1672 1423 sibi

147 1453 175 1493 4
195 1466 385 1506 quemque
419 1454 533 1493 domo
561 1453 705 1493 efferre
736 1452 885 1492 iubent.
937 1450 1187 1492 Persuadent
1206 1450 1402 1491 Rauracis
1435 1457 1474 1492 et
1492 1450 1674 1506 Tulingis

192 1528 232 1562 et
246 1520 472 1575 Latobrigis
496 1520 686 1570 finitimis,
711 1521 768 1561 uti
790 1521 925 1560 eodem
949 1521 1009 1561 usi
1033 1520 1197 1560 consilio
1220 1520 1370 1573 oppidis
1393 1519 1473 1560 suis
1496 1519 1672 1572 uicisque

1704 915 1744 947 10

1707 1254 1746 1287 15

193 1589 348 1630 exustis
370 1603 445 1629 una
470 1604 555 1629 eum
578 1589 626 1630 iis
650 1589 961 1643 proficiscantur,
994 1586 1197 1640 Boiosque
1215 1618 1225 1636 ,
1268 1588 1330 1640 qui
1362 1595 1470 1627 trans
1491 1586 1674 1627 Rhenum
1704 1594 1747 1627 20

190 1658 441 1698 incoluerant
463 1665 502 1699 et
522 1658 560 1697 in
583 1672 718 1711 agrum
731 1654 1462 1708 NoricumtransierantNoreiamque
1476 1669 1675 1709 oppugna-

145 1724 173 1769 6
195 1732 300 1774 rant,
325 1733 504 1780 receptos
529 1726 574 1765 ad
597 1739 640 1765 se
662 1726 791 1765 socios
814 1725 888 1765 sibi
910 1725 1146 1764 adsciscunt,
1199 1722 1330 1762 Erant
1351 1723 1509 1764 omnino
1530 1724 1675 1763 itinera

194 1794 294 1843 duo,
329 1793 467 1846 quibus
498 1793 702 1833 itineribus
727 1794 838 1832 domo
862 1792 974 1832 exire
997 1799 1177 1846 possent:
1214 1806 1330 1831 unum
1356 1805 1426 1845 per
1448 1788 1671 1843 Sequanos,

193 1868 403 1915 angustum
427 1868 465 1901 et
488 1861 665 1911 difficile,
700 1861 804 1900 inter
833 1867 1005 1900 montem
1035 1858 1165 1900 Iuram
1189 1867 1227 1899 et
1256 1859 1399 1899 flumen
1422 1858 1671 1908 Rhodanum,

195 1930 266 1969 uix
288 1942 362 1984 qua
385 1929 528 1983 singuli
552 1929 654 1968 carri
679 1930 940 1977 ducerentur,
970 1942 1081 1968 mons
1103 1935 1233 1968 autem
1256 1927 1469 1967 altissimus
1491 1927 1678 1981 inpende-

148 1997 176 2038 2
195 1996 277 2047 bat,
303 2004 345 2036 ut
366 1997 480 2037 facile
502 1997 687 2050 perpauci
709 1996 915 2050 prohibere
936 2003 1120 2049 possent:
1155 1996 1319 2036 alterum
1343 2009 1412 2050 per
1433 1994 1675 2049 prouinciam

195 2072 394 2114 nostram,
429 2064 550 2104 multo
585 2064 737 2104 facilius
768 2071 883 2118 atque
916 2064 1161 2117 expeditius,
1197 2070 1404 2117 propterea
1437 2064 1536 2115 quod
1571 2063 1677 2103 inter

353 2202 366 2234 1
396 2211 435 2233 ea
462 2211 516 2232 res
544 2206 595 2233 est
616 2201 712 2233 ‘mss
737 2200 774 2233 13
793 2201 1017 2233 uetustiores
1034 2201 1212 2242 ABCes,
1243 2210 1283 2232 ea
1302 2210 1357 2232 res
1377 2199 1411 2238 d,
1441 2204 1616 2242 postquam
1636 2207 1676 2230 ea

199 2263 254 2285 res
274 2258 325 2284 est
343 2254 374 2285 D
388 2253 416 2284 E
429 2279 436 2292 ,
466 2263 505 2284 ea
535 2263 590 2285 res
608 2258 646 2285 ut
671 2259 776 2285 estu.
914 2255 1092 2286 enuntiata
1110 2257 1265 2296 ilemque
1283 2250 1422 2285 nuntius
1449 2251 1670 2292 reliquaque,

197 2316 287 2347 qnae
307 2306 387 2336 inde
406 2305 636 2346 descendunt,
655 2316 793 2347 semper
808 2306 841 2337 A
858 2309 902 2346 et,
924 2307 987 2338 ubi
1003 2307 1097 2338 nihil
1112 2315 1292 2344 monuero,
1312 2303 1356 2334 B.
1512 2303 1531 2335 2
1550 2301 1674 2333 uinclis

195 2358 269 2390 AB
285 2357 353 2389 CD
365 2357 409 2388 Ε.
565 2357 583 2388 3
604 2358 812 2389 constitutae
831 2357 918 2388 DE.
1074 2360 1093 2390 4
1113 2358 1153 2389 ud
1174 2357 1299 2388 iucium
1316 2357 1361 2389 A.
1511 2353 1675 2385 familiam

198 2418 292 2441 suam
310 2409 354 2440 A.
498 2410 514 2440 5
535 2408 650 2440 decem
670 2409 764 2440 milia
785 2408 824 2440 C.
968 2408 985 2440 ὓ
1004 2409 1210 2450 perduxits.
1352 2408 1370 2440 7
1389 2406 1462 2449 per]
1483 2409 1518 2438 et
1534 2406 1579 2437 Ε.

199 2462 236 2495 11
258 2466 400 2493 mortem
419 2460 538 2502 eiuss.
682 2461 720 2493 12
740 2465 777 2491 ut
795 2465 830 2492 et
847 2459 970 2492 finibus
983 2461 1025 2492 B.
1169 2461 1206 2493 15
1225 2463 1463 2501 praeterquam
1483 2457 1571 2500 quod
1589 2456 1675 2498 ΑΕ,

198 2518 335 2557 praeter
353 2512 439 2553 quod
459 2512 488 2543 B
501 2512 557 2544 Cb
571 2512 686 2554 edes.
829 2513 867 2546 17
888 2523 1038 2545 mensum
1052 2513 1083 2545 A
1101 2516 1136 2543 et
1153 2522 1314 2553 suprasc.
1335 2521 1381 2543 m.
1402 2522 1469 2542 sec.
1491 2511 1500 2542 i
1520 2510 1564 2550 B,
1583 2522 1676 2544 men-

195 2565 281 2598 sium
300 2573 334 2594 u.
480 2562 519 2595 18
537 2574 670 2605 queque
687 2564 723 2604 f.
866 2563 1029 2596 Reuracis
1049 2563 1088 2595 Ε.
1218 2566 1252 2594 et
1269 2572 1336 2593 om.
1360 2562 1391 2593 b.
1520 2561 1675 2604 Tulingis

198 2625 360 2658 supr-asc.
380 2617 561 2645 extremae
578 2615 659 2657 syll.
679 2626 700 2646 u
718 2616 760 2653 B,
781 2615 963 2656 Tulinguis
985 2615 1051 2656 Cs.
1208 2613 1248 2646 19
1266 2613 1441 2644 Latobicis
1464 2614 1494 2645 B
1507 2614 1673 2655 CDEd,

198 2666 374 2699 Latouicis
391 2665 436 2705 A,
455 2664 725 2708 Latocucisfet·
740 2677 787 2698 m.
805 2677 873 2697 sec.
896 2668 932 2697 in
952 2675 1068 2706 marg.
1088 2665 1130 2696 B.
1293 2664 1446 2697 finitimis
1472 2665 1544 2697 suis
1563 2666 1611 2697 uti
1630 2666 1674 2698 A.

340 2717 391 2749 usi
411 2727 478 2749 om.
498 2727 544 2747 m.
569 2727 630 2758 pr.
661 2719 690 2748 b.
832 2718 874 2750 20
893 2727 965 2749 cum
985 2717 1037 2749 his
1063 2717 1095 2749 A
1112 2717 1189 2759 Bs,
1211 2726 1284 2747 cum
1304 2716 1367 2748 hiis
1385 2716 1429 2748 E.
1569 2716 1678 2750 Rhoe-

200 2780 277 2803 num
300 2769 340 2809 B,
364 2767 536 2809 Renums.
654 2768 693 2801 21
716 2768 951 2810 obpugnarant
969 2767 1078 2809 DEs.
1197 2769 1242 2802 22
1259 2768 1457 2799 adsciscunt
1474 2766 1534 2809 (B)
1550 2767 1673 2808 CDE,

197 2820 421 2861 adciscuntf.
563 2820 606 2851 24
625 2817 796 2850 Rodanum
808 2819 846 2860 s.
985 2820 1027 2854 25
1047 2818 1175 2861 autem]
1196 2819 1327 2860 enims.
1473 2819 1679 2862 inpendebat

199 2873 229 2905 B
245 2872 311 2913 Cf.
437 2871 478 2905 26
496 2870 641 2902 alterum
669 2869 736 2900 iter
759 2879 819 2912 per
834 2868 878 2900 A.
1007 2870 1048 2903 27
1067 2871 1158 2902 inter
1184 2871 1268 2902 fines
1297 2870 1530 2902 Heluetiorum
1558 2869 1673 2909 codd,

1707 1933 1748 1968 25
