1835 3240
105 158 187 200 348
635 161 710 203 DE
741 160 930 204 BELLO
963 159 1211 204 GALLICO

180 286 255 325 quo
277 287 321 314 se
341 274 580 327 reciperent,
604 289 683 315 non
706 275 912 322 haberent,
937 288 1013 328 quo
1034 275 1235 328 superiore
1257 289 1358 316 anno
1381 277 1558 330 perfugio
1577 277 1660 318 fue-

132 337 157 378 3
178 347 268 380 rant
289 340 376 391 usi,
413 355 547 382 omnes
570 343 653 382 fere
674 342 713 381 in
735 348 969 395 potestatem
991 339 1160 382 Labieni
1182 351 1461 395 peruenerunt.
1523 344 1579 384 At
1601 341 1653 396 Q.

179 405 362 448 Titurius
385 407 486 448 etL.
503 406 622 449 Cotta
642 408 777 462 legati,
802 409 866 461 qui
888 409 926 449 in
943 407 1215 462 Menapiorum
1229 410 1326 450 fines
1347 411 1522 465 legiones
1536 412 1658 451 duxe-

177 482 284 525 rant,
309 476 487 515 omnibus
511 489 644 515 eorum
667 476 775 529 agris
798 477 965 517 uastatis
982 507 991 525 ,
1017 476 1226 516 frumentis
1249 478 1413 517 succisis
1429 508 1439 527 ,
1472 479 1658 519 aedificiis

177 542 369 592 incensis,
395 543 493 595 quod
507 541 680 597 Menapii
701 557 744 584 se
767 557 901 584 omnes
923 545 963 585 in
987 544 1240 585 densissimas
1263 544 1383 585 siluas
1406 545 1652 596 abdiderant,

131 610 157 650 4
179 624 223 650 se
245 611 292 649 ad
316 608 530 651 Caesarem
551 618 805 664 receperunt.
869 610 1022 653 Caesar
1049 613 1088 652 in
1110 611 1245 666 Belgis
1269 612 1438 651 omnium
1460 612 1657 666 legionum

178 677 342 718 hiberna
363 678 581 718 constituit.
624 677 686 718 Eo
710 680 808 720 duae
830 682 986 720 omnino
1009 680 1189 720 ciuitates
1212 694 1263 720 ex
1277 678 1481 719 Britannia
1504 680 1659 721 obsides

132 742 157 784 5
178 745 386 794 miserunt,
411 746 586 799 reliquae
608 748 884 800 neglexerunt.
938 747 1011 788 His
1033 747 1151 788 rebus
1173 747 1298 801 gestis
1322 761 1373 787 ex
1393 746 1535 788 litteris
1558 743 1659 788 Cae-

178 812 279 853 saris
302 813 451 853 dierum
473 814 614 868 uiginti
635 815 866 869 supplicatio
888 829 910 855 a
931 823 1073 856 senatu
1094 817 1252 856 decreta
1275 821 1351 855 est.

470 1255 526 1302 C.
603 1257 842 1303 IVLII
909 1255 1370 1304 CAESARIS

289 1413 442 1485 DE
507 1415 918 1487 BELLO
991 1414 1555 1487 GALLICO

539 1561 1004 1608 COMMENTARIVS
1036 1562 1310 1618 QVINTVS.

293 1829 344 1871 L.
369 1830 568 1885 Domitio,
598 1834 678 1889 Ap.
711 1832 878 1876 Claudio
910 1835 1137 1877 consulibus
1168 1835 1373 1876 discedens
1403 1833 1450 1874 ab
1484 1832 1660 1873 hibernis

181 1894 335 1940 Caesar
354 1900 395 1940 in
416 1899 586 1953 Italiam,
611 1910 654 1943 ut
675 1904 883 1957 quotannis
906 1905 1037 1944 facere
1061 1910 1287 1953 consuerat,
1314 1902 1457 1956 legatis
1478 1902 1660 1954 imperat,

180 1980 278 2019 quos
299 1968 521 2021 legionibus
544 1972 809 2023 praefecerat,
845 1972 928 2020 uti,
960 1986 1073 2024 quam
1105 1972 1290 2026 plurimas
1313 1975 1499 2024 possent,
1535 1968 1662 2008 hieme

133 2031 160 2073 2
181 2048 302 2075 naues
326 2036 588 2078 aedificandas
603 2045 835 2093 ueteresque
847 2039 1079 2080 reficiendas
1102 2045 1302 2079 curarent.
1344 2036 1496 2078 Earum
1508 2035 1663 2076 modum

324 2190 338 2222 1
360 2190 533 2223 habebant
551 2192 582 2223 b.
769 2202 833 2234 quo
852 2192 1027 2235 superiore
1047 2202 1133 2223 anno
1151 2190 1305 2234 perfugio
1326 2189 1462 2222 fuerant
1478 2189 1530 2220 usi
1549 2187 1663 2221 Weis-

179 2242 415 2283 senbornz'us3
436 2254 500 2286 quo
519 2244 695 2286 superiore
709 2254 795 2276 anno
815 2244 1015 2286 perfuerunt
1031 2245 1084 2275 usi
1103 2244 1175 2276 AB
1193 2247 1228 2275 et
1246 2241 1564 2285 quattuorlz'ttem's
1578 2242 1665 2281 post

181 2303 245 2334 quo
273 2296 386 2325 erasis
415 2298 452 2326 et
476 2295 495 2326 d
521 2305 629 2337 super
653 2306 694 2327 ue
715 2298 838 2339 posita
857 2305 1051 2337 rursusque
1078 2295 1195 2327 deleta
1217 2295 1263 2334 C,
1295 2304 1359 2335 quo
1379 2292 1554 2335 superiore
1574 2300 1661 2322 anno

181 2344 322 2378 fuerant
339 2347 391 2378 usi
408 2348 504 2387 DE5
524 2358 587 2390 quo
606 2347 760 2390 perfugio
780 2348 956 2390 superiore
976 2357 1063 2378 anno
1084 2351 1181 2378 erant
1199 2345 1252 2377 usi
1270 2356 1290 2376 α
1305 2345 1322 2375 b
1335 2344 1426 2385 des.
1446 2343 1484 2375 P.
1506 2341 1561 2375 77.

181 2397 203 2431 2
221 2407 336 2428 omnes
358 2397 429 2429 sere
449 2408 517 2429 om.
540 2399 671 2440 bcdf;
693 2398 766 2431 fere
785 2409 854 2431 om.
876 2410 923 2431 m.
938 2409 997 2441 pr.
1021 2399 1061 2431 C.
1202 2401 1372 2428 uenerunt
1391 2396 1408 2426 b
1422 2395 1517 2436 eds.

179 2452 216 2479 at
235 2458 332 2492 quem
351 2448 505 2481 Titurius
524 2450 566 2481 B.
708 2451 726 2483 3
745 2450 873 2482 Lucius
892 2452 934 2483 B.
1075 2453 1095 2484 4
1113 2450 1346 2490 aedificiisque
1367 2447 1517 2479 incensis
1538 2446 1660 2487 bees.

325 2501 344 2532 (i
364 2502 404 2532 ad
425 2501 606 2533 Caesarem
627 2503 709 2544 ses.
853 2502 872 2534 7
890 2502 1043 2534 Britania
1059 2503 1102 2533 B.
1243 2500 1264 2532 8
1283 2498 1407 2540 reliqui
1428 2498 1458 2529 b.
1610 2495 1662 2527 lu-

182 2551 247 2584 lius
267 2551 385 2584 Celsus
405 2552 648 2585 Constantinus
667 2565 701 2586 u.
722 2564 749 2585 c.
772 2553 840 2595 legi
859 2555 941 2586 belli
961 2553 1084 2586 Gallici
1104 2554 1190 2586 liber
1208 2564 1257 2585 1111
1277 2552 1419 2594 explicit
1436 2551 1478 2582 B.

328 2693 452 2736 Incipit
469 2693 557 2725 liber
573 2703 594 2723 v
611 2693 688 2733 lege
710 2692 862 2725 feliciter
879 2694 911 2724 in
932 2692 1072 2724 Domino
1091 2693 1134 2724 B.
1324 2693 1336 2725 1
1359 2692 1464 2724 Lucio
1482 2703 1524 2733 u,
1545 2702 1613 2723 om.
1632 2692 1663 2722 B

187 2744 386 2785 ‘pler-ique&
531 2743 594 2784 Ap.
609 2768 617 2783 ‚
635 2753 797 2785 supraw.
817 2753 886 2774 sec.
905 2753 950 2774 m.
974 2743 1018 2783 io,
1038 2743 1080 2773 B.
1243 2743 1263 2776 2
1281 2747 1477 2784 consuerat,
1497 2752 1566 2774 non
1586 2752 1664 2773 con-

187 2800 361 2833 sueuerat,
382 2794 468 2837 (B)e
489 2794 571 2825 ‘mei
586 2794 812 2834 quz‘redecz'm',⁴
833 2793 1045 2830 instituerat,
1066 2795 1223 2835 ascripto
1237 2803 1306 2835 pro
1321 2804 1400 2826 aar.
1423 2794 1503 2825 lect.
1523 2802 1663 2825 consue-

188 2852 299 2887 uerat,
320 2858 348 2878 c.
490 2849 509 2880 4
529 2844 675 2886 modum]
696 2855 808 2876 rerum
829 2846 864 2876 G.
