1835 3240
101 186 184 228 ‘260
624 182 698 225 DE
730 180 919 224 BELLO
952 179 1203 224 GALLICO

175 298 454 348 conuenirent,
478 297 618 352 legatis
639 297 841 350 respondit
857 296 955 336 diem
972 309 1014 335 se
1027 296 1074 336 ad
1088 292 1377 337 deliberandum
1391 301 1653 351 sumpturum:

127 368 156 413 8
178 368 210 408 si
233 366 322 420 quid
346 366 508 415 uellent,
533 365 581 405 ad
611 363 670 404 Id.
696 363 824 417 April.
850 371 1162 404 reuerterentur.
1207 363 1362 404 Interea
1395 378 1440 404 ea
1471 364 1651 418 legione,

175 450 288 489 quam
312 448 445 474 secum
467 432 648 480 habebat,
673 432 952 484 militibusque,
979 432 1042 486 qui
1066 446 1119 473 ex
1140 432 1340 486 prouincia
1364 437 1652 480 conuenerant,

175 518 196 543 a
211 504 296 545 lacu
309 500 529 549 Lemanno,
553 500 593 555 ’ᾗ-
615 499 731 552 quiin
754 500 896 539 flumen
910 499 1142 540 Rhodanum
1165 499 1304 547 influit,
1330 500 1376 539 ad
1399 507 1568 539 montem
1591 497 1655 538 Iu-

173 586 274 621 ram,
299 570 362 623 qui
385 570 482 609 fines
499 565 770 620 Sequanorum
792 566 839 607 ab
860 565 1056 608 Heluetiis
1078 567 1229 617 diuidit,
1255 567 1360 606 milia
1382 580 1564 619 passuum
1587 567 1651 605 de-

174 654 256 682 cem
281 651 421 679 nouem
445 649 593 675 murum
615 635 654 674 in
677 635 918 675 altitudinem
948 635 1084 688 pedum
1115 635 1284 676 sedecim
1314 635 1537 687 fossamque
1567 646 1655 687 per-

126 709 154 750 2
175 706 294 748 ducit.
347 703 406 744 Eo
439 717 556 757 opere
585 704 760 756 perfecto
784 703 980 757 praesidia
1001 703 1195 757 disponit,
1230 702 1392 743 castella
1423 701 1652 751 communit,

174 789 248 829 quo
279 772 459 820 facilius,
490 771 523 811 si
554 785 597 811 se
625 771 751 811 inuito
783 771 954 811 transire
985 778 1244 821 conarentur,
1280 769 1486 823 prohibere
1508 768 1649 822 possit.

124 843 148 883 3
170 842 248 884 vbi
271 855 315 881 ea
339 840 438 889 dies,
463 853 574 892 quam
588 839 850 880 constituerat
871 854 957 880 cum
980 839 1137 892 legatis,
1162 839 1286 887 uenit,
1313 844 1351 877 et
1372 837 1491 892 legati
1505 836 1551 876 ad
1566 849 1653 876 eum

173 914 442 955 reuerterunt,
469 914 587 960 negat
607 920 651 947 se
673 921 782 948 more
814 914 853 948 et
883 907 1063 960 exemplo
1094 906 1223 961 populi
1246 905 1414 946 Romani
1438 918 1555 958 posse
1576 903 1656 944 iter

175 978 241 1018 ulli
265 991 333 1031 per
354 975 594 1030 prouinciam
619 975 711 1015 dare
734 982 795 1025 et,
820 974 853 1016 si
875 975 952 1015 uim
976 976 1104 1014 facere
1127 982 1345 1023 conentur,
1370 972 1654 1027 prohibiturum

125 1047 151 1086 4
174 1045 360 1087 ostendit.
404 1042 580 1083 Heluetii
600 1056 647 1083 ea
669 1056 736 1096 spe
768 1043 909 1083 deiecti
942 1043 1106 1083 nauibus
1129 1042 1274 1083 iunctis
1297 1041 1524 1094 ratibusque
1547 1054 1651 1080 com-

171 1113 347 1168 pluribus
370 1111 507 1161 factis,
539 1111 605 1151 alii
627 1110 737 1150 uadis
760 1109 967 1160 Rhodani,
1002 1126 1075 1164 qua
1107 1111 1266 1151 minima
1297 1109 1460 1149 altitudo
1483 1107 1655 1148 fluminis

173 1189 273 1232 erat,
299 1178 786 1233 nonnumquaminterdiu‚
813 1178 968 1232 saepius
982 1186 1117 1228 noctu,
1142 1179 1173 1218 si
1198 1190 1452 1231 perrumpere
1474 1182 1651 1230 possent,

173 1249 304 1290 conati
336 1249 466 1302 operis
498 1247 714 1287 munitione
746 1254 786 1286 et
815 1246 977 1286 militum
1011 1259 1204 1285 concursu
1236 1252 1274 1285 et
1307 1244 1392 1284 telis
1415 1243 1561 1298 repulsi
1585 1243 1656 1282 hoc

126 1319 153 1362 9
177 1323 318 1358 conatu
340 1317 590 1356 destiterunt.
635 1313 950 1366 Relinquebatur
972 1328 1048 1353 una
1074 1327 1141 1366 per
1163 1310 1369 1365 Sequanos
1392 1311 1472 1359 uia,
1496 1325 1570 1363 qua
1584 1309 1658 1351 Se-

124 1385 312 1438 2(1uanis
346 1383 480 1423 inuitis
511 1389 670 1436 propter
700 1381 905 1435 angustias
935 1381 993 1421 ire
1027 1394 1103 1419 non
1137 1386 1331 1433 poterant.
1384 1377 1457 1417 His
1480 1392 1565 1417 cum
1588 1392 1658 1418 sua

175 1459 314 1507 sponte
336 1451 572 1505 persuadere
595 1464 673 1490 non
696 1456 873 1503 possent,
897 1449 1051 1503 legatos
1074 1448 1120 1488 ad
1143 1445 1429 1498 Dumnorigem
1452 1444 1657 1486 Haeduum

128 1520 152 1561 3
176 1521 358 1569 mittunt,
393 1526 433 1559 ut
463 1533 509 1559 eo
539 1519 795 1572 deprecatore
823 1531 845 1556 a
880 1515 1077 1569 Sequanis
1106 1516 1377 1569 impetrarent.
1430 1511 1658 1553 Dumnorix

175 1587 302 1642 gratia
325 1594 363 1628 et
383 1586 592 1640 largitione
622 1586 721 1639 apud
751 1582 958 1637 Sequanos
991 1584 1196 1637 plurimum
1228 1588 1384 1636 poterat
1406 1587 1446 1621 et
1466 1579 1661 1620 Heluetiis

175 1662 263 1696 erat
283 1655 447 1702 amicus,
473 1654 572 1708 quod
596 1668 648 1693 ex
671 1667 716 1693 ea
739 1653 903 1693 ciuitate
917 1649 1167 1706 Orgetorigis
1182 1650 1295 1690 filiam
1309 1650 1349 1689 in
1369 1648 1659 1689 matrimonium

175 1724 372 1772 duxerat,
416 1730 454 1762 et
485 1722 696 1774 cupiditate
731 1720 842 1774 regni
884 1719 1074 1760 adductus
1107 1719 1217 1758 nouis
1260 1717 1377 1756 rebus
1411 1715 1594 1756 studebat
1624 1722 1664 1754 et

129 1791 154 1830 4
176 1805 288 1845 quam
325 1790 511 1845 plurimas
535 1789 719 1829 ciuitates
742 1802 813 1828 suo
842 1787 1033 1828 beneficio
1065 1785 1207 1826 habere
1237 1784 1448 1824 obstrictas
1489 1782 1662 1831 uolebat,

176 1857 313 1912 ltaque
355 1872 435 1899 rem
467 1857 630 1913 suscipit
661 1864 699 1897 et
729 1870 749 1896 a
783 1853 980 1911 Sequanis
1010 1855 1214 1909 impetrat,
1259 1858 1301 1892 ut
1340 1865 1408 1905 per
1439 1852 1535 1891 fines
1571 1864 1663 1891 suos

325 2044 334 2075 1
359 2048 583 2085 sumpturum,
603 2053 671 2074 non
693 2046 879 2072 sumturum
894 2063 903 2079 ,
923 2041 984 2072 Aa
1004 2050 1121 2071 omnes
1141 2037 1354 2070 Srhnenlerz·
1369 2039 1522 2077 itemque
1535 2036 1662 2075 postea

177 2095 329 2135 similia,
348 2097 383 2126 si
400 2095 495 2126 nihil
509 2096 702 2135 annotabo,
722 2103 861 2134 semper
877 2093 920 2125 B.
1067 2093 1087 2126 2
1115 2092 1155 2122 ad
1177 2089 1294 2131 eodd.,
1314 2099 1345 2120 a.
1366 2090 1398 2120 d.
1419 2099 1454 2119 u.
1597 2085 1646 2117 ld.

174 2148 228 2187 A,
248 2148 305 2190 yd.
326 2148 357 2179 E
371 2172 379 2188 ,
402 2147 479 2179 ldus
499 2147 595 2190 (as).
734 2145 841 2188 April’
860 2146 892 2178 A
907 2145 998 2185 CD,
1018 2144 1110 2186 Aprl'
1127 2143 1186 2185 as.
1341 2150 1381 2172 ea
1401 2140 1518 2182 orn-s.

178 2198 349 2238 legatione
367 2199 449 2230 DE.
615 2199 633 2231 3
653 2209 692 2230 ex
711 2197 829 2238 onus.
993 2197 1013 2227 4
1032 2195 1087 2237 qui
1108 2197 1190 2226 cett.
1209 2193 1247 2224 P.
1271 2193 1326 2227 52.
1486 2191 1518 2222 in
1539 2200 1608 2222 om.
1631 2189 1662 2220 b.

322 2249 496 2282 Rodanum
522 2251 641 2293 ssuits.
801 2250 818 2281 5
844 2249 957 2280 decem
979 2253 1013 2279 et
1032 2256 1150 2278 nouem
1180 2245 1254 2284 Ge,
1275 2244 1333 2286 (P.
1358 2243 1455 2284 114),
1485 2251 1605 2273 nouem
1633 2242 1663 2272 b.

323 2303 342 2334 6
360 2303 480 2344 pedum
499 2313 543 2334 xv
564 2303 605 2334 C.
721 2301 894 2342 fossams.
992 2300 1012 2331 8
1032 2299 1137 2340 possit
1155 2297 1187 2329 A
1202 2296 1272 2328 CD
1293 2295 1344 2337 (a)
1364 2296 1382 2326 b
1404 2294 1513 2336 dset
1529 2293 1665 2335 (secuu—

178 2354 258 2385 dum
281 2353 493 2393 ll'liittz'mn)
513 2365 549 2393 e,
570 2358 687 2396 posset
707 2353 745 2384 Ε.
766 2351 930 2384 Addencl.
949 2351 997 2382 ad
1012 2351 1052 2382 P.
1073 2351 1128 2382 85.
1260 2348 1279 2380 9
1298 2347 1370 2377 dies
1388 2355 1457 2377 om.
1477 2347 1515 2375 et
1527 2354 1596 2375 sec.
1616 2354 1662 2374 m.

180 2408 265 2436 ante
282 2404 378 2436 uenit
390 2408 498 2446 ponit
511 2406 544 2446 f.
666 2406 703 2438 10
722 2408 985 2436 reuerterentur
1003 2403 1070 2444 Es,
1101 2404 1324 2433 reuertuntur
1342 2409 1359 2429 c
1388 2398 1421 2429 ‘2
1438 2396 1576 2429 Leidd'.

181 2456 314 2499 publice
342 2457 444 2497 reis.
541 2458 575 2489 11
600 2455 866 2499 prohibiturum]
895 2466 931 2487 se
951 2455 1034 2487 add.
1054 2454 1140 2486 DE.
1251 2451 1292 2485 12
1318 2458 1416 2491 quam
1443 2448 1598 2490 pluribus
1626 2448 1662 2479 C·

326 2507 364 2538 ’13
384 2507 563 2549 Rodanis.
681 2508 828 2540 altitudo
847 2507 954 2549 ipsius
975 2510 1050 2537 erat
1069 2506 1098 2545 b,
1120 2502 1265 2536 altitudo
1284 2504 1358 2532 erat
1376 2500 1521 2531 fluminis
1544 2500 1584 2531 C.

185 2559 221 2590 14
242 2567 491 2599 nonnumquam
510 2558 542 2599 s
556 2561 590 2589 ef
607 2567 700 2589 corr.
721 2558 795 2589 alia
812 2567 858 2589 m.
879 2557 934 2596 D,
956 2564 1196 2597 nonnunquam
1216 2554 1265 2592 (a)
1285 2562 1319 2583 u.
1462 2555 1560 2581 nocte
1578 2549 1666 2582 DE.

326 2609 365 2641 15
385 2608 585 2650 munitione]
607 2609 788 2640 conatione
807 2607 894 2639 DE.
1055 2606 1155 2637 taetis
1178 2605 1223 2636 A.
1389 2603 1430 2635 18
1457 2601 1665 2643 persuadere

183 2671 245 2691 non
266 2664 424 2702 poterant
444 2661 540 2690 ‘vn-ss.
564 2659 616 2691 11’
634 2660 666 2691 A
681 2659 828 2691 CDEa
841 2658 896 2699 ef.
1050 2655 1321 2696 Dumnorigmem
1341 2654 1399 2695 Αφ
1413 2679 1421 2693 ,
1450 2652 1666 2693 Dumnorigi-

183 2722 256 2743 nem
275 2711 347 2750 Art,
369 2710 630 2751 Domuoriems.
774 2708 927 2740 Heduum
947 2717 980 2738 α.
1128 2706 1164 2737 1¹.)
1184 2707 1300 2737 eodem
1319 2709 1499 2747 precatore
1519 2704 1549 2735 b.

182 2763 221 2795 21
245 2761 460 2793 matrimonia
477 2764 560 2792 ante
578 2770 670 2792 corr.
685 2771 718 2792 α.
815 2759 857 2793 23
877 2768 938 2789 suo
957 2757 1121 2789 beneficio
1137 2756 1298 2789 ‘sedecim
1313 2754 1394 2787 mei’
1413 2755 1524 2787 ACD
1535 2755 1594 2786 Ea
1604 2754 1666 2796 df,-

185 2825 245 2846 suo
265 2814 329 2845 sibi
349 2814 426 2845 ben.
444 2823 478 2844 u.
645 2812 688 2843 24
708 2810 815 2852 ‘suos]
844 2809 976 2840 aluerni
996 2808 1078 2840 αιΙιΙ.
1100 2809 1149 2849 E,
1177 2808 1239 2840 sed
1257 2808 1420 2850 uit-gula,
1449 2811 1491 2839 ut
1505 2807 1665 2847 uidetur,

181 2864 345 2898 deletum'
373 2864 534 2898 Sclmez'cl.

1684 573 1702 604 5

1688 908 1727 942 10

1692 1250 1729 1282 15
