1835 3240
109 174 193 218 694
697 173 869 216 BELLl
898 172 1147 217 AFRICAE

185 300 273 328 meo
295 285 474 328 exercitu
495 285 652 327 ordines
674 287 826 327 ducatis
851 287 1068 340 missosque
1091 287 1192 328 facio
1221 294 1261 328 et
1281 295 1466 341 quantum
1487 294 1576 343 pote
1598 287 1665 329 ab·

136 354 163 395 6
185 367 274 395 esse
295 351 348 395 ei
367 353 506 395 Africa
527 352 671 394 iubeo'.
734 352 869 407 Itaque
892 355 1010 395 tradit
1031 369 1099 396 eos
1121 355 1416 396 centurionibus
1439 363 1479 397 et
1499 356 1665 409 singulis

183 435 263 462 non
283 422 448 476 amplius
470 420 647 474 singulos
669 420 824 462 additos
853 435 993 463 seruos
1014 423 1055 462 in
1077 435 1218 463 nauem
1240 422 1485 476 inponendos
1506 437 1664 477 separa·

182 490 250 531 tim
272 490 442 531 curauit.

107 557 162 602 55
296 556 455 598 Gaetuli
484 554 641 596 interim
673 557 886 611 perfugae,
920 570 1018 610 quos
1047 571 1134 597 cum
1165 557 1310 598 litteris
1337 556 1607 610 mandatisque
1639 571 1661 598 a
1692 566 1710 598 5

183 622 360 666 Caesare
381 624 523 664 missos
545 636 662 676 supra
684 624 911 674 docuimus,
945 625 993 664 ad
1016 638 1108 665 suos
1131 624 1237 665 ciues
1259 625 1510 678 perueniunt.
1555 623 1663 678 Quo-

181 707 267 733 rum
289 690 522 732 auctoritate
545 689 658 730 facile
680 690 833 731 adducti
858 689 1123 747 Caesarisque
1147 692 1304 732 nomine
1327 692 1504 745 persuasi
1526 706 1549 732 a
1569 706 1663 745 rege

180 757 276 800 Iuba
301 758 526 799 desciscunt
548 758 810 811 celeriterque
841 759 972 799 cuncti
993 773 1099 800 arma
1123 760 1279 813 capiunt
1299 766 1510 812 contraque
1530 772 1664 812 regem

134 827 158 866 2
182 827 312 866 facere
333 838 412 865 non
433 824 626 865 dubitant.
680 824 833 878 Quibus
855 827 974 867 rebus
996 827 1164 880 cognitis
1186 825 1282 868 Iuba
1304 828 1499 868 distentus
1522 827 1662 880 triplici

179 893 280 934 bello
303 892 620 945 necessitateque
641 901 801 934 coactus
827 894 873 935 de
895 894 976 935 suis
995 894 1132 948 copiis,
1167 908 1263 948 quas
1287 901 1424 935 contra
1448 893 1662 935 Caesarem

178 960 414 1009 adduxerat,
439 972 515 1000 sex
533 960 715 1001 cohortes
737 961 777 1001 in
794 962 891 1002 fines
907 962 1022 1015 regni
1043 962 1104 1002 sui
1125 962 1259 1012 mittit,
1279 976 1376 1015 quae
1400 968 1534 1002 essent
1550 975 1662 1016 prae-

108 1027 166 1072 56
189 1027 288 1068 sidio
310 1034 448 1068 contra
470 1026 678 1069 Gaetulos.
737 1027 890 1070 Caesar
910 1029 1082 1070 brachiis
1105 1030 1288 1083 perfectis
1310 1030 1575 1083 promotisque
1598 1042 1662 1069 us-

130 1095 159 1136 2
181 1109 255 1150 que
278 1109 339 1146 eo,
375 1109 450 1149 quo
473 1096 591 1136 telum
614 1108 667 1137 ex
688 1097 826 1150 oppido
850 1098 949 1138 adici
972 1111 1051 1138 non
1072 1105 1222 1150 posset,
1257 1104 1387 1137 castra
1407 1097 1545 1146 munit,
1578 1096 1662 1137 bal-

179 1163 281 1204 listis
302 1163 654 1218 scorpionibusque
675 1163 824 1205 crebris
848 1173 938 1206 ante
960 1166 1127 1205 frontem
1151 1172 1368 1205 castrorum
1392 1172 1532 1204 contra
1553 1163 1660 1217 oppi-

180 1231 269 1272 dum
301 1231 505 1272 collocatis
537 1232 765 1272 defensores
805 1232 906 1272 muri
938 1232 1143 1273 deterrere
1174 1246 1252 1271 non
1284 1231 1507 1271 intermittit
1538 1243 1662 1283 eoque

129 1298 153 1339 3
176 1299 345 1352 quinque
375 1298 552 1352 legiones
584 1312 637 1338 ex
667 1299 936 1353 superioribus
961 1299 1102 1339 castris
1125 1298 1292 1340 deducit.
1356 1296 1444 1350 Qua
1475 1297 1662 1338 facultate

173 1366 305 1406 oblata
335 1365 587 1407 inlustriores
618 1366 890 1421 notissimique
912 1374 1162 1420 conspectum
1185 1366 1399 1407 amicorum
1422 1365 1660 1420 propinquo-

173 1447 338 1488 rumque
360 1433 625 1487 efflagitabant
640 1441 757 1487 atque
778 1435 884 1475 inter
905 1448 948 1475 se
970 1434 1304 1488 colloquebantur.
1350 1432 1464 1487 Quae
1485 1446 1551 1473 res
1570 1432 1661 1486 quid

128 1501 155 1541 4
177 1500 356 1542 utilitatis
386 1500 573 1552 haberet,
608 1499 822 1543 Caesarem
853 1516 932 1542 non
964 1501 1139 1543 fallebat.
1201 1501 1385 1558 Namque
1417 1499 1576 1542 Gaetuli
1606 1513 1661 1540 ex

174 1569 348 1622 equitatu
369 1570 480 1623 regio
502 1569 717 1611 nobiliores
741 1570 990 1624 equitumque
1004 1570 1207 1624 praefecti,
1233 1585 1396 1624 quorum
1419 1575 1549 1623 patres
1571 1581 1658 1608 cum

174 1634 308 1677 Mario
339 1643 431 1678 ante
462 1645 688 1678 meruerant
718 1638 883 1691 eiusque
913 1638 1107 1679 beneficio
1137 1638 1245 1692 agris
1278 1637 1497 1690 finibusque
1527 1635 1659 1677 donati

172 1711 262 1758 post
282 1701 419 1745 Sullae
449 1705 654 1746 uictoriam
676 1705 746 1746 sub
768 1705 1007 1760 Hiempsalis
1029 1707 1136 1760 regis
1158 1714 1273 1747 erant
1294 1706 1372 1747 dati
1404 1711 1653 1759 potestatem,

172 1772 381 1813 occasione
399 1780 511 1827 capta
533 1780 649 1814 nocte
669 1773 747 1813 iam
763 1773 974 1814 luminibus
997 1773 1178 1814 accensis
1201 1788 1287 1813 cum
1306 1773 1416 1826 equis
1434 1771 1656 1813 calonibus-

175 1852 249 1892 que
271 1839 352 1880 suis
374 1840 532 1881 circiter
560 1840 664 1880 mille
695 1841 922 1894 perfugiunt
951 1841 991 1881 in
1014 1838 1203 1881 Caesaris
1234 1847 1380 1890 castra,
1416 1853 1513 1893 quae
1545 1845 1658 1880 erant

97 1906 153 1950 5¹7
174 1906 214 1948 in
237 1921 374 1961 campo
396 1907 574 1961 proxime
597 1908 763 1962 [locum]
787 1907 948 1949 Vzittae
970 1908 1114 1949 locata.
1162 1906 1277 1960 Quod
1298 1915 1499 1961 postquam
1524 1904 1655 1960 Scipio

174 1974 314 2027 quique
345 1987 432 2014 cum
465 1988 511 2015 eo
543 1982 657 2015 erant
688 1982 985 2029 cognouerunt,
1030 1990 1115 2016 cum
1140 1975 1323 2016 commoti
1345 1988 1395 2014 ex
1419 1974 1486 2014 tali
1508 1974 1656 2013 incom-

171 2042 283 2082 modo
306 2048 454 2091 essent,
477 2042 560 2083 fere
582 2056 652 2096 per
672 2042 711 2082 id
733 2050 883 2096 tempus
896 2041 957 2083 M.
971 2042 1172 2097 Aquinum
1195 2057 1281 2082 cum
1297 2039 1346 2082 C.
1364 2039 1539 2082 Saserna
1561 2054 1653 2081 con-

123 2108 150 2149 2
171 2109 394 2162 loquentem
418 2109 617 2150 uiderunt.
650 2107 783 2165 Scipio
805 2110 925 2151 mittit
945 2111 992 2151 ad
1003 2111 1226 2165 Aquinum:
1251 2110 1345 2150 nihil
1367 2109 1548 2149 adtinere
1568 2121 1654 2148 eum

314 2201 330 2233 1
351 2201 523 2243 missoque
542 2212 576 2233 α.
768 2207 847 2245 pote
868 2203 1151 2244 Oudendorpz'us,
1171 2207 1249 2244 peto
1268 2211 1290 2233 a
1310 2202 1327 2233 b
1347 2211 1385 2240 c;
1404 2203 1518 2242 potest
1535 2198 1558 2231 d
1575 2197 1652 2230 cod.

169 2251 250 2284 Vrs.
271 2261 306 2282 u.
469 2253 490 2285 2
511 2252 653 2284 tradita
674 2253 704 2293 b,
725 2253 868 2284 tradidit
885 2264 918 2285 ιι.
1077 2253 1095 2285 3
1118 2263 1235 2284 nauem
1256 2252 1480 2286 Vasco-sanus
1498 2249 1579 2291 (sed
1596 2258 1655 2280 na-

168 2303 275 2345 uim);
295 2313 383 2335 naue
403 2314 438 2344 α,
458 2304 537 2335 naui
556 2314 578 2335 u
597 2307 635 2336 et
651 2305 718 2337 ‘ita
736 2305 797 2337 uel
812 2315 899 2337 naue
919 2315 1004 2337 mss.
1025 2304 1170 2336 cuncti’,
1387 2301 1598 2345 inponendos
1617 2310 1650 2332 α.

312 2354 354 2389 12
371 2355 604 2397 permotisque
624 2356 656 2387 b.
813 2356 853 2388 13
873 2366 937 2398 quo
956 2366 974 2387 c
990 2356 1011 2388 4
1030 2355 1132 2396 dett„
1153 2366 1221 2387 om.
1242 2365 1262 2387 a
1283 2355 1314 2386 b.
1472 2351 1563 2383 adici
1581 2350 1654 2384 Va-

166 2413 347 2446 scosanus,
370 2406 458 2438 abici
477 2416 497 2438 α
517 2410 550 2438 et
567 2408 622 2438 sie
639 2406 712 2438 ‘uel
726 2406 829 2439 abiici
848 2418 930 2438 mss.
946 2408 1092 2439 omnes’.
1285 2404 1421 2437 balistis
1440 2403 1506 2445 (a).

167 2454 209 2486 14
221 2460 338 2487 contra
358 2466 378 2487 α
398 2457 428 2497 b,
449 2461 637 2499 contraque
656 2467 691 2488 u.
836 2458 874 2490 15
887 2467 991 2499 eoque
1010 2457 1138 2498 Aldus,
1159 2466 1282 2498 eosque
1301 2465 1322 2486 α
1344 2455 1375 2486 b.
1519 2453 1559 2486 ’16
1571 2453 1652 2485 edu-

165 2504 213 2536 cit
230 2506 286 2547 qui
306 2506 337 2537 b.
527 2508 564 2540 17
585 2507 803 2539 inlustriores
822 2518 856 2539 α.
1044 2508 1083 2540 19
1104 2507 1253 2539 faciebat
1271 2516 1305 2546 α,
1324 2504 1456 2537 latebat
1475 2504 1506 2536 b.

164 2557 208 2590 20
227 2562 342 2599 partes
361 2568 395 2589 11-
558 2560 602 2593 22
622 2559 739 2602 Syllae
759 2559 824 2601 (a).
975 2559 1046 2591 dati
1064 2562 1232 2601 potestate
1253 2556 1369 2597 codd.,
1389 2560 1561 2598 potestate
1580 2554 1651 2586 dati

165 2608 280 2641 Aldus
298 2619 320 2641 u
339 2609 557 2651 (potestatem
578 2610 795 2652 Oberlc'nus).
951 2611 994 2644 23
1013 2615 1153 2653 accepta
1173 2612 1204 2642 b.
1367 2609 1409 2644 24
1427 2607 1534 2650 mille]
1556 2606 1596 2641 ·ἶ·
1616 2618 1652 2640 α.

307 2662 350 2696 25
362 2662 471 2693 locum
490 2662 605 2703 codd„
619 2672 687 2695 om.
708 2663 785 2695 cdd.
799 2663 853 2694 An
871 2663 1026 2704 proximo
1044 2663 1118 2694 loco
1131 2663 1146 2693 ?
1280 2660 1416 2693 Vzittae
1435 2670 1467 2700 a,
1482 2658 1603 2692 Vzitae
1615 2669 1651 2693 u.

309 2721 392 2753 quos
411 2717 590 2754 postquam
609 2723 638 2745 c.
778 2713 821 2747 27
838 2712 927 2744 ferre
945 2723 978 2744 a.
1118 2713 1160 2747 27
1174 2716 1211 2744 et
1226 2712 1269 2745 28
1284 2715 1321 2743 et
1337 2711 1416 2750 695,
1429 2710 1468 2743 10
1485 2709 1652 2751 Aquinum

165 2774 242 2805 ego,
262 2763 445 2806 Aquinium
463 2764 513 2806 (a)
532 2765 612 2798 edd.
631 2765 714 2798 Vid.
735 2776 763 2797 e.
777 2764 877 2805 89,ss
901 2765 977 2797 Cio.
1000 2764 1101 2797 Tusc.
1118 2764 1229 2805 V,2‘2,
1243 2764 1298 2797 63.
1321 2763 1460 2797 catull.
1473 2762 1506 2803 9,
1520 2763 1562 2797 12
1580 2762 1651 2803 (14,

168 2814 238 2855 18).
386 2814 441 2857 C.]
460 2826 522 2848 con
541 2826 575 2848 a.
715 2815 974 2858 conloquentem
992 2826 1026 2848 a.
1168 2816 1210 2849 28
1229 2815 1401 2856 (adtinere
1419 2814 1455 2856 a)
1474 2813 1648 2857 pertinere

167 2866 185 2897 b
204 2868 336 2899 omisso
354 2877 438 2899 eum.

1695 901 1737 934 10

1695 1238 1736 1270 15

1688 1573 1732 1607 20

1686 1911 1729 1946 25
