1835 3240
98 173 182 217 270
621 171 693 214 DE
727 170 916 214 BELLO
949 168 1199 213 GALLICO

126 286 151 328 5
174 300 338 341 corpore
359 299 547 340 pugnare.
585 285 764 326 Tandem
786 283 1015 325 uulneribus
1039 284 1183 326 defessi
1205 293 1243 326 et
1265 286 1400 340 pedem
1423 287 1574 327 referre
1597 293 1651 335 et,

173 354 274 408 quod
303 368 414 394 mons
447 353 610 394 suberat
638 353 797 393 circiter
818 352 920 392 mille
942 365 1126 405 passuum
1142 382 1152 399 ,
1184 366 1231 393 eo
1252 367 1295 393 se
1316 354 1491 407 recipere
1513 367 1653 407 eoepe-

125 421 152 463 6
172 429 279 463 runt.
332 418 458 475 Capto
491 427 621 461 monte
643 427 682 460 et
702 419 1006 460 suceedentibus
1029 420 1175 460 nostris
1197 417 1287 459 Boii
1311 427 1351 459 et
1373 420 1554 475 Tulingi,
1592 421 1654 474 qui

173 490 369 531 hominum
393 489 548 529 milibus
578 488 740 528 circiter
760 494 823 527 XV
855 502 995 542 agmen
1018 487 1186 528 hostium
1210 487 1441 528 claudebant
1463 495 1502 528 et
1519 489 1652 529 nouis-

173 558 282 599 simis
305 556 502 611 praesidio
525 564 654 605 erant,
680 570 730 595 ex
753 556 896 596 itinere
915 556 1211 596 nostroslatere
1223 562 1359 609 aperto
1373 555 1552 609 adgressi
1574 555 1651 596 eir·
1683 565 1700 595 5

173 625 422 673 cumuenire,
457 629 496 663 et
517 623 554 662 id
578 623 795 677 conspicati
818 621 1011 673 Heluetii,
1037 624 1100 676 qui
1122 624 1161 664 in
1184 631 1357 664 montem
1380 637 1470 664 sese
1492 637 1653 677 recepe-

123 693 150 733 7
172 699 278 743 rant,
301 705 440 733 rursus
462 690 611 731 instare
633 698 671 731 et
694 692 884 745 proelium
905 691 1179 746 redintegrare
1201 702 1432 745 coeperunt.
1483 690 1655 731 Romani

171 774 366 802 conuersa
387 759 501 812 signa
523 758 709 812 bipartito
731 759 971 800 intulerunt:
997 761 1120 813 prima
1142 767 1180 800 et
1200 760 1372 800 secunda
1396 760 1516 808 acies,
1541 767 1582 799 ut
1597 759 1654 799 ui-

94 828 152 874 26
175 829 248 870 ctis
280 843 325 869 ae
353 827 558 867 summotis
583 826 814 877 resisteret,
852 827 994 877 tertia,
1029 835 1073 867 ut
1093 828 1300 868 uenientes
1324 828 1550 867 sustineret.
1594 824 1655 866 Ita

172 896 332 950 ancipiti
354 894 504 949 proelio
527 894 592 934 diu
614 901 730 947 atque
752 895 898 935 acriter
915 903 1128 949 pugnatum
1151 903 1226 936 est.
1264 894 1424 935 Diutius
1455 909 1539 935 cum
1572 907 1658 934 sus·
1690 900 1731 932 10

172 965 300 1004 tinere
323 969 547 1003 nostrorum
570 963 737 1016 impetus
761 977 838 1003 non
861 970 1045 1017 possent,
1069 964 1184 1004 alteri
1206 976 1264 1013 se,
1290 969 1332 1002 ut
1353 969 1592 1016 coeperant,
1616 961 1655 1001 in

174 1038 345 1071 montem
368 1037 605 1084 receperunt
620 1060 630 1077 ,
666 1030 781 1070 alteri
803 1032 849 1071 ad
872 1032 1135 1085 inpedimenta
1157 1038 1197 1072 et
1218 1045 1352 1071 carros
1384 1044 1477 1071 suos
1500 1044 1543 1070 se
1565 1043 1658 1069 con-

125 1100 153 1141 2
175 1099 366 1140 tulerunt.
398 1097 504 1139 Nam
529 1098 601 1138 boc
624 1105 704 1138 toto
728 1099 893 1152 proelio,
919 1114 1003 1139 euni
1027 1100 1073 1140 ab
1089 1100 1184 1140 hora
1197 1099 1363 1152 septima
1380 1099 1428 1138 ad
1448 1111 1657 1151 uesperum

128 1165 154 1207 3
176 1173 388 1222 pugnatum
420 1167 470 1206 sit
486 1197 496 1215 ,
535 1180 718 1207 auersum
751 1167 899 1208 hostem
924 1168 1059 1208 uidere
1083 1181 1198 1208 nemo
1220 1167 1359 1221 potuit.
1413 1166 1475 1205 Ad
1498 1165 1656 1205 multam

174 1242 331 1276 noctem
354 1234 471 1275 etiam
494 1235 541 1274 ad
562 1234 827 1287 inpedimenta
851 1242 1062 1288 pugnatum
1095 1242 1180 1285 est,
1215 1241 1424 1288 propterea
1454 1233 1556 1286 quod
1589 1246 1657 1286 pro
1693 1238 1730 1271 15

174 1302 279 1343 uallo
309 1316 444 1342 carros
476 1301 704 1342 obiecerant
735 1309 775 1342 et
805 1316 826 1342 e
854 1302 940 1342 loco
972 1302 1177 1356 superiore
1209 1302 1250 1342 in
1272 1309 1432 1341 nostros
1453 1300 1658 1340 uenientes

174 1370 253 1411 tela
274 1370 536 1420 coniciebant,
562 1377 601 1410 et
622 1370 799 1410 nonnulli
820 1370 925 1409 inter
946 1383 1082 1410 carros
1103 1377 1289 1423 rotasque
1319 1375 1492 1408 mataras
1515 1381 1560 1407 ac
1582 1374 1661 1407 tra-

129 1438 157 1478 4
177 1437 288 1491 gulas
310 1437 555 1478 subiciebant
575 1444 811 1490 nostrosque
834 1437 1108 1478 uulnerabant.
1168 1437 1247 1478 Diu
1270 1452 1355 1478 cum
1379 1442 1486 1478 esset
1507 1448 1652 1489 pugna-

176 1515 285 1558 tum,
319 1506 596 1560 inpedimentis
629 1506 850 1559 castrisque
881 1506 1010 1546 nostri
1042 1506 1152 1559 potiti
1174 1513 1282 1546 sunt.
1327 1504 1386 1545 Ibi
1410 1504 1661 1560 Orgetorigis

131 1574 156 1615 5
178 1575 255 1616 filia
297 1582 414 1627 atque
453 1588 554 1614 unus
596 1588 616 1615 e
658 1574 745 1614 filiis
787 1580 922 1628 eaptus
963 1580 1037 1614 est.
1110 1572 1179 1613 Ex
1227 1587 1273 1614 eo
1314 1574 1463 1627 proelio
1504 1573 1666 1614 circiter
1694 1579 1736 1614 20

176 1642 375 1684 hominum
423 1642 530 1682 milia
570 1649 699 1682 CXXX
737 1642 1019 1696 superfuerunt
1066 1655 1190 1695 eaque
1239 1648 1321 1681 tota
1371 1648 1486 1682 noete
1534 1641 1658 1682 conti-

176 1718 318 1751 nenter
364 1710 517 1750 ierunt:
578 1710 722 1750 nullam
770 1716 921 1764 partem
971 1709 1098 1749 noetis
1148 1709 1291 1750 itinere
1344 1710 1572 1750 intermisso
1620 1709 1661 1748 in

181 1779 280 1819 fines
308 1777 536 1832 Lingonum
568 1778 629 1818 die
671 1784 809 1831 quarto
839 1783 1132 1831 peruenerunt,
1177 1792 1263 1818 cum
1303 1784 1342 1817 et
1373 1784 1533 1832 propter
1574 1777 1661 1817 uul-

176 1860 273 1889 nera
303 1845 467 1886 militum
500 1852 539 1886 et
578 1853 737 1900 propter
777 1845 1020 1899 sepulturam
1062 1845 1282 1885 occisorum
1324 1846 1450 1885 nostri
1491 1844 1662 1884 triduum

132 1914 161 1956 6
181 1914 324 1955 morati
346 1926 414 1954 eos
436 1913 550 1969 sequi
572 1927 651 1954 non
673 1914 908 1967 potuissent.
944 1910 1096 1954 Caesar
1117 1913 1164 1953 ad
1176 1911 1379 1968 Lingonas
1398 1914 1552 1954 litteras
1563 1926 1662 1953 nun·
1691 1919 1733 1953 25

175 1982 330 2036 tiosque
351 1981 473 2032 misit,
500 1995 549 2022 ne
572 1996 640 2022 eos
664 1983 858 2023 frumento
881 1995 982 2023 neue
1005 1982 1080 2022 alia
1101 1993 1145 2021 re
1166 1981 1371 2022 iuuarent:
1398 1981 1462 2035 qui
1484 1981 1518 2022 si
1537 1981 1659 2021 iuuis—

321 2143 342 2177 2
360 2142 453 2175 mille
471 2143 575 2185 Α(Β)
588 2143 660 2185 Es,
681 2153 717 2174 M.
739 2153 773 2174 u.
914 2143 932 2175 3
953 2142 1240 2175 succendentibus
1259 2145 1342 2174 ante
1360 2152 1452 2174 corr.
1471 2143 1515 2174 B.

178 2196 196 2229 5
216 2205 259 2227 ex
276 2204 345 2226 om.
363 2194 411 2226 D.
566 2199 705 2236 apertos
726 2194 757 2225 b.
911 2194 1068 2235 adgressi
1085 2192 1238 2234 ABDf.
1401 2193 1659 2224 circumuenere

177 2246 279 2279 codd.
299 2255 431 2278 omnes.
541 2246 561 2278 8
579 2246 740 2288 bipertito
756 2246 805 2286 E,
826 2245 1000 2288 tripartito
1025 2246 1072 2284 C,
1094 2246 1265 2288 tripertito
1285 2248 1465 2277 correctus
1484 2247 1521 2277 in
1535 2247 1658 2286 prima

175 2298 309 2342 syll.s,
329 2300 445 2339 quiin
463 2298 749 2339 antepenultzssrtza
766 2298 897 2339 ubique
915 2308 975 2340 per
994 2299 1111 2330 habet.
1246 2297 1264 2329 9
1285 2297 1473 2337 summotis,
1493 2306 1563 2328 non
1581 2294 1660 2326 sub-

176 2349 289 2389 motis,
303 2349 415 2391 ABs5
434 2349 622 2381 semotisE.
717 2349 915 2389 sustineret]
931 2349 1107 2392 exciperet
1124 2359 1146 2379 u
1157 2358 1236 2379 cum
1252 2358 1321 2379 uno
1340 2351 1375 2380 ct
1392 2348 1504 2380 altero
1523 2347 1610 2378 dect.

178 2401 220 2434 10
240 2400 380 2442 ancipiti
397 2400 523 2432 addita
543 2411 561 2431 n
574 2411 642 2432 sec.
654 2410 701 2432 m.
716 2402 758 2433 Β,
869 2401 1039 2432 sustinere
1060 2405 1252 2432 nostrorum
1265 2400 1411 2442 impetus
1422 2400 1493 2431 AB
1509 2399 1659 2438 CDEe,

175 2456 262 2484 sust.
279 2456 385 2483 nostr.
401 2451 561 2493 impetum
571 2452 618 2493 [ς
637 2457 828 2484 nostrornm
847 2452 992 2495 impetus
1011 2453 1182 2485 sustinere
1201 2461 1319 2483 errore
1336 2462 1378 2483 u:
1395 2462 1469 2483 cum
1484 2452 1657 2484 sustinere

178 2512 243 2534 non
262 2505 402 2544 possent
421 2506 569 2542 nostros,
590 2502 692 2534 alteri
713 2503 744 2534 b.
870 2502 911 2535 12
930 2507 1104 2543 recerunt,
1121 2501 1186 2533 sed
1203 2510 1294 2532 corr.
1312 2510 1369 2542 pr.
1387 2512 1451 2542 m.,
1471 2502 1513 2534 B.

177 2552 409 2595 inpedimenta
426 2553 497 2594 Af,
518 2554 617 2585 ‘item
637 2554 676 2586 15
695 2557 731 2585 et
749 2553 800 2594 ¹19,
822 2554 953 2595 quibus
972 2557 1088 2586 tamen
1108 2554 1194 2585 locis
1211 2553 1425 2585 Fabriciani
1441 2554 1657 2596 ememplarr‘s

181 2605 384 2635 testimonio
411 2603 451 2634 de
483 2603 517 2636 A
541 2604 762 2636 contradicit
783 2604 1026 2636 Pluesclzln'us'
1063 2603 1229 2636 Sclmez'd.
1408 2604 1449 2636 14
1476 2605 1658 2638 aduersum

180 2657 278 2688 ‘mss-
300 2654 352 2689 12’
368 2655 473 2688 DEc
491 2659 619 2688 elante
636 2666 729 2688 corr.
750 2656 800 2696 A;
820 2656 976 2697 insint.
996 2667 1015 2687 a
1033 2659 1068 2688 et
1085 2667 1104 2687 u
1124 2656 1235 2687 lisura
1254 2659 1320 2687 est.
1468 2657 1508 2689 15
1527 2658 1660 2690 abiece—

179 2710 361 2741 mutante
383 2717 477 2740 corr.
496 2709 539 2739 B.
697 2708 736 2740 17
755 2708 971 2740 coniciebant
989 2711 1023 2739 et
1044 2707 1082 2740 18
1101 2707 1317 2739 subiciebant
1333 2709 1364 2738 B
1383 2711 1491 2750 atque
1507 2712 1560 2742 ita
1578 2720 1660 2742 con-

178 2763 318 2792 stanter
334 2761 467 2800 omnia,
488 2769 578 2801 quae
594 2769 616 2791 a
634 2758 797 2790 iaciendo
817 2758 1047 2799 descendunt,
1069 2769 1147 2790 cnm
1166 2759 1262 2790 m'lzz'l
1276 2761 1470 2792 annotabo.

178 2814 223 2849 20
240 2812 331 2845 filiae
354 2812 420 2855 Cs.
582 2811 625 2845 23
644 2814 763 2853 quarto
782 2810 842 2852 (B)
858 2810 932 2853 Es,
961 2815 1080 2854 quarta
1100 2811 1151 2853 A,
1172 2809 1217 2843 lV
1234 2821 1268 2842 ιι.
1410 2812 1452 2845 25
1470 2811 1657 2854 Lingonas,

179 2876 247 2899 non
267 2865 452 2907 Lingones,
472 2865 532 2908 (B)
547 2864 640 2906 ebs,
659 2862 808 2904 Ligonas
826 2863 869 2895 A.
