1835 3240
100 890 139 923 10

101 1230 141 1263 15

106 2250 148 2283 30

703 153 892 198 CAPVT
913 153 941 196 9
953 178 1006 185 --
1020 151 1087 194 11.
1646 152 1730 196 629

173 275 276 323 sitis,
301 270 417 325 quod,
443 283 529 310 cum
552 268 707 324 longius
731 269 844 323 paulo
863 267 1098 317 discederet,
1124 265 1361 306 munitiones
1382 266 1528 307 nudare
1546 268 1654 308 nole-

173 343 254 382 bat.
299 337 476 391 Cumque
498 337 546 378 ad
569 350 653 377 eum
677 337 803 377 locum
826 336 1078 385 accessisset,
1103 334 1167 388 qui
1189 333 1408 387 appellatur
1429 330 1653 375 Chersone·
1676 336 1702 376 2

172 422 238 449 sus
261 406 505 460 aquandique
529 419 646 446 causa
667 405 836 458 remiges
857 405 897 444 in
920 411 1066 445 terram
1088 400 1366 456 exposuisset,
1406 401 1582 440 nonnulli
1604 415 1657 442 ex

171 490 217 516 eo
242 488 406 515 numero
425 506 435 524 ,
475 489 562 514 cum
596 473 752 526 longius
775 486 797 512 a
818 471 984 512 nauibus
1008 471 1237 525 praedatum
1261 467 1573 523 processissent,
1608 469 1655 508 ab

177 542 369 596 equitibus
401 542 571 582 hostium
601 547 695 581 sunt
724 540 896 593 excepti.
951 538 1020 578 Ex
1052 539 1110 579 his
1142 542 1413 592 cognouerunt
1443 532 1657 575 Caesarem
1679 535 1703 577 3

171 611 298 665 ipsum
329 610 370 650 in
402 610 530 650 classe
562 608 719 649 uenisse
750 622 877 661 neque
908 607 1008 647 ullos
1041 607 1184 647 milites
1214 605 1254 645 in
1287 603 1452 645 nauibus
1494 602 1654 643 habere.

173 677 261 732 Qua
283 692 326 719 re
349 684 546 732 comperta
568 691 747 730 magnam
771 675 847 716 sihi
870 675 1095 715 facultatem
1126 675 1324 714 fortunam
1346 671 1535 712 obtulisse
1557 671 1659 712 bene

172 746 369 801 gerendae
390 745 449 786 rei
472 745 740 785 crediderunt.
783 742 920 797 Itaque
943 756 1065 783 naues
1088 755 1224 782 omnes
1239 772 1249 792 ,
1284 754 1380 794 quas
1413 746 1567 794 paratas
1590 739 1658 780 ha·
1679 738 1706 780 4

172 815 342 856 buerant
362 814 409 854 ad
430 813 708 868 nauigandum,
733 810 1091 866 propugnatoribus
1114 809 1391 850 instruxerunt
1412 804 1659 861 Caesarique

170 882 350 924 redeunti
371 896 458 922 cum
479 882 606 922 classe
630 886 905 921 occurrerunt.
956 877 1034 932 Qui
1057 876 1204 918 duabus
1227 877 1274 917 de
1296 875 1425 916 causis
1449 889 1495 916 eo
1519 875 1580 916 die
1602 875 1659 916 di-
1681 874 1705 916 5

170 951 317 992 micare
339 949 513 999 nolebat,
539 950 640 1003 quod
663 956 701 989 et
722 948 849 988 nullos
872 947 1014 987 milites
1037 946 1077 986 in
1100 944 1263 985 nauibus
1286 944 1453 984 habebat
1468 974 1478 993 ,
1511 950 1551 984 et
1571 949 1661 997 post

173 1018 308 1058 horam
330 1018 454 1058 Xdiei
474 1031 538 1058 res
562 1017 777 1071 agebatur,
803 1029 885 1055 nox
905 1021 1035 1055 autem
1058 1013 1226 1054 allatura
1250 1011 1456 1053 uidebatur
1469 1012 1658 1052 maiorem

172 1085 352 1126 fiduciam
373 1085 467 1136 illis,
493 1085 557 1139 qui
578 1085 753 1125 locorum
776 1083 914 1124 notitia
937 1081 1209 1123 confidebant:
1241 1080 1315 1120 sibi
1338 1079 1455 1120 etiam
1478 1078 1662 1119 hortandi

172 1167 265 1195 suos
288 1154 479 1195 auxilium
502 1153 725 1194 defuturum
743 1182 753 1200 ,
788 1151 893 1205 quod
913 1150 1019 1191 nulla
1054 1149 1151 1190 satis
1173 1149 1317 1190 idonea
1341 1153 1446 1188 esset
1469 1147 1657 1196 hortatio,

172 1236 271 1279 quae
309 1236 436 1276 neque
466 1222 653 1262 uirtutem
684 1227 821 1275 posset
852 1225 989 1260 notare
1022 1231 1147 1272 neque
1181 1216 1381 1258 inertiam.
1436 1212 1592 1267 Quibus
1615 1214 1662 1255 de
1683 1211 1710 1254 6

175 1290 305 1344 causis
329 1304 466 1340 naues,
493 1304 587 1344 quas
610 1288 751 1345 potuit,
777 1285 930 1328 Caesar
952 1288 1000 1327 ad
1023 1293 1168 1327 terram
1191 1284 1382 1335 detrahit3
1409 1296 1521 1337 quem
1544 1282 1583 1323 in
1605 1282 1662 1322 lo-

176 1373 262 1399 cum
284 1359 372 1398 illos
395 1371 653 1399 successuros
676 1371 753 1397 non
777 1355 1044 1397 existimabat,
1087 1353 1190 1394 Erat
1211 1367 1289 1394 una
1311 1352 1424 1393 nauis
1447 1350 1605 1392 Rhodia
1625 1350 1667 1391 in
1688 1349 1738 1395 11

176 1427 317 1468 dextro
341 1424 527 1467 Caesaris
551 1440 674 1467 cornu
697 1426 814 1479 longe
837 1427 883 1465 ab
906 1423 1065 1477 reliquis
1095 1422 1300 1463 collocata.
1365 1419 1479 1460 Hanc
1510 1418 1665 1474 conspi-

177 1495 253 1535 cati
277 1495 409 1536 hostes
433 1509 511 1535 non
534 1501 747 1535 tenuerunt
767 1507 871 1543 sese,
897 1505 1118 1546 magnoque
1139 1490 1287 1544 impetu
1309 1495 1370 1529 1111
1393 1488 1440 1528 ad
1463 1501 1548 1529 eam
1571 1501 1664 1528 con-

175 1570 325 1604 stratae
348 1577 470 1604 naues
494 1570 533 1604 et
554 1563 776 1617 complures
798 1568 958 1616 apertae
981 1559 1286 1601 contenderunt.
1320 1554 1398 1598 Cui
1420 1562 1581 1596 coactus
1604 1562 1665 1596 est
1684 1554 1713 1596 2

176 1628 329 1672 Caesar
350 1632 455 1672 ferre
477 1631 717 1681 subsidium,
752 1646 800 1671 ne
824 1637 978 1684 turpem
1000 1629 1039 1669 in
1063 1632 1277 1681 conspectu
1300 1624 1578 1666 contumeliam
1600 1637 1665 1665 ac-

176 1699 340 1753 ciperet,
366 1714 615 1752 quamquam,
641 1699 778 1752 siquid
798 1698 958 1753 grauius
980 1696 1056 1738 illis
1079 1694 1302 1744 accidisset,
1327 1692 1466 1733 merito
1481 1706 1665 1733 casurum

175 1767 388 1808 iudicabat.
432 1766 636 1808 Proelium
669 1767 920 1808 commissum
950 1772 1012 1806 est
1042 1777 1183 1817 magna
1215 1760 1466 1803 contentione
1488 1758 1665 1800 Rhodio·
1687 1759 1712 1800 3

176 1850 290 1886 rum3
330 1835 395 1889 qui
426 1850 512 1876 cum
544 1836 585 1876 in
616 1836 795 1875 omnibus
830 1832 1146 1875 dimicationibus
1179 1838 1218 1871 et
1247 1829 1416 1870 scientia
1447 1836 1486 1869 et
1517 1828 1665 1869 uirtute

177 1903 484 1957 praestitissent,
511 1911 590 1944 tum
613 1904 783 1944 maxime
805 1904 872 1944 illo
897 1909 1074 1956 tempore
1096 1907 1220 1941 totum
1243 1913 1344 1939 onus
1368 1897 1565 1938 sustinere
1587 1910 1666 1937 non

177 1971 439 2021 recusabant,
475 1985 523 2012 ne
546 1972 646 2025 quod
670 1986 830 2012 suorum
853 1971 965 2024 culpa
988 1970 1264 2010 detrimentum
1288 1973 1490 2020 acceptum
1515 1965 1668 2006 uidere-

180 2046 258 2079 tur.
300 2037 362 2079 Ita
384 2039 575 2093 proelium
597 2039 922 2080 secundissimum
946 2045 1006 2078 est
1030 2039 1189 2077 factum.
1242 2032 1370 2088 Capta
1402 2041 1463 2076 est
1492 2047 1569 2073 una
1599 2033 1667 2073 ho·
1688 2032 1716 2073 4

179 2106 296 2147 stium
319 2107 595 2161 quadriremis,
622 2108 808 2162 depressa
831 2113 894 2148 est
915 2106 1055 2155 altera,
1081 2105 1180 2145 duae
1203 2102 1383 2144 omnibus
1407 2100 1572 2156 epibatis
1595 2114 1668 2141 nu-

179 2175 319 2227 datae,
355 2190 498 2230 magna
526 2182 734 2230 praeterea
765 2174 972 2216 multitudo
1005 2173 1046 2214 in
1068 2171 1230 2225 reliquis
1254 2169 1422 2211 nauibus
1446 2182 1668 2223 propugna-

180 2250 310 2285 torum
341 2251 400 2285 est
430 2244 656 2286 interfecta.
721 2242 836 2297 Quod
869 2242 944 2283 nisi
977 2255 1059 2283 nox
1093 2240 1282 2296 proelium
1305 2236 1551 2288 diremisset,
1586 2243 1669 2278 tota
1690 2234 1715 2277 5

325 2405 340 2439 1
362 2406 483 2438 nudari
503 2406 536 2438 d.
682 2406 701 2439 2
721 2403 1066 2443 accessissetAldus,
1089 2402 1355 2434 accessissenta
1370 2397 1524 2432 ‘mss.8’.

182 2454 414 2489 Chersonesus
436 2457 508 2489 ‘uel
523 2457 784 2489 Chersonensus
805 2458 821 2488 b
835 2457 875 2498 ε’,
897 2456 1158 2489 Chersonensus
1178 2463 1213 2485 α.
1412 2451 1430 2483 3
1451 2449 1672 2491 exposuisset

182 2507 309 2547 Aldus,
330 2511 572 2552 exposuissent
590 2520 609 2541 α
632 2510 727 2541 ἰ[ηπ.
749 2509 793 2541 6’.
940 2510 957 2541 5
976 2507 1027 2539 his
1047 2517 1068 2539 a
1087 2506 1166 2538 edd.
1187 2508 1271 2537 ante
1290 2503 1372 2536 Ald.
1392 2502 1608 2544 Stephanus,
1628 2503 1669 2534 iis

182 2558 294 2590 Aldus
312 2570 348 2591 u.
523 2562 542 2594 6
562 2572 670 2603 neque
691 2571 766 2602 ego,
789 2571 848 2592 nec
869 2560 919 2602 (u)
939 2559 1017 2591 edd.
1036 2558 1224 2599 Nusquam
1244 2558 1280 2588 in
1301 2559 1376 2588 toto
1396 2557 1670 2586 commentario-

182 2620 261 2641 rum
281 2620 426 2651 corpore
444 2622 525 2652 seu,
554 2623 619 2644 neu
635 2636 643 2652 ‚
674 2623 735 2643 nec
753 2614 938 2653 ponuntur
955 2613 1038 2641 ante
1057 2609 1237 2649 vocalem,
1267 2609 1342 2639 nisi
1367 2606 1464 2648 quod
1489 2609 1617 2637 auctor
1635 2606 1667 2636 b.

184 2660 283 2701 Hisp.
306 2662 512 2703 necopinans
531 2663 640 2695 dixit.
787 2663 826 2695 10
839 2665 1065 2693 occurrerant
1076 2670 1110 2692 α.
1256 2659 1296 2691 14
1309 2669 1373 2700 quo
1388 2657 1480 2689 nulla
1489 2667 1524 2688 α.

186 2712 225 2743 17
246 2722 473 2744 succensuros
499 2724 577 2745 eum
598 2717 734 2756 puncto
764 2714 827 2745 sub
848 2725 864 2745 o
896 2716 929 2744 et
955 2722 1118 2753 suprasc.
1140 2721 1157 2742 e
1176 2721 1215 2750 a,
1249 2719 1475 2742 succensores
1495 2718 1524 2738 c.

187 2762 226 2795 19
245 2773 309 2793 non
329 2767 444 2794 terunt
462 2773 496 2804 a,
516 2768 695 2796 uerterunt
715 2765 747 2796 b.
888 2764 931 2799 22
951 2772 1142 2806 quanquam
1156 2761 1219 2804 (a).
1363 2769 1478 2791 casum
1494 2758 1525 2789 b.

186 2814 228 2848 23
247 2819 300 2846 est
318 2825 386 2846 om.
407 2825 437 2846 c.
579 2816 752 2848 contentio
771 2826 832 2848 ac.
988 2815 1033 2850 24
1052 2814 1109 2857 qui
1129 2819 1196 2845 tum
1218 2813 1248 2844 b.
1413 2811 1454 2844 25
1474 2808 1618 2840 maxime
1637 2808 1670 2841 in

190 2865 249 2898 illo
270 2866 300 2897 b.
441 2866 484 2901 28
503 2866 665 2909 depressa
683 2867 794 2900 altera
814 2868 843 2899 b.
987 2866 1073 2898 duae
1097 2865 1292 2905 Turnebus,
1315 2862 1436 2895 deinde
1455 2860 1555 2893 codd.
