1835 3240
678 153 1104 194 ——173—

154 282 265 314 tuosa
288 277 324 310 et
347 269 393 308 ad
416 281 557 322 specus
579 267 788 320 angustiae
811 266 1001 315 uallium'‚
1026 279 1153 319 neque
1171 266 1291 304 forma
1308 266 1497 307 orationis
1518 282 1643 321 neque

153 337 350 381 sententia
384 336 481 376 satis
511 335 730 379 intellecta.
774 333 913 376 Valles
944 335 1043 375 adeo
1075 340 1266 386 angustae
1300 332 1420 373 fuisse
1444 335 1640 383 dicuntur,

150 414 191 448 ut
211 404 404 459 specubus
425 403 573 444 similes
597 410 745 452 essent,
771 401 1207 457 superimpendentibus
1229 401 1387 455 rupibus
1401 407 1439 440 et
1456 402 1535 441 lere
1550 416 1643 442 con-

147 474 307 515 iunctis.
362 471 627 525 Praepostere
665 484 804 524 specus
845 471 1155 524 interpretantur
1185 470 1341 509 canales
1374 476 1413 509 et
1443 469 1503 508 hic
1533 478 1572 510 et
1601 471 1639 511 b.

146 541 269 582 Alex.
294 539 336 591 6,
363 539 383 579 1
410 548 447 580 et
470 539 511 588 5,
539 539 576 589 l,
604 539 668 579 ubi
698 538 797 592 quod
831 538 1101 591 aquaeductus
1134 538 1382 577 subterranei
1411 550 1552 590 specus
1576 552 1642 592 ap-

147 609 355 663 pellantur,
382 623 460 648 non
483 608 629 648 discedi
653 621 672 646 a
696 606 854 660 proprio
877 606 1100 660 significatu
1131 613 1304 659 apparet.
1352 605 1444 645 ‘Ad'
1478 620 1641 660 praepo-

145 678 237 717 sitio
267 678 308 718 in
339 676 602 730 comparando
634 675 771 715 eodem
795 674 908 714 modo
931 681 1047 726 atque
1069 675 1169 727 apud
1194 671 1408 714 Caesarem
1431 673 1556 727 posita
1581 680 1642 714 est

147 760 167 785 a
204 742 290 786 Cic.
326 759 394 798 pro
421 743 579 786 Vareno
613 743 774 797 (fragm.
803 757 837 796 p.
864 741 945 782 443
969 740 1118 794 Orell.)
1147 739 1214 781 ‘L-
1239 742 1304 781 ille
1339 740 1554 796 Septimius
1585 743 1640 783 di-

146 822 255 854 ceret
276 813 436 864 (etenim
461 820 523 852 est
544 811 591 852 ad
619 809 667 851 L.
696 808 832 851 Crassi
858 809 1120 864 eloquentiam
1144 810 1280 862 grauis
1308 816 1346 849 et
1369 810 1579 852 uehemens
1602 817 1641 850 et

147 882 344 929 uolubilis,
368 880 542 921 Erucius
576 879 637 919 bic
670 887 808 920 noster
829 879 1094 919 Antoniaster
1124 877 1283 929 est)...'
1326 876 1387 918 Ita
1411 879 1512 918 enim
1543 879 1638 919 baec

145 949 419 1005 distinguenda
441 955 546 988 sunt.
590 946 746 988 Deinde
768 948 814 987 ab
836 946 931 988 Liu.
956 944 1098 996 XXII,
1132 945 1186 987 22
1220 946 1381 986 ‘homini
1406 961 1482 987 non
1506 948 1551 987 ad
1577 961 1639 987 ce—

145 1025 226 1057 tera
246 1015 399 1056 Punica
421 1016 580 1069 ingenia
604 1015 774 1066 callido'3
800 1016 852 1055 M.
877 1016 1021 1056 Aurel.
1046 1015 1092 1055 ad
1115 1013 1255 1055 Front.
1282 1012 1334 1061 H,
1359 1013 1386 1054 9
1408 1018 1465 1069 (p.
1491 1015 1544 1055 54
1573 1017 1635 1056 ed.

142 1084 282 1136 Rom.)
320 1085 410 1124 ‘iam
435 1083 688 1124 conticinium
713 1092 830 1137 atque
861 1083 1093 1124 matutinum
1124 1090 1240 1136 atque
1273 1083 1485 1123 diluculum
1514 1098 1637 1137 usque

143 1154 189 1193 ad
212 1153 307 1193 solis
331 1160 457 1193 ortum
480 1152 665 1206 gelidum,
690 1153 736 1192 ad
759 1153 946 1206 Algidum
970 1151 1171 1192 maxime’.

254 1220 393 1261 Eiusd.
421 1237 456 1261 c.
482 1223 517 1275 ἓ.
542 1220 567 1262 6
591 1221 686 1261 haec
710 1221 906 1261 eduntur:
944 1221 1015 1261 ‘At
1037 1218 1225 1260 Caesaris
1258 1221 1462 1260 exercitus
1491 1220 1636 1274 optima

145 1289 368 1330 ualetudine
389 1303 616 1342 summaque
639 1302 763 1342 aquae
786 1289 895 1342 copia
922 1289 1118 1337 utebatur,
1155 1295 1232 1327 tum
1266 1295 1506 1328 commeatus
1530 1288 1635 1330 omni

144 1371 290 1411 genere
312 1365 468 1411 praeter
493 1359 725 1397 frumentum
749 1356 985 1397 abundabat:
1011 1356 1150 1408 quibus
1174 1356 1317 1396 cotidie
1339 1356 1477 1396 melius
1499 1370 1637 1397 succe-

147 1426 237 1466 dere
269 1432 420 1479 tempus
452 1426 719 1479 maioremque
751 1440 857 1480 spem
891 1425 1117 1464 maturitate
1153 1426 1436 1465 frumentorum
1472 1425 1635 1478 proponi

146 1493 357 1533 uidebant’.
403 1491 627 1533 Relatiuum
663 1493 831 1547 ‘quibus'
863 1492 1028 1533 Hcldius
1061 1499 1202 1532 neutro
1234 1506 1381 1546 genere
1414 1493 1555 1533 dictum
1587 1494 1635 1534 ad

143 1575 206 1600 res
229 1561 422 1600 secundas
444 1567 561 1601 antea
583 1568 910 1601 commemoratas
933 1560 1072 1600 referri
1090 1561 1389 1613 interpretatur.
1425 1559 1504 1601 Sed
1517 1562 1637 1602 aesti-

142 1642 232 1667 uum
254 1634 404 1681 tempus
428 1628 492 1679 (id
517 1629 620 1668 enim
643 1629 794 1669 instare
816 1628 1011 1668 inferiora
1033 1628 1330 1681 demonstrant)
1364 1642 1491 1685 neque
1513 1629 1636 1669 maio-

142 1709 224 1736 rem
258 1695 529 1736 salubritatem
560 1696 751 1737 afferebat
782 1710 910 1750 neque
941 1709 1065 1749 aquae
1092 1695 1257 1749 copiam.
1301 1695 1444 1749 Neque
1476 1698 1635 1738 omnino

142 1764 238 1805 haec
271 1765 473 1804 commoda
514 1765 651 1818 augeri
685 1762 919 1805 Caesariani
952 1764 1185 1818 cupiebant,
1225 1763 1364 1817 quibus
1395 1765 1635 1818 plenissimis

141 1832 386 1882 fruebantur,
420 1832 487 1872 sed
520 1833 705 1873 frumenti
738 1832 909 1886 inopiam
943 1833 1084 1874 leuari.
1134 1830 1389 1873 ‘Succedere'
1422 1847 1518 1874 uero
1549 1833 1634 1874 siue

142 1902 327 1955 consequi
359 1901 444 1941 siue
466 1901 635 1941 feliciter
657 1900 819 1941 euenire
840 1901 1163 1955 interpretamur,
1198 1902 1291 1941 ferri
1316 1902 1465 1956 nequit.
1514 1901 1634 1944 Prius

143 1971 245 2010 enim
279 1971 389 2024 plane
423 1969 595 2023 ineptum
629 1977 710 2020 est,
743 1970 868 2011 altera
898 1970 1052 2010 ratione
1082 1984 1208 2023 neque
1240 1977 1392 2024 tempus
1422 1972 1636 2012 succedere

141 2044 284 2091 potest,
319 2038 387 2078 sed
408 2051 473 2078 res
494 2045 669 2087 tantum,
705 2053 818 2092 quam
842 2039 1012 2079 humano
1034 2039 1172 2079 labore
1195 2039 1353 2079 efficere
1374 2039 1480 2088 licet,
1507 2053 1634 2094 neque

140 2105 206 2145 ulli
229 2105 430 2160 quicquam
454 2106 530 2147 nisi
552 2107 698 2147 homini
722 2108 870 2161 agenti.
906 2107 955 2148 Ei
978 2108 1100 2162 ipsam
1125 2107 1319 2148 actionem
1342 2105 1633 2147 substituitLi-

139 2173 240 2223 uius,
266 2188 349 2214 cum
373 2174 544 2228 incepto,
580 2175 678 2229 spei,
714 2176 857 2225 fraudi,
893 2176 1058 2216 facinori
1082 2175 1225 2228 aliquid
1249 2175 1462 2216 succedere
1485 2175 1635 2217 diceret

138 2240 299 2292 XXIV,
326 2240 392 2282 19.
417 2240 624 2291 XXXIII,
650 2242 690 2283 5.
719 2241 978 2295 XXXVIII,
1004 2244 1072 2284 25.
1098 2242 1258 2294 XLIV,
1286 2243 1360 2284 ll:
1388 2243 1631 2297 antiquiores

139 2323 180 2350 se
202 2311 249 2352 ab
282 2311 354 2351 hoc
384 2325 531 2365 genere
562 2312 854 2352 abstinuerunt.
904 2310 982 2353 Sed
1015 2326 1064 2352 ne
1096 2313 1284 2366 scriptum
1317 2319 1379 2353 est
1407 2312 1561 2365 quidem
1593 2311 1633 2352 in

139 2379 249 2418 codd.
277 2379 536 2429 ‘succedere',
560 2379 628 2420 sed
661 2379 898 2421 ‘subterere'
921 2388 989 2421 aut
1014 2381 1284 2421 ‘subterrere'.
1331 2379 1427 2420 Inde
1449 2381 1634 2433 quemad-

140 2447 291 2486 modum
315 2447 410 2487 haec
433 2447 675 2488 emendanda
699 2448 794 2498 sint,
820 2449 968 2489 nescio.
1012 2448 1118 2489 Nam
1142 2447 1445 2502 Oudendorpius
1470 2455 1508 2488 et
1529 2447 1633 2490 Vos-

141 2513 236 2561 sius,
261 2528 422 2567 quorum
446 2515 546 2555 alter
570 2517 855 2564 ‘succurrere'‚
890 2518 990 2557 alter
1023 2518 1264 2559 ‘subuenire'
1295 2518 1483 2570 scriptum
1511 2516 1632 2557 fuisse

142 2581 330 2632 coniecit,
365 2583 498 2623 uitium
517 2614 527 2633 ,
561 2584 662 2636 qnod
692 2585 732 2624 in
764 2586 995 2638 pronomine
1018 2586 1148 2627 inesse
1179 2585 1519 2640 reprehendimus,
1553 2599 1629 2625 non

142 2649 394 2691 sustulerunt.

254 2713 302 2755 C.
327 2716 396 2768 50,
424 2717 443 2758 1
469 2719 564 2760 haec
587 2719 633 2760 de
654 2721 908 2776 Pompeianis
930 2725 1181 2764 referuntur:
1222 2721 1308 2762 ‘Illi
1340 2736 1427 2762 cum
1457 2722 1631 2762 animad-

146 2784 356 2824 uertissent
385 2800 436 2828 ex
466 2789 622 2842 ignibus
654 2798 769 2831 nocte
793 2791 976 2832 cohortes
1000 2799 1156 2833 nostras
1180 2792 1226 2831 ad
1249 2790 1486 2830 munitiones
1509 2803 1632 2829 excu-

142 2852 234 2891 bare
252 2883 261 2900 ,
297 2853 450 2895 silentio
481 2857 658 2910 aggressi
682 2858 891 2899 uniuersas
922 2860 1026 2899 intra
1049 2858 1338 2900 multitudinem
1363 2857 1439 2897 tela
1462 2856 1632 2896 conicie-
