1835 3240
696 195 1092 236 ——29-..-..

151 328 302 368 naeque
324 312 496 353 omnium
520 310 824 359 deducerentur,
857 315 924 355 ut,
958 307 1142 363 quidquid
1166 314 1254 361 post
1275 308 1408 348 horam
1433 323 1544 351 casus
1567 312 1637 352 tri-

149 383 325 429 buisset,
358 380 398 419 in
422 379 536 419 dubio
559 376 808 433 poneretur'3
843 375 922 425 31,
956 374 982 415 6
1008 376 1084 415 ‘ita
1107 390 1193 415 cum
1217 376 1365 415 clamor
1387 384 1493 416 esset
1516 379 1636 417 inter-

148 449 295 489 mixtus
317 447 463 501 gemitu
485 445 780 501 gladiorumque
803 444 976 496 crepitus
993 442 1151 482 auribus
1175 443 1343 490 oblatus,
1368 444 1635 496 imperitorum

146 523 298 557 mentes
329 516 447 555 timor
481 512 787 570 praepediebat'.
851 510 1086 551 Huiusmodi
1118 510 1214 550 locis
1248 510 1366 550 etiam
1398 510 1552 551 Ennius
1589 513 1637 551 ad

147 591 278 639 partes
300 589 489 623 uocatur:
514 580 591 630 23,
615 580 641 621 2
668 580 746 619 ‘hic
770 587 866 628 tum,
891 586 933 618 ut
954 578 1009 618 ait
1031 577 1184 617 Ennius
1202 608 1212 627 ,
1239 578 1366 617 nostri
1391 592 1549 619 cessere
1572 593 1637 632 pa-

146 651 342 704 rumper'3
367 648 436 699 31,
461 648 488 689 7
512 649 606 695 ‘hic,
631 655 673 687 ut
694 648 749 687 ait
769 646 926 686 Ennius
942 676 952 695 ,
989 660 1058 699 pes
1081 646 1178 700 pede
1200 646 1405 699 premitur,
1439 647 1557 686 armis
1581 654 1638 687 te-

146 725 288 758 runtur
309 717 455 766 arma'3
481 723 520 756 et
542 715 694 756 fabulae
718 721 1099 755 commemorantur:
1134 712 1213 761 25,
1248 713 1273 752 4
1308 721 1317 738 ⁴
1335 713 1417 762 hic,
1451 720 1493 753 ut
1516 715 1639 753 fertur

147 786 314 826 Achillis
345 783 649 836 Memnonisque
684 795 922 837 congressus
942 812 952 831 ,
998 779 1049 833 Q.
1084 779 1296 834 Pompeius
1327 780 1482 834 Niger,
1519 795 1637 834 eques

146 853 349 894 Romanus
364 883 374 902 ,
405 850 649 901 ItalicensiS,
684 865 736 891 ex
766 851 852 891 acie
875 856 1010 889 nostra
1034 848 1080 888 ad
1103 849 1433 902 congrediendum
1456 862 1641 902 progres-

148 935 214 962 sus
233 921 320 961 est'.
357 918 621 961 Oscitantiam
645 918 849 973 scriptoris
872 916 1025 972 arguit,
1060 917 1159 969 quod
1183 930 1218 956 c.
1243 915 1299 956 28
1320 923 1426 957 extr.
1447 923 1486 956 et
1502 916 1557 957 29
1578 916 1634 956 in.

146 989 207 1029 bis
229 988 363 1028 eadem
397 994 618 1041 ponuntur,
650 994 690 1027 et
720 1001 755 1026 c.
789 984 844 1025 29
875 985 1085 1025 identidem
1117 984 1337 1024 inculcatur
1368 983 1637 1025 Caesarianos

146 1055 417 1109 processisse,
452 1053 713 1109 Pompeianos
743 1054 781 1093 in
805 1066 968 1108 aequum
993 1052 1233 1092 descendere
1257 1052 1445 1092 noluisse.
1492 1050 1540 1093 C.
1569 1052 1636 1101 12,

145 1122 187 1173 6,
212 1123 245 1163 si
264 1130 376 1165 recte
399 1123 445 1163 de
468 1136 514 1162 eo
536 1123 622 1162 loco
646 1121 942 1176 disputabimus,
967 1120 1050 1173 ipse
1073 1119 1242 1173 scriptor
1263 1121 1530 1160 emendandae
1552 1134 1640 1159 ora-

146 1191 265 1231 tionis
287 1204 421 1240 causa,
447 1203 546 1244 quae
568 1190 682 1229 modo
705 1190 912 1238 retulerat,
937 1188 1055 1229 aliter
1077 1189 1323 1228 conformata
1347 1188 1505 1228 uidetur
1525 1200 1639 1241 repe-

146 1260 258 1300 tisse.
303 1257 353 1300 C.
388 1257 463 1305 10,
500 1258 522 1297 1
554 1257 876 1311 praetermissum
899 1255 1046 1309 aliquid
1067 1255 1397 1309 reprehenditur:
1435 1260 1528 1295 ‘suo
1551 1256 1638 1295 loco

147 1327 403 1380 praeteritum
427 1333 502 1376 est,
534 1326 634 1378 quod
658 1325 810 1378 equites
833 1339 886 1364 ex
906 1322 1020 1363 Italia
1045 1337 1130 1362 cum
1154 1322 1379 1377 Asprenate
1401 1324 1636 1364 uenissenff.

147 1393 359 1434 Difficilem
393 1402 432 1434 et
461 1394 633 1434 hiantem
666 1392 989 1447 compositionem
1024 1392 1083 1431 his
1116 1391 1215 1430 locis
1247 1392 1471 1446 perspicere
1502 1405 1639 1445 possu-

147 1476 257 1501 mus:
293 1461 334 1512 7,
369 1461 396 1502 2
420 1467 430 1486 ⁴
448 1463 542 1502 haec
564 1462 649 1501 loca
671 1468 764 1501 sunt
784 1466 992 1499 montuosa
1014 1466 1054 1498 et
1076 1466 1216 1498 natura
1238 1459 1343 1499 edita
1364 1460 1411 1498 ad
1433 1473 1515 1499 rem
1538 1459 1640 1498 mili-

148 1537 300 1578 tarem,
337 1543 435 1582 quae
464 1529 625 1583 planitie
660 1528 899 1577 diuiduntur,
937 1524 1053 1567 Salso
1077 1526 1260 1576 flumine,
1304 1526 1484 1581 proxime
1506 1533 1639 1567 tamen

146 1597 343 1650 Ateguam
366 1604 409 1637 ut
430 1597 570 1637 flumen
593 1596 658 1644 sit,
686 1595 846 1635 circiter
866 1607 1047 1648 passuum
1072 1594 1146 1633 duo
1169 1595 1322 1645 milia'3
1357 1594 1404 1642 8,
1431 1593 1455 1633 5
1490 1594 1569 1634 ‘ita
1591 1594 1638 1634 ab

147 1664 500 1719 oppugnationibus
523 1669 664 1702 natura
680 1662 755 1702 loci
778 1662 1031 1710 distinemur,
1056 1668 1099 1700 ut
1121 1662 1304 1702 ciuitates
1327 1662 1540 1716 Hispaniae
1560 1677 1638 1702 non

147 1733 262 1773 facile
284 1733 330 1772 ab
350 1733 463 1772 hoste
481 1730 722 1785 capiantur'3
750 1730 816 1776 15,
841 1730 869 1769 4
893 1729 1036 1769 ‘nostri
1060 1730 1283 1770 ceciderunt
1302 1728 1386 1769 III:
1411 1730 1533 1770 saucii
1556 1728 1639 1770 XII

146 1801 296 1855 pedites
330 1807 368 1840 et
398 1800 549 1853 equites
581 1797 664 1848 V'3
707 1804 887 1838 extremo
918 1797 1053 1838 eodem
1085 1811 1198 1852 cap.:
1236 1798 1463 1850 ‘hospites,
1506 1798 1567 1851 qni
1597 1798 1638 1838 iu

147 1869 286 1923 oppido
318 1875 456 1917 erant,
488 1866 664 1920 iugulare
695 1872 734 1906 et
764 1866 810 1906 de
832 1880 942 1905 muro
962 1865 1199 1919 praecipites
1222 1866 1379 1906 mittere
1403 1874 1634 1920 coeperunt,

147 1937 261 1977 sicuti
283 1937 380 1990 apud
403 1935 617 1975 barbaros:
645 1934 743 1988 quod
767 1940 856 1987 post
879 1933 1076 1973 hominum
1094 1934 1319 1973 memoriam
1344 1948 1550 1987 numquam
1576 1943 1637 1975 est.

148 2004 328 2054 factum'3
359 2003 413 2043 ‘23
436 2009 542 2042 extr.
571 2006 638 2042 ‘ex
664 2009 827 2055 utroque
848 2015 995 2055 genere
1019 2015 1171 2055 pugnae
1195 2002 1414 2056 complures
1438 2009 1529 2041 sunt
1554 2003 1639 2042 uul-

147 2071 305 2113 neribus
338 2071 493 2120 affecti,
528 2070 568 2110 in
601 2070 685 2125 quis
718 2069 834 2110 etiam
866 2068 1027 2110 Clodius
1050 2069 1283 2122 Arquitius:
1318 2070 1423 2110 inter
1453 2084 1550 2123 quos
1582 2070 1638 2111 ita

147 2139 363 2181 comminus
387 2147 447 2180 est
463 2145 690 2193 pugnatum,
715 2144 757 2178 ut
779 2152 831 2178 ex
853 2138 1000 2178 nostris
1023 2144 1180 2192 praeter
1195 2139 1291 2178 duos
1309 2138 1562 2179 centuriones
1585 2139 1638 2178 sit

147 2222 260 2248 nemo
284 2208 531 2248 desideratus
555 2207 681 2260 gloria
713 2220 755 2246 se
786 2205 1037 2255 efferentes'3
1071 2206 1141 2256 27,
1173 2206 1200 2246 4
1235 2206 1313 2246 ‘ita
1346 2206 1489 2246 castris
1520 2206 1636 2247 motis

146 2274 315 2316 chbim
332 2273 542 2329 Pompeius
565 2274 818 2328 praesidium,
844 2274 942 2327 quod
964 2274 1138 2327 reliquit,
1164 2274 1282 2315 iussit
1301 2282 1344 2314 ut
1365 2274 1635 2315 incenderent'

148 2343 220 2383 hoc
243 2349 303 2383 est
329 2340 520 2383 ‘chbim
543 2357 565 2383 a
587 2342 780 2396 praesidio
803 2342 919 2383 iussit.
940 2342 1136 2392 incendi’g
1163 2341 1239 2393 39,
1274 2341 1298 2381 3
1334 2347 1343 2365 ί
1360 2341 1569 2396 Pompeius
1592 2356 1635 2382 se

148 2411 346 2452 occultare
378 2412 531 2465 coepit,
565 2418 608 2451 ut
638 2425 661 2451 a
693 2411 839 2451 nostris
873 2424 949 2449 non
974 2410 1090 2450 facile
1112 2410 1374 2460 inueniretur,
1406 2411 1480 2450 nisi
1513 2410 1636 2463 capti-

147 2493 283 2519 uorum
306 2479 466 2520 indicio.
509 2478 571 2520 Ita
592 2479 644 2520 ibi
666 2478 932 2518 interficitur'.
977 2477 1025 2518 C.
1051 2477 1121 2528 35,
1146 2478 1173 2518 2
1194 2479 1233 2519 in
1258 2479 1316 2519 his
1339 2478 1493 2518 uerbisz
1520 2478 1633 2517 ‘clam

148 2547 337 2598 quendam
358 2546 589 2596 Philonem,
614 2548 746 2595 illum,
772 2546 835 2600 qui
858 2544 1182 2599 Pompeianarum
1214 2547 1380 2600 partium
1405 2547 1547 2586 fuisset
1569 2547 1634 2586 de-

151 2615 283 2654 fensor
304 2616 520 2655 acerrimus
553 2616 612 2663 (is
634 2621 716 2654 tota
739 2613 945 2654 Lusitania
976 2614 1206 2654 notissimus
1239 2619 1351 2667 erat)
1375 2640 1429 2644 ——
1452 2615 1511 2654 hic
1535 2614 1632 2654 clam

151 2682 343 2733 praesidia
363 2683 401 2722 in
424 2682 672 2723 Lusitaniam
696 2682 968 2735 proficiscitur'
995 2683 1122 2722 oratio
1144 2682 1255 2722 initio
1278 2683 1331 2721 ita
1354 2683 1532 2722 instituta
1555 2689 1631 2731 est,

152 2748 263 2802 quasi
285 2750 467 2804 deinceps
492 2756 501 2774 ⁶
517 2751 689 2790 mittunt'
714 2751 774 2790 uel
798 2750 924 2789 simile
947 2750 1107 2789 uerbum
1131 2757 1385 2803 sequeretur,
1420 2751 1486 2790 sed
1511 2750 1633 2789 inter-

151 2815 265 2854 iectis
296 2817 520 2868 quibusdam
552 2819 667 2859 rebus
701 2832 746 2858 ea
778 2819 903 2857 forma
926 2818 1083 2858 deserta
1105 2825 1180 2857 est.
1226 2816 1275 2858 C.
1301 2816 1351 2867 6,
1390 2820 1403 2856 l
1434 2825 1473 2855 et
1493 2815 1571 2865 25,
1609 2815 1625 2854 1

154 2883 261 2923 ‘eius
282 2885 538 2936 praesidium'
571 2887 729 2940 ponitur
759 2885 973 2940 Pompeio,
1017 2885 1078 2937 qui
1109 2885 1341 2938 pronomine
1372 2883 1628 2937 significatur,
