1835 3240
682 209 870 256 CAPVT
888 209 943 255 32
952 235 1009 242 -
1019 209 1089 252 34.
1617 212 1701 257 737

144 328 281 370 cuniae
303 339 434 366 secum
458 324 616 376 habuit,
652 325 709 366 eis
734 324 934 366 distribuit
962 332 1002 365 et
1028 323 1234 379 oppidanis
1264 323 1364 364 dixit
1395 338 1437 366 se
1460 326 1506 367 de
1528 341 1625 382 pace

142 396 189 436 ad
212 393 426 435 Caesarem
449 394 643 448 proficisci
666 400 704 434 et
725 394 899 434 secunda
920 392 1058 446 uigilia
1078 392 1125 433 ab
1148 391 1286 447 oppido
1310 391 1506 433 discessit.
1542 393 1619 436 Cn.
1645 395 1670 437 5

139 461 349 517 Pompeius
373 476 457 501 cum
481 461 675 515 equitibus
710 462 844 515 paucis
876 461 1151 514 nonnullisque
1182 459 1376 515 peditibus
1408 461 1455 500 ad
1485 463 1625 503 nauale

140 531 378 585 praesidium
401 537 512 583 parte
535 529 659 569 altera
682 526 881 569 Carteiam
905 528 1121 580 contendit,
1146 529 1247 582 quod
1269 528 1449 583 oppidum
1471 528 1582 570 abest
1604 544 1626 570 a

147 597 332 640 Corduba
363 597 468 637 milia
499 610 682 650 passuum
713 603 851 637 CLXX.
897 594 985 648 Quo
1016 610 1102 636 cum
1133 598 1181 637 ad
1211 603 1393 637 octauum
1415 597 1625 638 miliarium
1646 598 1673 640 6

139 666 335 715 uenisset,
350 664 398 706 P.
415 662 633 713 Caueilius⁷
659 665 722 718 qui
745 664 886 705 eastris
904 672 1021 705 antea
1036 663 1214 719 Pompeii
1232 666 1480 719 praepositus
1502 674 1623 717 esset,

140 736 224 775 eius
245 732 380 774 uerbis
403 733 581 773 nuntium
604 732 747 782 mittit,
774 747 861 772 eum
884 732 1012 773 minus
1034 733 1135 773 belle
1158 733 1327 774 habere:
1362 740 1404 773 ut
1424 733 1629 775 mitterent

137 802 333 851 lecticam,
358 815 432 854 qua
455 801 495 841 in
518 801 697 856 oppidum
722 800 866 840 deferri
889 808 1036 854 posset.
1070 799 1239 842 Litteris
1261 802 1393 842 missis
1413 800 1625 856 Pompeius

93 887 98 891 ·
139 867 341 910 Carteiam
365 870 556 910 defertur.
602 867 681 921 Qui
702 869 855 909 illarum
878 869 1047 923 partium
1080 870 1254 909 fautores
1287 876 1446 920 essent,
1483 883 1627 911 conue-
1648 869 1675 911 7

66 944 107 977 10

67 1285 105 1317 15

139 938 252 978 niunt
282 939 323 978 in
356 938 533 988 domum,
569 952 643 991 quo
676 944 760 977 erat
789 937 939 977 delatus
976 937 1058 990 (qui
1083 937 1261 977 arbitrati
1294 945 1387 978 sunt
1408 937 1628 978 clanculum

139 1007 339 1060 uenisse),
367 1014 409 1046 ut
431 1006 477 1046 ab
501 1020 571 1057 eo,
598 1019 696 1059 quae
717 1005 865 1045 uellent
890 1036 899 1054 ,
925 1004 970 1045 de
992 1005 1095 1045 bello
1117 1005 1379 1058 requirerent.
1426 1003 1525 1046 Cum
1549 1008 1628 1047 fre-

139 1075 293 1127 quentia
318 1074 586 1124 conuenisset,
612 1074 658 1114 de
680 1073 820 1113 lectica
842 1071 1052 1126 Pompeius
1076 1086 1211 1113 eorum
1233 1073 1272 1112 in
1296 1074 1408 1113 fidem
1432 1074 1623 1127 confugit.

139 1139 293 1182 Caesar
313 1157 364 1183 ex
388 1143 535 1196 proelio
557 1141 775 1182 munitione
798 1141 1038 1181 circumdata
1061 1139 1288 1182 Cordubam
1310 1141 1433 1181 uenit.
1479 1139 1558 1194 Qui
1580 1155 1632 1182 ex
1651 1140 1707 1186 33

140 1210 258 1250 caede
281 1224 327 1250 eo
348 1212 595 1264 refugerant,
620 1217 776 1264 pontem
802 1216 1056 1263 occuparunt.
1101 1206 1202 1250 Cum
1235 1223 1281 1250 eo
1312 1216 1469 1250 uentum
1504 1217 1627 1260 esset,
1650 1209 1677 1249 2

138 1278 349 1318 conuiciari
375 1285 615 1332 coeperunt:
652 1291 723 1318 nos
748 1291 800 1318 ex
823 1278 970 1331 proelio
994 1291 1139 1330 paucos
1163 1292 1395 1331 superesse,
1421 1292 1494 1331 quo
1517 1279 1628 1331 fuge-

139 1347 297 1386 remus?
338 1344 396 1387 Ita
428 1360 605 1401 pugnare
638 1352 853 1400 coeperunt
885 1346 931 1386 de
954 1351 1088 1399 ponte.
1134 1342 1287 1386 Caesar
1307 1345 1450 1385 flumen
1472 1346 1629 1386 traiecit

138 1421 178 1454 et
199 1422 326 1455 eastra
352 1415 494 1468 posuit.
539 1412 706 1468 Scapula
725 1445 734 1464 ,
760 1414 881 1454 totius
903 1413 1135 1463 seditionis,
1172 1413 1340 1454 familiae
1364 1420 1404 1454 et
1424 1413 1628 1454 libertino-
1650 1413 1675 1455 3

136 1496 220 1522 rum
244 1490 380 1537 caput,
407 1497 459 1523 ex
481 1483 630 1537 proelio
655 1480 881 1523 Cordubam
904 1496 989 1522 cum
1013 1482 1214 1529 uenisset,
1240 1481 1427 1522 familiam
1450 1489 1490 1522 et
1510 1482 1629 1523 liber-

137 1557 196 1590 tos
220 1551 470 1601 conuocauit,
486 1565 621 1606 pyram
644 1550 718 1591 sibi
742 1550 937 1600 extruxit,
955 1564 1117 1590 coenam
1139 1550 1284 1590 adferri
1309 1564 1421 1603 quam
1443 1551 1627 1604 optimam
1648 1551 1676 1592 4

137 1618 367 1672 imperauit,
402 1620 494 1660 item
527 1619 682 1673 optImis
716 1619 1013 1659 insternendum
1045 1618 1318 1668 uestimentis3
1353 1619 1555 1672 pecuniam
1591 1627 1631 1660 et

137 1695 344 1740 argentum
366 1688 405 1727 in
428 1688 655 1742 praesentia
678 1688 847 1728 familiae
865 1687 1038 1728 donauit.
1072 1685 1161 1740 lpse
1178 1687 1224 1726 de
1243 1693 1417 1740 tempore
1439 1702 1625 1739 coenare,
1651 1687 1675 1730 5

137 1754 312 1795 resinam
337 1762 376 1795 et
398 1757 559 1796 nardum
582 1756 792 1796 identidem
818 1756 892 1796 sibi
914 1755 1096 1796 infundit.
1134 1753 1193 1794 Ita
1216 1755 1432 1795 nouissimo
1451 1762 1628 1810 tempore

137 1836 294 1863 seruum
318 1823 434 1864 iussit
455 1831 493 1864 et
513 1824 720 1874 libertum,
747 1825 811 1878 qui
835 1824 974 1864 fuisset
997 1823 1082 1864 eius
1107 1822 1369 1874 concubinus,
1395 1824 1560 1864 alterum
1585 1838 1628 1865 se

136 1891 332 1945 iugulare,
359 1892 523 1932 alterum
547 1907 682 1947 pyram
706 1893 932 1933 incendere.
978 1890 1172 1946 Oppidani
1195 1898 1349 1941 autem,
1386 1892 1501 1933 simul
1524 1890 1626 1933 Cae·
1647 1893 1704 1939 34

88 1966 102 1973 ⁹
137 1972 202 1998 sar
223 1967 353 2000 castra
376 1967 515 2000 contra
536 1961 714 2014 oppidum
738 1961 881 2014 posuit,
907 1960 1135 2000 discordare
1158 1967 1398 2013 coeperunt,
1435 1975 1557 2014 usque
1581 1975 1627 2002 eo

137 2034 180 2066 ut
211 2027 360 2068 clamor
389 2028 428 2068 in
462 2036 592 2069 castra
622 2035 758 2069 nostra
792 2028 1018 2083 perueniret
1051 2029 1134 2068 fere
1164 2028 1270 2069 inter
1291 2025 1558 2069 Caesarianos
1591 2037 1630 2070 et

278 2142 376 2177 2Gn.
397 2154 430 2175 α.
573 2145 591 2176 3
605 2143 784 2186 Pompeius
804 2154 824 2175 α
847 2141 968 2184 ‘mss.’,
988 2142 1166 2185 Pompeius
1186 2148 1299 2175 autem
1314 2143 1428 2176 Aldus
1447 2154 1481 2175 ιι.

137 2203 208 2225 cum
228 2194 346 2235 paucis
366 2193 539 2225 nonnullis
559 2195 731 2237 equitibus
750 2195 791 2226 ad
813 2195 844 2226 b.
986 2193 1189 2226 4Carteiam
1209 2205 1277 2226 om.
1297 2205 1332 2226 a.
1476 2195 1629 2237 Operue-

137 2243 246 2275 nisset
265 2244 296 2275 b.
438 2244 612 2277 Caucilius
635 2247 651 2277 b
672 2256 699 2286 c,
722 2245 853 2277 Caueili
872 2255 916 2285 α,-
937 2244 1106 2276 Caluitius
1127 2255 1162 2276 u.
1305 2244 1455 2287 Pompeii
1476 2250 1575 2277 antea
1596 2247 1626 2278 b.

279 2296 298 2329 7
317 2307 390 2328 euin
412 2297 429 2328 b
448 2298 468 2331 2
486 2298 590 2338 dett„
613 2308 686 2329 eum
706 2308 727 2329 a
747 2308 781 2330 η.
939 2296 1050 2328 bellae
1069 2307 1102 2327 α.
1260 2296 1387 2328 babere
1406 2307 1427 2328 a
1446 2298 1463 2328 b
1483 2298 1501 2331 2
1521 2298 1625 2339 dett„

136 2347 278 2379 haberet
296 2358 331 2379 u.
481 2350 661 2381 mitterent
681 2351 721 2390 b,-
742 2350 895 2381 mitteret
914 2359 934 2380 α
954 2352 1000 2389 et,
1021 2352 1063 2380 ut
1080 2348 1237 2389 uidetur,
1258 2351 1370 2381 ceteri
1388 2350 1482 2381 boni.

136 2399 200 2431 8111
220 2411 288 2432 om.
302 2411 335 2432 α.
478 2402 586 2444 possit
605 2402 656 2442 (a)
679 2403 789 2433 ‘mss-J
927 2401 1131 2434 9Certeiam
1150 2411 1184 2432 a.
1329 2402 1368 2433 10
1382 2401 1462 2444 quo]
1477 2402 1510 2432 in
1530 2413 1628 2444 quam

139 2450 169 2481 b.
309 2452 437 2483 dilatus
459 2463 493 2484 α.
650 2454 685 2486 11
709 2453 810 2495 quae]
832 2454 886 2495 qui
906 2454 935 2485 b.
1076 2453 1183 2484 uellet
1203 2464 1278 2485 cnm
1298 2454 1318 2485 2
1338 2454 1425 2485 dett.
1447 2464 1483 2485 u.

141 2501 179 2533 13
200 2503 343 2545 proelio]
365 2502 490 2536 Munda
510 2505 550 2536 cle
572 2505 788 2546 Glanclorpz'i
805 2508 1011 2537 coniectura.
1030 2505 1110 2537 add.
1133 2516 1169 2537 u.
1314 2507 1353 2539 14
1370 2506 1574 2548 refugerunt
1592 2520 1625 2540 a.

280 2560 489 2596 occuparunt
507 2566 527 2587 a
549 2557 578 2596 b,
596 2561 852 2598 occupauerunt
871 2567 905 2587 u.
1048 2560 1187 2587 uentum
1207 2561 1301 2588 esset
1318 2556 1544 2598 Steplta727155
1563 2560 1628 2589 cir—

139 2610 353 2637 cumuentum
373 2613 465 2639 esset
483 2619 515 2649 a,
538 2609 764 2641 circumuenti
784 2613 902 2640 essent
923 2608 961 2647 b,-
983 2613 1076 2640 esset
1095 2615 1233 2642 uentum
1253 2619 1288 2640 u.
1453 2611 1492 2642 15
1512 2612 1628 2642 conui-

138 2658 222 2688 ciari
242 2658 368 2698 Aldus,
386 2662 575 2693 conuitiare
595 2673 615 2693 α
632 2663 662 2693 b.
803 2661 881 2704 quo]
894 2671 975 2703 quos
994 2671 1013 2692 α
1029 2661 1060 2692 b.
1203 2660 1400 2701 fugeremus
1417 2662 1532 2702 codd„
1551 2673 1629 2693 con-

140 2708 381 2749 fugeremusll·
527 2712 742 2754 18apudab.
883 2712 1085 2743 liberosab.
1231 2710 1270 2743 19
1283 2712 1480 2743 extruxita.

138 2760 268 2791 adferri
287 2771 321 2791 α.
475 2763 633 2804 optimam
652 2775 673 2795 a
696 2765 712 2795 b
733 2764 750 2796 6
771 2763 874 2805 dell„
896 2764 1039 2806 opimam
1059 2763 1224 2805 Scaliger
1242 2773 1276 2794 u.
1417 2764 1455 2798 21
1480 2775 1625 2797 coenare

138 2812 229 2852 (1s5
250 2812 576 2854 dett.Selzne1·de1=z',
591 2826 657 2847 om.
679 2827 717 2856 c,-
733 2817 893 2848 coeuauit
911 2816 1026 2848 Aldus
1046 2826 1080 2847 u.
1223 2816 1267 2849 22
1279 2816 1425 2847 resinam
1440 2827 1518 2849 nar.
1542 2817 1625 2850 lect.

140 2863 172 2903 (I,
195 2862 294 2894 sitam
314 2873 334 2894 α
354 2867 389 2894 et
405 2866 455 2895 sic
475 2865 548 2896 ‘uel
565 2865 670 2897 sicam
691 2867 708 2897 b
724 2866 765 2898 (τ’.
909 2866 1037 2898 infudit
1056 2867 1087 2898 b.
1229 2867 1271 2899 23
1286 2866 1428 2899 liberum
1447 2877 1481 2899 a.

138 2916 211 2947 eius
231 2926 297 2947 om.
320 2925 340 2947 a
362 2916 393 2946 b.
536 2916 578 2949 24
598 2916 708 2960 pylam
727 2928 761 2949 α.
901 2919 943 2951 25
964 2917 1098 2959 eontra]
1118 2918 1159 2949 ad
1179 2917 1261 2950 add.
1283 2927 1316 2950 α.

160 2980 280 3017 Caesar,
297 2981 342 3009 ed.
359 2981 500 3019 Nipperd.
1342 2972 1393 3013 47
