1835 3240
115 174 198 217 658
629 172 801 215 BELLI
831 171 1234 214 ALEXANDRINI

191 288 290 328 riter
319 286 509 341 correptis
541 285 737 327 Malacam
766 285 967 326 contendit
995 285 1126 338 ibique
1159 287 1326 327 aduerso
1357 293 1530 342 tempore
1560 286 1670 326 naui-

188 354 305 409 gandi
326 355 439 395 nauis
463 354 716 402 conscendit,
740 360 784 393 ut
803 353 888 407 ipse
909 353 1182 407 praedicabat,
1207 367 1256 394 ne
1277 368 1319 394 se
1339 353 1490 408 Lepido
1514 362 1553 395 et
1571 353 1670 394 Tre-

142 423 168 463 4
187 423 306 464 honio
339 430 378 463 et
399 421 589 462 Marcello
621 421 907 471 committeret3
940 428 982 461 ut
1003 421 1117 461 amici
1140 422 1223 462 eius
1246 421 1499 472 dictitabant,
1532 435 1580 462 ne
1602 436 1671 475 per

189 505 274 532 eam
306 490 547 544 prouinciam
578 488 730 529 minore
759 503 845 529 cum
878 489 1067 542 dignitate
1096 489 1174 530 iter
1196 490 1369 539 faceret,
1402 490 1510 531 cuius
1532 504 1671 545 magna

187 572 278 612 pars
309 558 356 598 ab
387 570 432 596 eo
465 557 684 606 defecerat3
718 563 762 597 ut
791 557 913 597 ceteri
935 557 1240 607 existimabant,
1272 570 1321 597 ne
1343 557 1507 611 pecunia
1527 558 1593 598 illa
1615 571 1667 598 ex

143 625 168 666 5
191 626 352 666 infinitis
382 624 530 677 rapinis
562 625 741 664 confecta
769 624 811 664 in
840 631 1072 678 potestatem
1105 625 1329 678 cuiusquam
1359 625 1527 665 ueniret.
1570 624 1670 666 Pro-

188 706 347 748 gressus
387 692 558 732 secunda
596 698 638 732 ut
667 691 830 732 hiberna
863 700 1092 746 tempestate
1124 707 1209 732 eum
1240 693 1280 732 in
1310 691 1499 732 Hiberum
1530 692 1670 733 flumen

186 761 314 801 noctis
352 760 535 800 uitandae
576 773 697 800 causa
734 774 778 801 se
807 761 1066 810 contulisset,
1107 760 1196 800 inde
1227 761 1340 814 paulo
1374 760 1667 801 uehementiore

187 834 419 881 tempestate
450 827 570 868 nihilo
601 827 858 881 periculosius
890 841 933 868 56
962 829 1240 882 nauigaturum
1274 828 1438 868 credens
1468 829 1669 882 profectus

186 896 365 935 aduersis
408 895 586 936 fluctibus
618 896 917 937 occurrentibus
950 896 1050 936 ostio
1079 895 1248 935 fluminis
1279 896 1318 935 in
1349 896 1444 949 ipsis
1479 895 1668 946 faucibus,

185 977 274 1003 cum
312 977 438 1016 neque
468 964 628 1004 flectere
659 964 791 1005 nanim
823 971 984 1018 propter
1014 963 1092 1003 uim
1122 963 1294 1003 fluminis
1326 977 1451 1016 neque
1483 963 1667 1003 directam

183 1031 305 1072 tantis
326 1031 507 1072 fluetibus
530 1038 666 1072 tenere
688 1039 836 1085 posset,
862 1033 1039 1072 demersa
1063 1045 1165 1071 naue
1186 1031 1316 1084 periit.

108 1099 166 1143 65
298 1097 400 1140 Cum
422 1099 461 1139 in
483 1097 639 1154 Syriam
662 1097 814 1141 Caesar
835 1113 888 1140 ex
903 1099 1085 1154 Aegypto
1108 1100 1286 1139 uenisset
1307 1105 1423 1151 atque
1447 1098 1494 1138 ab
1516 1098 1580 1147 iis,
1605 1098 1668 1150 qui

182 1166 311 1208 Roma
341 1174 536 1208 uenerant
565 1168 614 1208 ad
644 1181 731 1208 eum
747 1199 758 1218 ,
794 1175 1052 1222 cognosceret
1073 1167 1292 1219 litterisque
1313 1166 1472 1210 urbanis
1495 1166 1668 1207 animad-

183 1242 363 1276 uerteret
382 1223 515 1276 *multa
535 1234 688 1276 Romae
719 1236 820 1275 male
842 1241 881 1274 et
902 1234 1096 1274 inutiliter
1117 1234 1381 1273 administrari
1403 1247 1530 1285 neque
1551 1233 1668 1273 ullam

182 1309 332 1356 partem
353 1302 592 1356 reipublicae
614 1302 710 1343 satis
734 1303 935 1342 commode
957 1302 1058 1355 geri,
1074 1302 1174 1354 quod
1197 1307 1235 1341 et
1257 1300 1575 1341 contentionibus
1599 1300 1668 1340 tri-

180 1369 348 1410 buniciis
379 1371 628 1424 perniciosae
658 1370 871 1410 seditiones
904 1377 1136 1420 orerentur,
1171 1376 1210 1409 et
1238 1369 1450 1409 ambitione
1472 1375 1586 1422 atque
1606 1368 1667 1408 in-

182 1438 385 1491 dulgentia
419 1438 663 1478 tribunorum
693 1438 858 1479 militum
889 1445 929 1477 et
959 1437 1023 1491 qui
1055 1437 1276 1491 legionibus
1308 1443 1520 1491 praeerant
1546 1436 1668 1476 multa

181 1513 321 1547 contra
341 1519 490 1547 morem
513 1506 916 1559 consuetudinemque
938 1506 1144 1546 militarem
1163 1507 1318 1555 fierent,
1337 1519 1434 1559 quae
1451 1504 1668 1545 dissoluen-

181 1575 252 1615 dae
276 1573 505 1628 disciplinae
526 1574 830 1628 seueritatisque
853 1582 1002 1625 essent,
1027 1588 1150 1627 eaque
1172 1574 1303 1614 omnia
1323 1573 1499 1627 flagitare
1522 1573 1666 1613 aduen«

181 1650 262 1683 tum
284 1656 396 1682 suum
418 1642 596 1693 uideret,
630 1650 760 1683 tamen
782 1642 1081 1696 praeferendum
1104 1642 1372 1692 existimauit,
1398 1655 1492 1695 quas
1514 1641 1555 1681 in
1576 1654 1667 1694 pro-

180 1711 333 1751 uincias
355 1711 617 1765 regionesque
639 1711 833 1760 uenisset,
853 1723 920 1751 eas
942 1711 996 1750 ita
1018 1710 1244 1764 relinquere
1268 1711 1516 1758 constitutas,
1535 1715 1578 1748 ut
1599 1708 1666 1747 do·

179 1778 356 1819 mesticis
399 1778 713 1819 dissensionibus
753 1778 1042 1828 liberarentur,
1085 1779 1173 1818 iura
1204 1778 1391 1831 legesque
1423 1776 1663 1829 acciperent,

132 1846 160 1889 2
181 1854 440 1888 externorum
472 1846 641 1886 hostium
672 1853 815 1887 metum
839 1847 1096 1900 deponerent.
1140 1845 1250 1886 Haec
1271 1845 1311 1885 in
1333 1842 1476 1899 Syria,
1503 1841 1663 1891 Cilicia,

179 1915 281 1955 Asia
303 1913 487 1954 celeriter
507 1927 550 1954 56
572 1914 838 1955 confecturum
862 1915 1069 1968 sperabat,
1095 1914 1196 1967 quod
1219 1914 1292 1954 hae
1314 1912 1538 1966 prouinciae
1559 1910 1667 1950 nullo

180 1982 283 2023 bello
314 1982 617 2036 premebantur3
649 1982 692 2022 in
712 1981 902 2037 Bithynia
926 1996 970 2022 ac
990 1982 1120 2023 Ponto
1151 1982 1235 2035 plus
1258 1974 1572 2021 oneris'uidebat
1592 1979 1668 2020 sibi

133 2050 159 2091 3
179 2050 420 2105 impendere.
463 2048 562 2091 Non
595 2050 821 2091 excessisse
851 2050 955 2091 enim
976 2049 1106 2091 Ponto
1127 2048 1373 2090 Pharnacem
1395 2047 1577 2089 audiebat
1597 2061 1666 2088 ne-

180 2132 254 2172 que
287 2132 548 2159 excessurum
577 2119 764 2173 putabat,
799 2133 887 2159 cum
917 2119 1090 2160 secundo
1113 2118 1262 2173 proelio
1285 2112 1540 2158 uehementer
1560 2123 1667 2157 esset

132 2186 159 2226 4
180 2186 336 2228 inflatus
354 2218 364 2238 ,
400 2187 501 2241 quod
533 2193 672 2227 contra
700 2185 918 2228 Domitium
941 2184 1152 2228 Caluinum
1182 2188 1344 2227 fecerat.
1389 2182 1665 2225 Commoratus

182 2254 265 2295 fere
294 2255 335 2295 in
357 2255 536 2295 omnibus
559 2254 782 2295 ciuitatibus
798 2286 808 2305 ‚
843 2269 942 2309 quae
963 2255 1113 2296 maiore
1134 2261 1225 2295 sunt
1247 2253 1435 2307 dignitate
1450 2283 1460 2303 ,
1494 2253 1669 2307 praemia

181 2321 282 2363 hene
302 2323 453 2364 meritis
477 2330 516 2364 et
537 2323 683 2363 uiritim
706 2329 745 2363 et
764 2322 916 2378 publice
938 2323 1086 2373 tribuit,
1103 2323 1149 2364 de
1165 2321 1449 2363 controuersiis
1466 2320 1663 2361 ueteribus

321 2511 343 2544 2
361 2511 459 2543 1131115
479 2522 500 2543 α
520 2512 552 2544 b.
718 2511 736 2544 6
756 2511 947 2543 infinitimis
966 2522 1000 2544 a.
1176 2508 1195 2542 7
1213 2510 1247 2541 in
1265 2508 1426 2540 Hiberum
1443 2517 1464 2538 α
1483 2510 1518 2538 et
1535 2509 1666 2540 omisso

179 2562 213 2594 in
233 2561 252 2594 b
270 2571 299 2603 c,
319 2562 353 2593 in
373 2561 507 2593 Iberum
525 2572 561 2594 u.
703 2563 722 2596 9
742 2563 827 2595 nihil
844 2573 866 2594 α
886 2563 915 2594 b.
1059 2562 1097 2595 11
1117 2562 1289 2594 derectam
1308 2571 1329 2592 a
1349 2560 1379 2591 b.
1523 2559 1564 2591 12
1579 2569 1666 2592 naue

182 2624 204 2646 a
224 2613 318 2645 ‘ms-s,
340 2612 385 2650 3',
407 2613 486 2644 nani
504 2623 540 2645 u.
733 2615 774 2647 13
793 2615 846 2646 his
864 2625 899 2646 α.
1071 2613 1111 2646 16
1130 2623 1202 2655 rep.
1223 2613 1308 2645 satis
1327 2611 1502 2644 commoda
1520 2612 1664 2652 egeria.

322 2662 513 2695 tribunitiis
532 2662 598 2704 (a).
741 2664 783 2697 17
801 2668 984 2696 orerentur
1000 2674 1020 2695 a
1037 2674 1066 2704 c,
1087 2664 1259 2696 orirentur
1276 2674 1311 2695 u.
1451 2662 1666 2703 indulgentia

183 2714 214 2752 b,
235 2713 451 2755 indiligentia
468 2714 613 2755 reliqui.
792 2716 834 2749 25
853 2715 1024 2747 facturum
1044 2715 1074 2746 b.
1252 2714 1294 2749 26
1314 2713 1474 2757 Bythinia
1491 2724 1524 2747 α.
1621 2748 1624 2750 ,

181 2765 258 2806 ptus
277 2775 346 2796 om.
367 2775 389 2796 a
407 2765 425 2796 b
444 2775 474 2796 c.
622 2763 666 2798 27
685 2765 876 2797 excessisse
895 2765 985 2797 enim
1002 2775 1024 2798 a
1045 2765 1139 2798 ‘mss.
1157 2764 1342 2807 plerique'‚
1364 2764 1453 2797 enim
1472 2763 1664 2796 excessisse

180 2825 217 2847 u.
380 2815 578 2848 Pharnacen
597 2815 674 2846 sine
690 2818 912 2849 auctoritate
928 2826 964 2848 u.
1137 2816 1300 2849 audiebat
1317 2826 1338 2849 a
1359 2816 1454 2849 ‘nt-ss.
1469 2812 1660 2858 plerique’,

179 2866 338 2898 audierat
356 2876 391 2900 u.
531 2864 574 2898 30
593 2869 693 2898 erant
711 2865 743 2898 b.

1704 901 1743 934 10

1699 1578 1742 1612 21)

1698 1916 1741 1951 25

1698 2259 1741 2293 30
