1835 3240
685 182 1108 224 -248—

153 311 228 352 quo
250 298 414 338 nauibus
437 312 457 338 a
481 296 598 338 Didio
619 297 794 338 incensis
817 303 854 336 et
878 296 1003 350 captis
1025 297 1272 349 profugerat,
1306 303 1344 336 et
1366 309 1419 336 ex
1440 297 1637 350 sequenti-

150 365 223 406 bus
245 366 378 406 uerbis
401 372 561 419 apparet
584 364 701 418 (quae
721 364 796 404 etsi
810 370 993 417 corrupta
1007 371 1111 413 sunt,
1136 370 1267 403 tamen
1293 365 1636 405 ‘munitumlocum

153 435 306 474 natura'
331 436 366 487 ἓ.
392 434 419 474 4
440 432 738 472 commemorari
760 432 965 483 uidemus)
995 437 1032 470 et
1061 445 1113 470 ex
1134 430 1300 484 Appiani
1329 431 1462 471 uerbis
1491 432 1528 471 b.
1556 433 1633 472 eiu.

150 500 208 552 It,
234 501 313 542 105
336 502 408 544 καὶ
431 499 698 547 διαπλεύσας
721 502 763 546 ἔς
782 499 823 541 τὶ
846 499 1008 555 χωρίον
1031 497 1348 553 ἐθεραπεύετο.
1391 497 1528 554 Itaque
1550 513 1635 539 cum

151 570 192 609 111
215 568 336 610 Vind.
362 583 420 622 pr.
445 574 485 608 et
501 567 765 621 compluribus
789 566 1050 606 deterioribus
1066 564 1296 606 Schneideri
1320 566 1507 618 scriptum
1531 573 1637 606 esset

154 637 218 677 ‘ad
241 637 419 684 turrem',
444 635 484 674 in
501 633 594 675 Par.
621 649 702 675 sec.
731 639 869 687 ‘quem
893 641 1000 673 esset
1021 634 1208 683 ablatus',
1243 634 1282 672 in
1305 631 1421 673 Leid.
1447 647 1506 685 pr.
1535 637 1637 672 ‘cum

152 711 259 745 esset
281 701 464 751 oblatus',
489 703 545 742 sic
568 703 691 742 edidi:
732 700 814 741 ‘Ita
838 701 978 740 lectica
1001 701 1048 740 ad
1073 707 1216 741 turrem
1241 715 1327 740 cum
1350 707 1455 740 esset
1478 700 1635 749 allatus,

150 771 192 811 in
215 785 262 812 ea
283 769 518 811 tenebatur'.
561 769 731 823 Reliqua
755 769 867 809 huius
889 769 1027 821 capitis
1050 769 1102 808 ita
1127 769 1312 817 exhibui,
1346 775 1388 807 ut.
1418 767 1458 807 111
1481 768 1637 821 optimis

151 839 263 880 codd.
288 838 432 891 scripta
463 845 568 877 sunt.
614 836 676 877 Ea
704 837 801 877 adeo
824 843 1008 889 corrupta
1032 843 1147 884 sunt,
1173 843 1216 875 ut
1238 836 1413 888 equidem
1437 836 1482 875 ad
1507 849 1639 875 emen-

151 906 265 946 dandi
288 905 599 958 desperationem
623 906 783 945 adactus
806 904 894 944 sim.
931 901 1182 956 Suspiciones
1205 910 1334 943 tamen
1357 904 1452 943 duas
1472 917 1550 943 non
1571 917 1636 942 re-

150 974 293 1020 ticebo,
319 973 351 1013 si
375 973 465 1026 quid
479 973 566 1013 aliis
579 973 767 1026 prodesse
781 978 979 1025 poterunt,
1004 971 1183 1024 primam,
1209 971 1290 1011 fieri
1306 985 1436 1024 posse,
1462 971 1638 1011 utuerba

151 1042 189 1095 ἓ.
212 1040 240 1080 4
266 1040 485 1095 ‘praesidio
507 1040 647 1080 fuisset
669 1046 901 1092 conspectus
925 1038 1141 1088 celeriter',
1178 1052 1275 1091 quae
1308 1038 1442 1078 eadem
1475 1039 1511 1091 §-
1537 1037 1560 1078 3
1584 1039 1639 1078 16-

149 1116 310 1163 guntur,
336 1108 435 1148 male
457 1109 623 1162 repetita
647 1108 740 1156 sint,
765 1108 945 1156 alteram,
971 1107 1084 1159 paulo
1106 1106 1271 1145 inferius
1284 1106 1532 1146 scribendum
1550 1119 1638 1146 esse

151 1177 349 1230 ‘quamuis
379 1190 518 1229 magna
550 1176 796 1216 multitudine
827 1175 1011 1227 perpauci
1042 1173 1218 1213 homines
1249 1187 1300 1212 ex
1323 1173 1529 1227 superiore
1550 1173 1637 1213 loco

149 1245 360 1286 defendere
383 1243 573 1297 possent'.
605 1242 750 1296 Neque
773 1243 891 1291 enini,
918 1242 981 1294 qui
998 1242 1269 1281 aduersarium
1289 1255 1311 1280 a
1333 1241 1537 1294 superiore
1550 1241 1637 1280 loco

149 1312 382 1367 propulsare
425 1312 531 1360 uult,
576 1310 664 1350 inde
708 1310 940 1359 descendet,
985 1309 1053 1348 sed
1094 1308 1177 1361 ipsa
1220 1308 1425 1347 altitudine
1468 1308 1639 1347 subeun-

149 1388 225 1421 tem
250 1387 415 1434 premet..

262 1446 311 1489 C.
327 1445 382 1487 40
403 1448 499 1487 haec
522 1454 761 1487 narrantur:
791 1444 961 1492 ‘Didius‚
989 1457 1099 1496 quem
1123 1457 1240 1496 supra
1264 1442 1634 1492 demonstrauimus,

146 1516 214 1557 illa
236 1516 399 1556 affectus
422 1515 570 1555 laetitia
593 1514 774 1568 proximo
797 1527 840 1553 se
862 1512 1011 1565 recepit
1033 1510 1194 1551 castello
1210 1510 1496 1563 nonnullasque
1514 1524 1639 1550 naues

148 1585 196 1625 ad
217 1584 471 1624 reficiendum
494 1582 684 1622 subduxit
705 1588 768 1631 et,
804 1580 978 1634 quamuis
1002 1611 1010 1619 .
1031 1609 1039 1618 .
1060 1609 1068 1618 .
1087 1609 1095 1617 .
1123 1586 1279 1628 essent,
1314 1579 1537 1618 brachium.
1557 1609 1564 1617 .
1585 1607 1593 1616 .
1614 1579 1639 1616 ,⁷

149 1649 218 1693 Sic
240 1652 341 1692 enim
376 1658 556 1691 extrema
587 1650 731 1699 uerba,
767 1662 866 1702 quae
896 1662 947 1688 ex
978 1646 1073 1688 Par.
1100 1660 1182 1687 566.
1217 1653 1255 1686 61
1286 1645 1403 1687 Leid.
1428 1660 1487 1699 pr.
1514 1644 1639 1684 adieci

148 1723 309 1773 (neque,
334 1719 425 1772 quin
448 1718 583 1758 eadem
605 1717 644 1756 111
666 1717 828 1772 reliquis
850 1715 962 1755 bonis
985 1716 1168 1769 legantur
1185 1745 1194 1763 ,
1229 1714 1322 1754 mihi
1353 1714 1508 1753 dubium
1542 1716 1636 1762 est),

149 1787 424 1842 distinguenda
464 1786 698 1827 uidebantur
717 1801 727 1834 ς
783 1798 945 1837 quorum
989 1783 1087 1823 hanc
1130 1782 1367 1822 sententiam
1411 1781 1533 1820 fuisse
1576 1793 1638 1819 ar-

146 1856 290 1904 bitror,
323 1853 480 1894 Didium
495 1885 504 1903 ,
538 1853 715 1906 quamuis
739 1866 859 1892 naues
882 1851 978 1891 satis
1003 1857 1083 1889 tuto
1106 1850 1169 1890 1161
1192 1849 1288 1889 satis
1312 1849 1530 1902 propinquo
1552 1848 1638 1888 1060

149 1923 366 1964 collocatae
391 1929 550 1971 essent,
582 1921 781 1960 brachium
815 1934 837 1958 a
868 1918 1029 1958 castello
1061 1918 1107 1957 ad
1141 1931 1209 1957 eas
1232 1917 1480 1972 perduxisse.
1526 1913 1638 1966 Quae

149 1998 382 2045 sequuntur,
408 1990 463 2030 ita
485 1995 598 2029 erant
619 1987 916 2028 constituenda:
946 1984 1164 2034 ‘Lusitani,
1191 1985 1254 2038 qui
1278 1999 1328 2024 ex
1353 1998 1480 2037 pugna
1503 1997 1640 2037 super-

148 2061 331 2108 fuerunt,
357 2058 405 2097 ad
426 2058 581 2110 signum
605 2069 647 2096 se
669 2060 904 2108 receperunt
925 2061 962 2094 et
984 2054 1083 2093 bene
1107 2057 1248 2106 magna
1270 2065 1387 2091 manu
1414 2057 1638 2104 comparata

149 2127 196 2166 ad
216 2126 373 2166 Didium
397 2139 439 2165 se
461 2131 678 2177 reportant.
730 2121 833 2162 Huic
864 2121 937 2161 etsi
963 2135 1039 2161 non
1062 2120 1201 2160 aberat
1222 2118 1424 2172 diligentia
1447 2119 1492 2157 ad
1517 2132 1638 2157 naues

148 2195 329 2244 tuendas,
356 2201 486 2233 tamen
510 2205 799 2243 nonnumquam
823 2203 874 2229 ex
897 2189 1060 2229 castello
1082 2195 1242 2241 propter
1262 2200 1397 2226 eorum
1413 2185 1550 2225 crebas
1567 2199 1638 2225 ex-

151 2262 355 2302 cursiones
372 2261 604 2301 eliciebatur
616 2266 654 2300 et
666 2273 785 2313 prope
809 2257 1013 2298 cotidianis
1038 2256 1200 2310 pugnis.
1220 2287 1227 2294 .
1248 2285 1256 2293 .
1276 2284 1284 2293 .
1309 2253 1470 2294 insidias
1489 2258 1640 2306 ponunt

151 2337 191 2371 et
211 2329 409 2382 tripertito
431 2329 544 2381 signa
568 2328 821 2367 distribuunt.
863 2325 992 2365 Erant
1023 2323 1170 2377 parati,
1207 2322 1270 2375 qui
1303 2335 1424 2361 naues
1453 2320 1639 2361 incende-

149 2404 255 2444 rent,
279 2397 530 2449 incensisque
551 2397 580 2449 †
601 2395 664 2448 qui
678 2394 892 2435 subsidium
907 2398 1157 2446 repeterent:
1182 2391 1220 2430 hi
1235 2390 1291 2429 sic
1311 2388 1485 2441 dispositi
1508 2394 1635 2435 erant,

150 2476 193 2505 ut
213 2479 235 2505 a
255 2464 360 2504 nullo
379 2495 385 2502 .
408 2494 415 2502 .
436 2494 443 2502 .
463 2495 471 2503 .
498 2470 711 2517 conspectu
741 2462 911 2503 omnium
935 2461 982 2500 ad
1005 2473 1171 2514 pugnam
1194 2456 1461 2497 contendunt'.
1505 2454 1639 2495 Prima

149 2534 291 2573 lacuna
313 2538 404 2571 ante
427 2530 547 2571 uerba
573 2530 752 2570 ‘insidias
774 2529 935 2583 ponunt'
959 2528 1046 2568 ideo
1070 2526 1241 2567 notanda
1262 2524 1356 2573 fuit,
1391 2524 1480 2576 quia
1510 2524 1639 2563 incre-

151 2600 267 2641 dibile
279 2597 563 2640 estLusitanos
583 2599 623 2637 in
634 2597 839 2638 cotidianis
852 2596 989 2650 pugnis
1003 2608 1158 2648 semper
1179 2594 1314 2634 eodem
1337 2592 1450 2631 modo
1473 2591 1637 2630 insidias

150 2667 347 2722 posuisse,
373 2665 623 2719 uttripertito
635 2665 750 2718 signa
763 2663 1062 2713 distribuerent,
1088 2676 1160 2715 qua
1180 2675 1224 2702 re
1239 2657 1637 2714 cognitainsidiarum

150 2736 305 2776 ratione
327 2747 479 2774 omnem
502 2746 636 2772 earum
658 2746 771 2772 usum
793 2731 1060 2771 sustulissent.
1095 2729 1264 2777 Deinde,
1290 2727 1323 2768 51
1345 2725 1550 2781 superiora
1571 2724 1639 2764 illa

151 2803 274 2844 uerba
302 2801 662 2855 coniungerentur,
688 2800 805 2840 etiam
820 2829 830 2848 ,
856 2813 953 2851 quae
975 2798 1156 2850 deinceps
1178 2797 1420 2843 referuntur,
1453 2792 1595 2833 cotidie
1617 2806 1639 2831 a

150 2869 355 2911 Lusitanis
386 2870 486 2909 facta
521 2868 769 2917 dicerentur,
802 2879 901 2919 quae
932 2866 1053 2907 semel
1086 2866 1188 2906 facta
1220 2877 1310 2905 esse
1341 2870 1380 2903 et
1407 2862 1456 2903 iis
1487 2858 1639 2901 insidiis
