1835 3240
730 186 843 193 -—
901 160 984 202 202

201 278 425 320 recordatio
446 284 506 317 est
526 276 692 325 laetior,
726 275 827 328 quod
859 273 1028 314 uictoria
1060 273 1185 315 facilis
1217 288 1271 315 ex
1298 273 1530 315 difficillimis
1563 273 1680 315 rebus

200 346 426 388 acciderat'.

312 479 415 521 Bell.
431 479 522 520 Afr.
549 478 591 527 2,
614 477 642 518 4
662 478 719 518 sic
740 477 907 532 scripsi:
937 475 1011 518 ‘Ita
1034 485 1153 518 uento
1175 484 1285 518 certo
1307 477 1503 530 celerique
1524 478 1684 530 nauigio

201 555 339 588 uectus
361 554 450 601 post
471 547 568 586 diem
583 552 762 598 quartum
777 560 862 585 cum
877 545 1005 599 longis
1026 546 1159 599 paucis
1182 545 1348 585 nauibus
1369 544 1410 583 in
1432 550 1683 597 conspectum

201 615 362 656 Africae
385 614 518 654 uenit:
544 627 711 666 namque
732 613 940 653 onerariae
962 613 1212 666 reliquaeque
1235 618 1391 666 praeter
1405 625 1549 664 paucas
1567 618 1684 651 uento

202 683 402 736 dispersae
435 687 552 733 atque
595 681 842 721 errabundae
879 681 1033 721 diuersa
1068 680 1154 720 loca
1186 679 1418 733 petierunt’.
1481 677 1686 718 Edebatur

204 749 427 790 ‘onerariae
454 747 631 800 reliquae
662 755 820 802 praeter
849 749 1032 802 paucas',
1074 747 1185 800 quasi
1224 746 1365 799 longae
1397 759 1518 785 naues
1549 758 1685 785 omnes

202 832 288 857 cum
313 815 487 857 Caesare
510 815 693 856 fuissent.
746 815 826 857 Sed
856 823 894 856 et
916 828 1060 869 paucas
1083 828 1168 854 cum
1193 827 1239 853 eo
1262 814 1384 853 fuisse
1406 814 1520 853 modo
1543 812 1685 852 dictum

202 892 310 933 erat,
346 891 384 924 et
405 884 610 936 longarum
633 896 785 935 quoque
807 890 956 936 partem
981 882 1228 922 deerrauisse
1251 895 1301 921 ex
1325 895 1359 921 c.
1392 880 1435 930 7,
1470 880 1496 920 3
1528 886 1686 933 apparet

205 952 356 991 ‘eodem
379 964 502 990 naues
525 950 731 989 onerariae
754 958 792 990 et
812 951 952 1004 longae
975 949 1185 990 nonnullae
1209 963 1303 988 casn
1325 948 1597 988 aduenerunt'.

312 1016 470 1058 Initium
486 1032 521 1057 c.
536 1016 561 1056 3
583 1017 623 1057 in
646 1017 800 1070 optimis
822 1018 908 1058 siue
931 1018 1057 1070 potius
1081 1017 1260 1058 omnibus
1285 1017 1397 1056 codd.
1421 1016 1476 1056 ita
1499 1016 1686 1068 scriptum

201 1093 285 1127 est:
333 1084 568 1138 ‘Postquam
590 1084 851 1126 Adrumetum
874 1085 1061 1133 accessit,
1096 1085 1158 1124 ubi
1183 1083 1417 1137 praesidium
1441 1090 1528 1123 erat
1548 1083 1687 1123 aduer-

201 1153 412 1201 sariorum,
439 1153 500 1192 cui
522 1159 704 1206 praeerat
726 1149 774 1192 C.
802 1150 1031 1202 Considius,
1057 1159 1096 1192 et
1117 1167 1138 1192 a
1160 1149 1321 1204 Clupeis
1344 1150 1556 1190 secundum
1579 1163 1685 1189 oram

200 1220 432 1260 maritimam
466 1234 552 1260 cum
585 1221 760 1272 equitatu
788 1219 1045 1260 Adrumetum
1078 1217 1154 1260 Cn.
1190 1217 1308 1266 Piso,
1341 1232 1426 1258 cum
1458 1216 1689 1257 Maurorum

201 1288 360 1328 circiter
381 1286 441 1328 III
472 1287 652 1336 milibus,
688 1288 887 1341 apparuit,
920 1288 971 1326 ibi
1004 1287 1200 1340 paulisper
1230 1283 1382 1326 Caesar
1412 1292 1503 1325 ante
1535 1292 1690 1337 portum

201 1363 481 1405 commoratus,
507 1357 593 1395 dum
616 1356 792 1408 reliquae
806 1369 928 1395 naues
944 1355 1218 1402 conuenirent,
1245 1353 1410 1405 exponit
1431 1350 1686 1391 exercitum’:

200 1422 273 1462 nisi
297 1423 395 1475 quod
421 1420 722 1477 Oudendorpius
745 1437 798 1463 ex
819 1422 996 1462 omnihus
1019 1421 1130 1461 codd.
1157 1421 1287 1474 posuit
1311 1418 1511 1468 ‘Mauris'‚
1535 1425 1579 1458 ut
1600 1424 1691 1458 ante

201 1488 447 1543 Scaligerum
471 1491 671 1531 edebatur.
716 1488 796 1531 Sed
824 1497 932 1530 recte
964 1490 1066 1529 hunc
1105 1487 1365 1529 ‘Maurorum'
1391 1487 1571 1541 posuisse
1591 1484 1686 1526 Par.

201 1572 279 1598 sec.
324 1559 592 1607 demonstrat,
631 1559 671 1597 in
711 1572 785 1610 quo
822 1558 968 1610 legitur
1009 1565 1019 1581 ⁶
1035 1555 1218 1596 Mauro'.
1283 1553 1430 1595 Cetera
1471 1553 1691 1594 rectissime

202 1625 360 1666 habent.
405 1627 442 1665 A
465 1624 628 1680 Clupeis
657 1626 912 1665 Adrumetum
944 1622 1037 1664 Piso
1069 1623 1296 1677 apparuisse
1326 1621 1492 1670 dicitnr,
1527 1621 1600 1661 hoc
1631 1627 1692 1660 est

199 1693 279 1741 ita,
313 1700 354 1732 ut
381 1692 642 1734 Adrumetum
673 1699 841 1745 peteret.
904 1690 1044 1743 Neque
1078 1691 1179 1730 enim
1212 1689 1419 1730 Adrumeti
1451 1702 1537 1728 eum
1575 1701 1691 1741 appa-

199 1760 344 1809 ruisse,
370 1767 413 1800 ut
429 1761 574 1807 editur,
599 1759 952 1812 indeperspicitur,
978 1758 1079 1811 quod
1103 1758 1207 1798 nulla
1231 1758 1411 1809 deinceps
1434 1756 1581 1796 mentio
1606 1756 1691 1796 eius

200 1828 386 1868 infertur.
431 1827 565 1869 Verba
590 1833 692 1867 ‘cnm
714 1826 948 1867 Maurorum
971 1826 1128 1866 circiter
1149 1823 1208 1865 ΙΙΙ
1230 1824 1406 1865 milibus'
1438 1837 1507 1877 per
1538 1822 1692 1876 apposi-

203 1896 348 1936 tionem
378 1896 630 1949 superaddita
660 1902 752 1935 sunt
773 1894 1040 1947 superioribus
1075 1898 1186 1933 ‘cum
1210 1893 1412 1946 equitatu’:
1447 1905 1574 1944 neque
1595 1891 1691 1931 haec

203 1964 360 2004 duriora
384 1971 474 2004 sunt
496 1977 609 2016 quam
642 1969 819 2003 extrema
842 1976 876 2001 c.
902 1960 928 2001 6
961 1960 1120 2013 ‘Itaque
1151 1974 1196 2001 eo
1229 1961 1290 2001 die
1321 1966 1454 2001 castra
1486 1958 1616 2013 posuit
1643 1957 1692 1998 ad

203 2031 384 2085 oppidum
407 2030 643 2085 Ruspinam,
674 2028 762 2071 Cal.
788 2028 889 2069 Ian.'

317 2097 366 2139 C.
392 2098 435 2148 6,
459 2098 484 2140 3
507 2099 601 2139 haec
624 2099 664 2138 in
687 2098 799 2138 codd.
824 2098 1032 2151 leguntur:
1070 2096 1242 2137 ‘Accidit
1271 2109 1335 2134 res
1363 2094 1626 2142 incredibilis,
1650 2100 1693 2132 ut

203 2167 354 2218 equites
378 2166 505 2207 minus
526 2164 658 2206 XXX
680 2164 783 2206 Galli
805 2164 1037 2205 Maurorum
1069 2163 1240 2216 equitum
1271 2163 1346 2202 duo
1377 2161 1481 2201 milia
1503 2160 1590 2200 loco
1612 2160 1693 2214 pel-

204 2234 333 2274 lerent
365 2234 625 2288 fugarentque
656 2233 697 2273 in
727 2233 943 2286 oppidum'.
996 2231 1146 2273 Verum
1181 2231 1355 2284 equitum
1387 2227 1590 2270 Gallorum
1621 2242 1692 2268 nu-

205 2315 336 2342 merus
358 2308 489 2342 rectus
513 2315 591 2341 non
613 2307 687 2342 est.
751 2298 851 2340 Cum
872 2300 974 2341 enim
999 2297 1152 2340 Caesar
1172 2312 1258 2339 cum
1282 2297 1462 2338 omnibus
1486 2295 1608 2349 copiis
1631 2308 1693 2335 es-

205 2376 268 2409 set
288 2369 328 2408 in
350 2369 491 2410 itinere
507 2399 516 2415 .,
541 2370 571 2408 si
597 2369 726 2422 plures
749 2369 898 2421 equites
920 2382 1036 2421 quam
1058 2367 1218 2420 triginta
1243 2365 1376 2406 habuit
1392 2395 1402 2413 ‚
1434 2370 1610 2417 apertum
1634 2368 1695 2403 est

207 2450 293 2476 eum
317 2451 394 2477 non
418 2444 496 2476 tam
525 2437 715 2490 exiguum
744 2450 948 2476 numerum
972 2435 1120 2475 duobus
1144 2433 1311 2474 hostium
1337 2433 1490 2472 milibus
1515 2430 1694 2470 commis-

206 2518 340 2545 surum
364 2504 502 2544 fuisse.
546 2506 669 2557 Atqui
691 2518 809 2558 supra
832 2518 866 2543 c.
900 2504 951 2552 3,
983 2503 1011 2542 2
1042 2517 1126 2542 cum
1158 2508 1311 2542 centum
1345 2506 1383 2540 et
1414 2498 1696 2551 quinquaginta

208 2571 403 2624 equitibus
426 2569 643 2612 Caesarem
666 2573 704 2612 in
723 2572 898 2611 Africam
924 2571 1153 2623 peruenisse
1174 2568 1339 2608 relatum
1363 2574 1438 2607 est.
1473 2564 1611 2618 Itaque
1634 2565 1695 2605 hic

209 2639 375 2692 ponendi
398 2647 488 2680 sunt
515 2641 680 2693 ‘equites
704 2639 829 2679 minus
853 2635 923 2679 CC
949 2637 1081 2677 Galli&
1116 2634 1208 2675 Nisi
1232 2650 1267 2675 c.
1293 2635 1334 2682 3,
1357 2634 1384 2675 2
1415 2633 1584 2686 <equites
1607 2630 1694 2673 CL'

210 2720 346 2748 errore
367 2708 503 2761 scripti
524 2715 616 2748 sunt
637 2721 704 2761 pro
730 2704 869 2749 ‘CCL'
894 2712 933 2745 et
956 2705 1015 2745 hic
1040 2702 1231 2757 ‘triginta‘
1255 2717 1324 2756 pro
1350 2701 1584 2742 ‘trecentis'.

322 2773 369 2816 In
391 2776 466 2816 fine
497 2792 534 2816 e.
568 2775 593 2815 7
616 2775 805 2828 quaedam
829 2774 966 2814 deesse
987 2772 1068 2827 ipsa
1093 2771 1282 2813 orationis
1306 2771 1429 2810 forma
1451 2769 1596 2809 indicio
1617 2775 1693 2808 est.

209 2840 417 2897 Leguntur
436 2843 490 2884 ibi
513 2845 631 2885 haec:
659 2842 863 2896 ‘Remiges
883 2840 1058 2889 interim,
1084 2839 1148 2892 qui
1170 2845 1353 2892 aquatum
1381 2851 1402 2877 e
1424 2836 1588 2878 nauibus
1611 2835 1696 2876 exi-
