1835 3240
101 173 185 214 652
614 170 785 213 BELLI
817 170 1221 213 ALEXANDRlNl

131 286 156 326 4
178 284 235 326 Ibi
257 284 308 325 T.
336 284 479 326 Vasius
502 292 541 326 et
552 284 602 325 L.
620 283 805 339 Mergilio
828 284 943 324 simili
966 285 1198 325 confidentia
1213 285 1409 337 Flaccum,
1428 288 1657 342 municipem

178 367 307 402 suum,
333 354 537 393 adiuuant:
574 358 685 392 erant
707 352 808 391 enim
833 365 967 392 omnes
989 350 1235 393 Italicenses.
1278 353 1339 394 Ad
1362 356 1485 409 ipsum
1508 354 1658 409 Longi-

177 435 267 462 num
289 420 341 461 L.
367 420 547 461 Licinius
570 417 743 472 Squillus
770 419 918 458 iuuolat
939 420 1211 474 iacentemque
1232 422 1385 462 leuibus
1408 424 1558 464 sauciat
1579 425 1658 477 pla-

103 488 160 533 53
176 490 247 544 gis.
291 487 554 529 Concurritur
575 488 621 526 ad
645 484 826 526 Cassium
851 488 1158 528 defendendum:
1186 503 1339 543 semper
1361 491 1462 530 enim
1482 490 1658 532 Berones

128 558 155 598 2
177 558 473 612 compluresque
496 561 681 594 euocatos
705 569 788 594 cum
813 555 900 596 telis
924 569 1057 596 secum
1080 557 1223 597 habere
1246 564 1470 597 consuerat.
1514 559 1547 598 A
1572 560 1655 612 qui-
1688 569 1705 597 5

177 625 248 665 bus
272 625 391 665 ceteri
415 623 753 671 intercluduntur,
791 624 855 676 qui
879 624 925 664 ad
948 625 1104 664 caedem
1130 626 1344 665 faciendam
1369 625 1659 679 subsequeban-

177 701 263 743 tur3
298 706 371 745 quo
401 692 439 731 in
461 705 622 731 numero
644 691 715 730 fuit
737 689 973 745 Calpurnius
997 690 1208 733 Saluianus
1233 700 1272 733 et
1292 692 1482 733 Manilius
1505 693 1659 734 Tuscu-

130 760 154 801 3
177 761 253 801 lus.
298 758 500 799 Minucius
523 759 628 799 inter
649 773 764 808 saxa,
790 773 888 812 quae
909 760 1089 801 iacebant
1111 762 1150 800 in
1172 762 1329 810 itinere,
1357 762 1510 814 fugiens
1534 762 1660 815 oppri-

174 829 294 869 mitur
316 834 354 868 et
375 827 499 868 relato
522 827 676 867 domum
691 824 834 867 Cassio
857 828 902 868 ad
927 842 1013 868 eum
1035 829 1253 869 deducitur.
1279 828 1457 870 Racilius
1473 830 1513 869 in
1528 830 1660 883 proxi-

174 910 275 936 mam
307 909 350 935 se
383 896 535 935 domum
568 895 770 936 familiaris
800 896 857 936 sui
891 897 1070 947 confert,
1104 898 1191 937 dum
1215 904 1362 937 certum
1387 904 1660 952 cognosceret,
1696 904 1735 937 10

127 963 153 1004 4
176 965 431 1004 confectusne
455 961 621 1005 Cassius
643 972 763 1005 esset.
809 963 860 1005 L.
887 964 1120 1005 Laterensis
1137 997 1146 1015 ‚
1181 980 1265 1005 eum
1288 965 1323 1005 id
1348 979 1423 1005 non
1449 965 1657 1015 dubitaret,

175 1032 351 1071 adcurrit
380 1032 506 1072 laetus
537 1032 576 1072 in
610 1039 738 1073 castra
770 1032 1035 1086 militibusque
1069 1034 1293 1074 uernaculis
1328 1041 1367 1074 et
1388 1034 1583 1074 secundae
1604 1034 1658 1073 le-

174 1100 328 1153 gionis,
363 1100 501 1153 quibus
534 1101 623 1141 odio
655 1101 807 1141 sciebat
829 1101 1034 1155 praecipue
1058 1098 1240 1142 Cassium
1265 1115 1377 1152 esse,
1411 1102 1655 1155 gratulatum

127 1167 151 1209 5
175 1168 325 1208 tollitur
346 1183 367 1208 a
390 1169 636 1209 multitudine
659 1169 698 1209 in
721 1169 890 1209 tribunal
907 1200 916 1218 ,
950 1176 1109 1222 praetor
1131 1170 1360 1223 appellatur.
1404 1168 1533 1209 Nemo
1556 1170 1656 1209 enim

174 1243 241 1276 aut
262 1236 300 1275 in
321 1236 524 1289 prouincia
541 1243 670 1285 natus,
689 1243 727 1276 ut
743 1237 980 1276 uernaculae
994 1237 1161 1290 legionis
1181 1238 1308 1286 miles,
1324 1244 1390 1276 aut.
1406 1237 1659 1276 diuturnitate
1694 1244 1732 1276 15

173 1304 248 1343 iam
274 1305 400 1343 faetus
426 1303 692 1356 prouincialis‚
711 1318 785 1357 quo
807 1305 846 1345 in
865 1319 1027 1345 numero
1046 1312 1130 1345 erat
1148 1306 1317 1346 secunda
1337 1305 1456 1358 legio,
1477 1318 1554 1344 non
1572 1318 1658 1344 cum

174 1371 275 1411 omni
310 1371 511 1425 prouincia
544 1379 801 1412 consenserat
833 1373 871 1412 in
902 1373 990 1413 odio
1013 1370 1154 1413 Cassi:
1190 1388 1278 1413 nam
1302 1374 1478 1427 legiones
1499 1378 1601 1412 XXX
1623 1379 1661 1412 et

171 1447 254 1480 XXI
275 1439 411 1494 paucis
435 1438 632 1479 mensibus
655 1440 695 1480 in
710 1439 818 1481 Italia
843 1441 1010 1495 scriptas
1027 1439 1180 1482 Caesar
1200 1439 1656 1494 adtribueratLongino‚

96 1509 152 1553 54
172 1509 305 1563 quinta
337 1507 438 1562 legio
469 1522 591 1561 nuper
613 1515 698 1548 erat
718 1508 771 1549 ibi
795 1510 989 1550 confecta.
1033 1508 1196 1550 Interim
1220 1511 1424 1550 nuntiatur
1445 1507 1657 1550 Laterensi

173 1577 310 1617 uiuere
333 1572 531 1616 Cassium.
577 1573 665 1629 Quo
699 1577 835 1617 nuntio
870 1578 1004 1618 dolore
1026 1579 1150 1632 magis
1173 1586 1371 1633 permotus
1395 1593 1506 1631 quam
1531 1578 1660 1618 animo
1691 1583 1733 1617 20

172 1644 423 1698 perturbatus
454 1645 579 1684 reficit
607 1658 649 1685 se
672 1645 857 1686 celeriter
879 1653 918 1686 et
939 1647 986 1687 ad
1011 1646 1194 1688 Cassium
1219 1647 1420 1688 uisendum
1445 1645 1659 1700 proficisci-

121 1713 146 1753 2
170 1720 246 1753 tur.
291 1712 352 1753 Re
383 1713 538 1767 cognita
568 1720 670 1753 XXX
700 1713 802 1767 legio
834 1715 944 1767 signa
980 1712 1203 1756 Cordubam
1234 1716 1357 1755 infert
1387 1715 1435 1754 ad
1467 1713 1657 1754 auxilium

172 1781 373 1821 ferendum
404 1781 634 1834 imperatori
664 1796 750 1821 suo.
796 1780 909 1821 Facit
940 1783 1011 1822 hoc
1032 1783 1132 1823 idem
1155 1790 1253 1823 XXI.
1301 1780 1566 1834 Subsequitur
1588 1781 1657 1821 has

121 1848 146 1888 3
167 1853 212 1889 V.
257 1845 357 1888 Cum
381 1849 478 1888 duae
501 1849 677 1903 legiones
699 1850 872 1902 reliquae
896 1858 1029 1890 essent
1051 1851 1089 1890 in
1115 1851 1272 1898 eastris,
1290 1850 1504 1891 secundani
1522 1849 1654 1898 ueriti,

169 1930 218 1956 ne
242 1916 313 1956 soli
337 1916 659 1970 relinquerentur
675 1948 685 1967 ,
711 1925 824 1972 atque
848 1932 899 1958 ex
922 1932 994 1969 ec,
1021 1920 1107 1972 quid
1131 1920 1369 1966 sensissent,
1395 1918 1654 1966 iudicaretur,
1689 1924 1732 1956 ‘25

169 1984 293 2024 secuti
327 1992 418 2024 sunt
442 1986 584 2025 factum
608 1986 869 2039 superiorum.
915 1986 1141 2027 Permansit
1163 1987 1201 2026 in
1225 1986 1418 2026 sententia
1441 1985 1544 2040 legio
1567 1999 1657 2025 uer-

92 2051 148 2096 55
168 2053 308 2092 nacula
332 2067 456 2106 neque
479 2053 555 2092 ullo
578 2054 719 2094 timore
742 2055 787 2093 de
810 2055 933 2108 gradu
952 2055 1102 2095 deiecta
1121 2062 1192 2095 est.
1217 2054 1382 2095 Cassius
1403 2068 1487 2103 eos,
1504 2053 1566 2106 qui
1587 2067 1657 2092 no-

167 2121 302 2161 minati
336 2128 449 2161 erant
479 2121 628 2162 conscii
662 2123 819 2172 caedis,
854 2123 962 2163 iubet
993 2123 1295 2177 compreliendi3
1331 2122 1524 2177 legionem
1557 2127 1587 2159 V
1617 2121 1655 2160 in

119 2189 145 2230 2
169 2196 299 2230 castra
323 2189 487 2229 remittit
509 2190 735 2230 cohortibus
758 2198 859 2230 XXX
880 2192 1061 2231 retentis.
1106 2190 1255 2231 lndicio
1278 2189 1428 2230 Minuci
1453 2189 1657 2243 cognoscit

169 2255 221 2297 L.
247 2256 442 2297 Racilium
477 2265 515 2297 et
545 2256 596 2298 L.
632 2256 892 2299 Laterensem
923 2267 962 2299 et
983 2259 1157 2299 Annium
1193 2257 1428 2312 Scapulam,
1462 2257 1658 2297 maximae
1691 2264 1732 2295 30

169 2325 370 2378 dignitatis
394 2332 431 2365 et
453 2326 603 2378 gratiae
627 2327 906 2379 prouincialem
932 2328 1126 2367 hominem
1150 2327 1299 2380 sibique
1323 2334 1398 2366 tam
1426 2325 1654 2364 familiarem

169 2407 280 2444 quam
304 2391 563 2434 Laterensem
598 2401 637 2434 et
658 2393 878 2445 Racilium,
911 2396 949 2435 in
983 2396 1116 2436 eadem
1150 2396 1269 2435 fuisse
1292 2393 1565 2434 coniuratione
1586 2406 1656 2432 nec

312 2508 330 2538 3
350 2507 497 2549 sauciat]
520 2509 677 2540 uulnerat
700 2510 730 2541 b.
941 2511 957 2541 5
978 2514 1157 2541 consuerat
1177 2520 1207 2545 α,
1228 2512 1457 2540 consueuerat
1478 2517 1510 2537 ιι.

167 2558 185 2589 ὃ
205 2558 331 2588 ceteris
352 2570 384 2598 a,
406 2559 567 2591 Caesaris
589 2561 620 2592 l).
786 2563 921 2593 caedam
943 2573 975 2593 (1.
1144 2562 1163 2593 S
1183 2560 1346 2592 Minutius
1367 2571 1385 2590 (l
1408 2571 1440 2590 ll.
1605 2570 1657 2590 rc-

168 2608 301 2649 fugiens
321 2620 340 2640 α
361 2611 391 2641 b.
541 2613 558 2643 9
579 2611 724 2643 Rutilius
744 2623 776 2644 (1.
934 2615 964 2646 ll
991 2614 1027 2645 L.
1051 2625 1118 2645 om.
1140 2624 1159 2644 α
1181 2614 1198 2644 b
1219 2624 1247 2644 (κ
1393 2613 1428 2644 12
1449 2612 1600 2643 adcurrit
1619 2623 1652 2643 a.

310 2663 542 2706 militibusque
563 2675 591 2705 r,
613 2674 630 2695 a
650 2664 883 2707 militibusque
903 2677 922 2696 a
942 2670 978 2696 et
993 2676 1061 2696 ser.
1083 2675 1126 2696 m.
1148 2665 1185 2705 Ι),-
1206 2664 1369 2696 militibus
1391 2675 1424 2694 u.
1570 2663 1652 2694 15111

167 2714 371 2745 uernaculae
392 2725 468 2756 ego,
489 2720 546 2746 aut
565 2716 771 2746 vernaculae
791 2715 891 2747 codd.
915 2716 950 2747 Ρ.
976 2716 1036 2748 197
1056 2719 1152 2747 (ΨΜ.
1305 2716 1456 2755 legiones
1476 2725 1509 2745 a.

168 2767 207 2799 17
227 2766 379 2799 Cassia.
523 2767 786 2808 lSconscriptas
808 2768 838 2798 b.
982 2765 1216 2808 (adtribuet-at
1235 2766 1270 2805 a)
1290 2767 1458 2798 attulerat
1479 2766 1509 2797 b.

168 2817 206 2849 19
228 2827 335 2859 nuper
352 2822 427 2848 erat
447 2817 489 2848 11ιὶ
510 2829 551 2857 [ις
573 2827 680 2859 nuper
698 2817 743 2848 ibi
766 2821 878 2848 oratu
899 2821 931 2848 et
953 2818 1134 2858 ‘.s·1'emss.‚
1157 2829 1223 2849 71on
1246 2818 1268 2849 i.
1291 2816 1335 2848 n.‘
1512 2816 1555 2850 22
1574 2827 1640 2847 xxx

165 2879 325 2912 suprasc.
347 2880 365 2899 a
384 2880 417 2900 a.
580 2870 621 2901 25
643 2869 855 2901 iudicaretur
876 2870 971 2901 ‘mss.
994 2871 1169 2902 nonnulli*
1190 2875 1225 2902 et
1240 2870 1429 2901 seeundum
1451 2870 1654 2913 Beyerlt'nm

168 2919 231 2961 (a),
253 2920 467 2953 indicaretur
487 2924 553 2952 uel
571 2931 591 2952 (ι
609 2921 799 2953 secundum
815 2921 1079 2953 ,atel1asnt1-iam.
1238 2923 1279 2954 27
1301 2932 1406 2963 neque
1426 2931 1502 2962 ego,
1526 2932 1584 2952 ner
1605 2921 1655 2960 (a)

169 2971 245 3003 edd.
269 2972 350 3003 l'e'd.
368 2983 406 3014 p.
428 2974 505 3008 629,
527 2974 558 3005 6.
701 2974 743 3006 29
763 2972 878 3005 Minici
898 2984 929 3014 (ι’.
953 2973 1086 3006 Minutii
1108 2986 1140 3006 u.
