1835 3240
63 177 147 219 374
595 179 670 222 DE
700 179 891 222 BELLO
923 178 1172 222 GALLICO

91 289 119 329 4
140 303 222 330 rem
245 290 414 332 deferat.
458 291 542 333 Has
564 293 628 334 ille
650 294 687 333 in
711 294 838 333 iaculo
859 292 1045 346 inligatas
1068 294 1182 335 effert
1203 293 1387 336 etGallus
1409 293 1618 336 interGal-

92 356 117 397 5
140 358 198 398 los
221 358 305 400 sine
328 360 405 400 ulla
428 361 651 414 suspicione
673 368 854 400 uersatus
876 360 922 399 ad
945 357 1159 401 Caesarem
1182 363 1376 414 peruenit.
1414 362 1477 402 Ab
1500 377 1546 404 eo
1569 364 1616 404 de

64 423 123 468 46
145 426 331 479 periculis
354 425 559 468 Ciceronis
581 427 826 480 legionisque
848 427 1114 481 cognoscitur.
1179 426 1331 468 Caesar
1360 431 1531 484 acceptis
1554 430 1616 471 lit-

139 494 235 534 teris
268 495 363 535 hora
394 495 553 535 circiter
582 502 630 534 XI
663 494 738 534 diei
770 495 903 535 statim
932 495 1110 535 nuntium
1140 495 1181 535 in
1212 493 1448 538 Bellouacos
1479 498 1527 538 ad
1554 496 1614 538 M.

140 558 331 602 Crassum
355 569 601 614 quaestorem
623 562 757 613 mittit,
781 563 890 603 cuius
914 563 1076 603 hiberna
1097 562 1262 603 aberant
1283 563 1329 603 ab
1351 578 1397 603 eo
1412 565 1515 605 milia
1529 579 1617 619 pas·
1649 573 1667 604 5

91 627 119 669 2
140 642 251 669 suum
273 635 393 679 XXV,
427 628 535 669 iubet
564 630 690 670 media
722 637 837 671 nocte
859 630 1053 685 legionem
1078 631 1271 684 proficisci
1294 632 1552 685 celeriterque
1573 633 1621 673 ad

93 694 118 735 3
141 710 185 736 se
206 697 359 736 uenire.
403 695 503 735 Exit
524 711 611 737 cum
633 698 768 738 nuntio
792 696 981 739 Crassus.
1023 699 1207 739 Alterum
1228 699 1276 738 ad
1298 697 1438 739 Gaium
1455 697 1621 739 Fabium

141 763 311 817 legatum
334 763 472 814 mittit,
497 772 540 804 ut
559 765 600 805 in
621 765 871 806 Atrebatium
894 767 991 807 fines
1013 767 1208 821 legionem
1231 767 1418 816 adducat,
1453 781 1526 820 qua
1548 767 1622 807 sibi

91 826 120 871 '4
140 830 218 871 iter
240 831 458 871 faciendum
480 832 644 873 sciebat.
701 832 849 875 Scribit
869 834 1048 876 Labieno
1063 866 1073 885 ‚
1105 836 1136 875 si
1159 834 1398 889 reipublicae
1421 835 1623 874 commodo

142 900 271 939 facere
293 906 452 952 posset,
485 914 571 940 cum
593 901 749 955 legione
771 903 817 943 ad
841 904 937 943 fines
959 902 1201 943 Neruiorum
1225 903 1373 942 ueniat.
1418 901 1626 955 Reliquam
1659 909 1699 942 10

140 974 290 1020 partem
314 967 532 1018 exercitus,
557 970 657 1022 quod
682 970 794 1023 paulo
817 971 952 1011 aberat
974 971 1146 1025 longiuS,
1174 984 1252 1010 nou
1275 976 1385 1023 putat
1407 977 1623 1023 expectan-

143 1034 255 1084 dam3
281 1034 433 1087 equites
455 1036 615 1077 circiter
636 1038 943 1092 quadringentos
971 1053 1024 1079 ex
1044 1038 1234 1092 proximis
1258 1038 1432 1077 hibernis
1456 1038 1618 1092 colligit.

66 1101 123 1145 47
144 1100 255 1142 Hora
286 1102 445 1143 circiter
474 1105 590 1144 tertia
624 1105 670 1145 ab
707 1107 1030 1147 antecursoribus
1055 1107 1100 1147 de
1123 1103 1260 1146 Crassi
1285 1106 1455 1145 aduentu
1478 1105 1626 1146 certior

94 1169 121 1208 2
143 1170 270 1209 factus
293 1184 339 1210 eo
363 1171 424 1211 die
446 1172 551 1211 milia
573 1186 757 1225 passuum
780 1181 847 1214 XX
868 1174 1058 1228 procedit.
1103 1172 1293 1214 Crassum
1317 1172 1624 1214 Sttmarobriuae

142 1238 320 1291 praeficit
349 1238 620 1292 legionemque
649 1241 852 1291 attribuit,
886 1242 987 1295 quod
1015 1241 1067 1282 ibi
1098 1241 1375 1295 impedimenta
1406 1241 1623 1289 exercitus,
1660 1247 1700 1279 15

142 1304 298 1345 obsides
323 1306 542 1356 ciuitatum,
570 1307 725 1348 litteras
748 1309 923 1362 publicas
947 1310 1259 1362 frumentumque
1281 1321 1396 1348 omne
1411 1338 1421 1357 ,
1456 1307 1558 1361 quod
1580 1320 1626 1347 eo

95 1370 120 1411 3
143 1372 370 1413 tolerandae
394 1373 530 1414 hiemis
554 1389 674 1415 causa
697 1376 928 1426 deuexerat,
954 1376 1212 1429 relinquebat.
1252 1374 1416 1425 Fabius,
1441 1382 1485 1416 ut
1505 1375 1627 1429 impe-

142 1446 271 1480 ratum
295 1448 395 1491 erat,
421 1456 499 1482 non
520 1442 574 1482 ita
597 1444 758 1483 multum
781 1451 958 1484 moratus
980 1444 1020 1484 in
1042 1445 1184 1484 itinere
1207 1459 1290 1484 cum
1314 1444 1470 1498 legione
1487 1456 1627 1483 occur-

94 1507 121 1548 4
141 1507 208 1547 rit.
264 1506 469 1550 Labienus
500 1510 662 1551 interitu
686 1509 824 1552 Sabini
854 1519 894 1552 et
925 1513 1044 1553 caede
1079 1513 1294 1552 cohortium
1318 1512 1499 1566 cognita,
1539 1525 1626 1551 cum

141 1590 278 1617 omnes
300 1577 347 1617 ad
369 1591 455 1618 eum
477 1577 743 1619 Treuerorum
767 1580 903 1634 copiae
925 1581 1146 1630 uenissent,
1171 1581 1321 1621 ueritus
1337 1611 1347 1630 ,
1372 1580 1405 1620 si
1428 1593 1481 1619 ex
1501 1579 1629 1619 hiber·
1659 1585 1703 1620 20

141 1644 203 1685 nis
226 1645 341 1699 fugae
363 1646 528 1687 similem
551 1648 833 1700 profectionem
855 1648 1041 1699 fecisset,
1076 1655 1119 1688 ut
1151 1648 1318 1688 hostium
1353 1648 1537 1700 impetum
1560 1660 1629 1686 su-

144 1712 293 1753 stinere
316 1721 463 1766 posset,
489 1716 720 1767 praesertim
744 1730 839 1768 quos
863 1716 1014 1756 recenti
1036 1717 1203 1756 uictoria
1226 1715 1359 1756 efferri
1381 1715 1527 1764 sciret,
1563 1714 1627 1754 lit-

97 1778 121 1820 5
145 1786 249 1820 teras
273 1777 439 1821 Caesari
460 1783 651 1830 remittit,
688 1790 832 1835 quanto
857 1798 941 1823 cum
963 1784 1137 1837 periculo
1159 1784 1353 1838 legionem
1377 1797 1429 1823 ex
1451 1782 1626 1822 hibernis

146 1848 361 1889 educturus
385 1857 506 1900 esset,
530 1863 611 1889 rem
625 1858 776 1904 gestam
798 1850 1103 1892 inEburonibus
1117 1851 1340 1905 perscribit,
1366 1851 1625 1890 docetomnes

287 1996 302 2028 1
324 1996 479 2038 perferat
498 1998 529 2030 b.
669 2000 702 2032 in
723 2011 790 2033 om.
812 2012 833 2033 α
847 2002 863 2032 b
877 2001 968 2034 ede.
1110 2001 1272 2042 inligatas
1291 2012 1325 2034 a.
1480 2000 1579 2032 effert
1596 2000 1628 2031 A

143 2046 328 2089 ‘plerique'
348 2051 383 2078 et
399 2059 468 2080 see.
489 2059 536 2081 m.
559 2050 587 2082 C
605 2050 683 2093 (pr.
704 2051 839 2093 infert),
859 2052 958 2084 affert
976 2063 996 2083 a
1014 2050 1064 2094 (z's
1083 2052 1171 2093 ads.)
1193 2053 1209 2083 b
1224 2052 1288 2084 de.
1427 2052 1446 2084 3
1466 2051 1627 2093 periculis

140 2098 172 2131 A
185 2098 212 2130 C
225 2097 257 2129 D
278 2097 427 2139 ‘altique
443 2099 578 2140 plures’
599 2101 650 2144 (a)
668 2113 685 2134 e
702 2106 738 2134 et
754 2113 776 2133 u
788 2127 798 2143 ,
819 2104 1045 2145 cumfuisset
1061 2102 1225 2144 periculo.
1367 2102 1543 2143 cognoscit
1563 2102 1580 2132 b
1593 2112 1623 2132 e.

284 2148 303 2180 4
323 2149 527 2190 Bellouagos
546 2161 580 2182 α.
723 2155 740 2185 5
759 2153 852 2185 misit
873 2153 914 2185 C.
1055 2154 1208 2196 hyberna
1226 2163 1260 2184 a.
1425 2153 1443 2186 7
1463 2152 1534 2183 exit
1552 2161 1626 2183 cum

139 2200 174 2233 A
188 2199 256 2231 CD
270 2210 286 2230 e
307 2200 339 2232 ι7
358 2200 443 2231 αΙι’ί’
463 2204 495 2232 et
513 2213 581 2234 see.
602 2214 648 2235 m.
671 2214 711 2245 a,
733 2206 866 2236 excitus
884 2216 904 2236 α
922 2208 959 2236 et
971 2215 1036 2246 pro
1055 2215 1135 2237 aar.
1156 2205 1236 2237 lect.
1257 2215 1285 2236 c.
1444 2203 1563 2236 Gaium
1581 2214 1622 2245 a,

144 2252 181 2283 C.
204 2262 236 2283 ιι.
377 2253 397 2285 8
417 2254 564 2287 abducat
582 2256 627 2288 D.
793 2258 812 2291 9
833 2257 1028 2289 faciundum
1048 2268 1093 2289 eoe
1115 2268 1184 2289 vno
1204 2258 1273 2289 det.
1296 2267 1331 2288 u.
1494 2256 1626 2288 sciebat

141 2313 162 2333 α
176 2303 194 2333 b
208 2301 306 2342 ede,
328 2313 395 2334 om.
417 2304 562 2346 reliqui.
739 2307 779 2340 10
798 2308 906 2350 possit
927 2309 944 2339 b
964 2311 1015 2347 et,
1037 2310 1102 2350 qui
1116 2312 1200 2340 ante
1219 2308 1334 2340 facere
1348 2309 1474 2349 ponit,
1496 2317 1531 2338 a.
1553 2307 1626 2339 Ad-

142 2352 246 2385 dencl.
269 2353 364 2394 adp.
386 2354 442 2386 85.
691 2357 726 2390 11
751 2359 1015 2402 expectandam]
1036 2360 1262 2391 exercendam
1281 2360 1298 2391 b
1312 2371 1328 2390 ο
1341 2359 1391 2390 (Ie
1410 2362 1446 2390 et
1460 2368 1624 2399 sztprasc.

141 2406 387 2447 expectandam
407 2417 439 2438 a·
657 2409 698 2441 12
718 2409 774 2452 ex]
794 2415 848 2442 set
865 2411 909 2443 A.
1120 2411 1252 2452 colligit
1272 2411 1343 2442 ‘uel
1359 2409 1499 2450 collegit
1516 2411 1630 2440 celeri

142 2456 286 2496 omncs',
308 2458 398 2498 cogit
417 2458 521 2490 bede
538 2463 574 2491 et
589 2459 625 2491 lli
645 2462 742 2492 inter
759 2472 777 2492 0
796 2465 831 2494 et
847 2472 867 2503 g
884 2472 1044 2505 snprasc.
1066 2472 1100 2493 α.
1305 2461 1345 2493 ’13
1358 2460 1523 2502 aduentu]
1544 2460 1628 2492 Cae-

142 2519 201 2541 sar
216 2508 300 2541 add.
322 2510 340 2540 b
359 2513 394 2541 et
409 2521 488 2552 sup.
509 2521 603 2543 vers.
624 2523 658 2544 a.
821 2513 948 2545 certior
966 2518 1017 2544 est
1036 2512 1149 2544 sactus
1170 2513 1187 2544 b
1202 2512 1266 2544 cle.
1446 2512 1485 2545 14
1506 2512 1628 2552 uiginti

141 2561 207 2601 (a).
386 2562 542 2603 procedit
563 2563 712 2604 ‘reliqui
728 2562 870 2603 omnes',
892 2564 1111 2606 progreditur
1128 2573 1149 2594 a
1166 2562 1283 2594 bede.
1471 2563 1509 2596 15
1530 2564 1629 2595 attri-

141 2612 215 2645 buit
234 2613 535 2656 ‘tnss.pl01·1'que',
557 2615 588 2647 ei
607 2616 767 2647 attribuit
784 2615 837 2658 (a)
851 2626 867 2646 e
881 2626 915 2647 ‘zl-
1105 2614 1143 2646 16
1163 2615 1340 2645 ciuitatum
1361 2625 1428 2647 om.
1451 2616 1480 2647 b.

143 2675 238 2697 omne
257 2676 324 2698 om.
347 2666 378 2697 b.
523 2667 614 2699 1811]
634 2678 702 2699 om.
721 2668 767 2699 D.
922 2667 964 2700 20
985 2665 1205 2698 Treuirorum
1225 2667 1290 2708 (a).
1449 2667 1630 2699 conuenis-

142 2723 269 2750 senta.
484 2720 630 2760 ueritus,
651 2720 679 2751 si
699 2730 740 2751 ex
759 2730 830 2758 ae,-
849 2719 996 2759 ueritus,
1017 2729 1057 2750 ne
1077 2729 1118 2749 ex
1137 2719 1169 2750 A
1185 2718 1278 2759 CI),-
1297 2719 1443 2759 ueritus,
1464 2730 1517 2760 nc,
1539 2720 1568 2752 si
1587 2730 1628 2751 ex

144 2769 232 2801 Oud.
255 2770 347 2801 coni.
367 2779 403 2801 u.
425 2768 506 2802 Vid.
527 2772 651 2812 script.
668 2770 777 2802 discr.
799 2769 859 2810 VJ,
881 2770 936 2810 39,
957 2770 989 2801 3.
1116 2770 1155 2805 21
1178 2775 1215 2801 ut
1233 2780 1301 2802 om.
1321 2769 1374 2812 (a)
1389 2771 1435 2802 be
1449 2780 1483 2801 u.

143 2822 315 2854 sustinere
333 2826 450 2864 posset
466 2822 680 2862 Lambinus,
702 2822 875 2854 sustinere
895 2833 958 2854 non
978 2826 1095 2864 posset
1112 2821 1213 2853 codd.
1235 2825 1316 2854 ctu.
1458 2822 1500 2857 23
1513 2820 1628 2853 remit-

145 2873 182 2904 tit
202 2884 221 2905 α
237 2883 302 2913 ee,
323 2872 429 2905 mittit
448 2873 464 2905 b
484 2876 521 2904 et
536 2883 581 2904 m.
599 2882 659 2915 pr.
681 2873 728 2913 Γ,-
749 2872 891 2905 dimittit
910 2873 1006 2905 ‘msa
1022 2871 1206 2915 plerique'.
