1835 3240
755 182 865 188 -—
928 157 1006 198 154
1066 181 1177 188 -
1199 163 1261 195 ..2-

222 272 399 325 legiones
420 272 461 312 in
487 270 680 326 illyricum
704 271 836 320 duxit,
862 278 901 310 et
922 271 1154 322 insequente
1178 271 1304 310 hieme
1327 268 1518 310 Gabinius
1541 284 1626 310 cum
1649 272 1703 311 le-

221 340 403 394 gionibus
426 340 597 380 tironum
612 370 622 389 ‚
660 354 758 393 quae
781 352 903 392 nuper
925 345 1039 378 erant
1061 339 1329 392 conscriptae,
1366 339 1499 378 eodem
1524 339 1705 391 peruenit

221 408 345 461 (Hirt.
371 408 411 448 b.
437 408 559 448 Alex.
584 406 639 447 42
661 415 699 448 et
722 405 774 447 43
797 407 889 459 in.).
917 404 1065 446 Verum
1089 405 1161 445 hae
1182 405 1359 458 legiones
1383 404 1540 446 Gabinii
1563 406 1608 445 ad
1635 420 1703 446 no-

221 483 341 517 stram
364 476 558 516 rationem
582 489 659 514 non
681 474 897 529 pertinent:
930 487 1015 513 cum
1040 474 1140 513 enim
1163 473 1335 512 tironum
1358 473 1538 514 dicantur
1560 488 1704 528 nuper-

219 558 293 597 que
316 544 582 598 conscriptae,
614 549 789 597 apertum
813 548 874 582 est
895 555 961 581 eas
984 541 1198 593 superioris
1221 540 1312 580 anni
1336 541 1448 580 exitu
1463 572 1472 590 ‚
1504 556 1578 594 quo
1602 540 1703 582 Cae-

219 626 286 653 sar
308 611 559 652 Brundisium
585 611 707 660 uenit,
734 610 903 649 nondum
927 609 1164 648 constitutas
1188 608 1325 648 fuisse.
1361 606 1498 661 Itaque
1520 617 1704 662 quattuor

218 679 384 720 Antonii
425 679 646 734 legionibus
685 685 724 718 et
755 678 902 718 duabus
935 674 1138 717 Cornificii
1171 691 1192 716 a
1224 676 1427 717 duodecim
1464 676 1701 729 legionibus,

219 762 319 801 quae
330 746 582 787 Brundisium
604 753 812 794 uenerant,
839 745 1012 786 deductis
1026 746 1150 799 ipsum
1165 742 1379 785 Caesarem
1394 758 1480 784 cum
1495 758 1571 784 sex
1582 744 1704 797 legio-

221 816 334 856 nibus
359 816 575 868 profectum
589 828 678 854 esse
693 813 906 867 colligitur.
940 812 1047 853 Idem
1063 827 1247 853 numerus
1261 814 1337 853 alia
1348 813 1502 853 ratione
1515 811 1701 851 efficitur.

220 880 373 924 Caesar
404 882 532 930 enim,
564 888 815 936 posteaquam
845 881 1042 921 Antonius
1076 896 1161 920 cum
1194 888 1377 934 quattuor
1408 879 1627 935 legionibus
1657 880 1705 919 ad

220 964 306 990 eum
329 950 525 1004 peruenit,
552 950 716 990 deducta
734 947 855 990 Orico
876 949 1047 1003 legione,
1072 963 1186 1001 quam
1208 949 1260 989 ibi
1283 949 1498 989 adueniens
1522 948 1705 1001 praesidii

220 1032 334 1058 causa
360 1025 561 1071 posuerat,
588 1018 787 1070 tribusque
809 1018 1037 1057 cohortibus
1060 1018 1211 1057 relictis
1242 1020 1306 1067 (c.
1331 1014 1413 1069 39)
1442 1015 1492 1055 L.
1519 1013 1702 1056 Cassium

218 1085 443 1140 Longinum
467 1101 553 1127 cum
577 1099 653 1125 una
674 1085 828 1138 legione
849 1086 889 1126 in
910 1084 1173 1135 Thessaliam,
1199 1082 1248 1125 C.
1275 1082 1491 1126 Caluisium
1514 1082 1704 1124 Sabinum

220 1169 308 1194 cum
338 1154 564 1195 cohortibus
595 1154 765 1207 quinque
795 1154 836 1193 in
866 1153 1086 1203 Aetoliam,
1129 1151 1206 1193 Cn.
1246 1152 1460 1193 Domitium
1494 1149 1703 1192 Caluinum

219 1237 306 1263 cum
330 1222 478 1263 duabus
507 1222 726 1277 legionibus
747 1222 788 1262 in
810 1220 1085 1262 Macedoniam
1108 1221 1214 1261 misit
1234 1223 1286 1271 (c.
1315 1221 1404 1272 34).
1469 1218 1704 1273 Quindecim

217 1298 349 1332 autem
373 1288 504 1331 Cassii
529 1298 567 1331 et
589 1288 756 1330 Caluisii
780 1290 962 1330 cohortes
985 1296 1121 1342 postea
1141 1287 1253 1329 Fufio
1276 1286 1427 1329 Caleno
1452 1289 1492 1328 in
1513 1286 1704 1327 Achaiam

219 1360 416 1399 ducendas
447 1359 565 1399 dedit.
619 1356 679 1398 De
711 1372 783 1411 qua
813 1371 856 1397 re
880 1371 914 1396 c.
941 1355 992 1395 55
1016 1356 1069 1395 in.
1095 1357 1149 1395 ita
1172 1357 1359 1409 scriptum
1383 1363 1465 1396 est:
1513 1355 1702 1401 ‘Aetolia‚

215 1427 462 1477 Acarnania,
485 1426 757 1481 Amphilochis
780 1440 849 1479 per
871 1423 1054 1466 Cassium
1078 1422 1300 1476 Longinum
1332 1431 1370 1463 et
1393 1421 1608 1463 Caluisium
1632 1420 1705 1462 Sa—

216 1495 365 1545 binum,
390 1503 433 1535 ut
455 1495 812 1536 demonstrauimus
827 1524 837 1543 ,
869 1493 1040 1546 receptis
1065 1492 1326 1545 temptandam
1348 1491 1423 1532 sibi
1444 1491 1636 1531 Achaiam
1659 1504 1704 1530 ac

217 1563 331 1617 paulo
355 1564 509 1617 longius
533 1562 859 1617 progrediendum
883 1559 1136 1601 existimabat
1158 1557 1327 1599 Caesar.
1362 1558 1495 1611 Itaque
1518 1573 1563 1599 eo
1588 1556 1704 1598 Cale-

215 1647 307 1672 num
340 1632 447 1671 misit
478 1632 591 1684 eique
614 1628 803 1670 Sabinum
836 1636 876 1669 et
904 1626 1087 1669 Cassium
1119 1642 1206 1667 cum
1236 1626 1465 1667 cohortibus
1488 1625 1698 1679 adiungit'.

213 1698 320 1740 Nam
346 1699 487 1752 ‘eique’
509 1706 620 1739 recte
642 1696 906 1750 Glandorpius
928 1695 1176 1735 scribendum
1200 1694 1384 1744 coniecit,
1411 1708 1497 1733 cum
1520 1694 1705 1734 ederetur

218 1774 274 1807 ‘et
296 1764 348 1819 Q.
375 1765 601 1807 Sabinum':
636 1765 669 1805 is
693 1765 793 1805 enim
818 1762 940 1804 Gaius
964 1760 1133 1803 Sabinus
1157 1762 1374 1802 dicebatur.
1438 1759 1551 1814 Quae
1583 1760 1703 1799 uerba

214 1849 266 1876 ne
288 1835 374 1887 quis
395 1835 450 1874 ita
472 1834 774 1888 interpretetur,
811 1833 937 1884 ipsum
961 1827 1152 1869 Calenum
1177 1837 1381 1882 praeterea
1403 1843 1534 1869 secum
1559 1828 1704 1881 aliquid

216 1903 435 1944 cohortium
459 1901 672 1942 adduxisse
694 1899 840 1949 uideri,
865 1912 917 1938 ex
937 1896 1042 1938 Plut.
1069 1894 1189 1937 Caes.
1214 1896 1268 1937 43
1291 1904 1448 1937 constat
1469 1910 1547 1936 non
1569 1896 1702 1949 plures

215 1985 328 2024 quam
351 1970 570 2023 quindecim
594 1969 777 2009 cohortes
800 1981 886 2007 cum
909 1980 954 2007 eo
977 1966 1016 2005 in
1040 1965 1189 2006 Achaia
1212 1965 1350 2006 fuisse.
1413 1964 1601 2017 Quintum
1634 1979 1702 2005 au-

215 2046 293 2080 tem
315 2038 475 2079 Tillium
498 2044 538 2078 et
557 2036 724 2077 Lucium
747 2032 982 2076 Canuleium
999 2065 1009 2084 ,
1045 2048 1142 2086 quos
1164 2031 1317 2074 Caesar
1338 2047 1373 2072 e.
1398 2032 1469 2079 42,
1494 2033 1518 2073 3
1542 2036 1597 2074 rei
1620 2035 1702 2073 fru-

214 2107 433 2147 mentariae
455 2120 573 2147 causa
594 2103 810 2158 qupirum
832 2103 972 2143 missos
996 2102 1145 2149 scribit,
1173 2102 1300 2141 nullas
1323 2100 1456 2154 copias
1478 2114 1610 2140 secum
1635 2101 1703 2141 ha-

215 2174 348 2216 buisse
370 2175 452 2228 ipsa
475 2188 540 2215 res
561 2172 706 2214 indicio
730 2179 814 2221 est,
847 2185 930 2211 cum
960 2184 1005 2210 ea
1029 2169 1136 2224 regio
1160 2169 1291 2209 statim
1314 2175 1402 2221 post
1424 2164 1612 2208 Caesaris
1634 2170 1702 2208 ad-

215 2250 374 2284 uentum
396 2243 437 2282 in
455 2243 538 2282 eius
561 2247 794 2296 potestatem
817 2239 994 2280 uenisset
1016 2239 1070 2292 (c.
1098 2236 1151 2276 12
1173 2239 1318 2288 extu).
1353 2233 1429 2275 Sed
1454 2249 1540 2274 cum
1563 2234 1701 2274 deinde

215 2326 237 2352 a
259 2310 514 2367 Dyrrhachio
536 2311 574 2350 in
600 2308 851 2350 Thessaliam
874 2306 1094 2347 discederet
1117 2302 1283 2353 Caesar,
1308 2303 1544 2357 Apolloniae
1562 2301 1619 2343 lv
1637 2316 1701 2343 co-

215 2380 365 2429 bortes,
390 2377 499 2419 Lissi
523 2393 653 2428 unam,
680 2375 790 2418 Orici
813 2373 885 2425 III,
912 2387 1007 2427 quas
1029 2372 1081 2413 ibi
1104 2371 1224 2411 fuisse
1246 2385 1364 2424 supra
1383 2371 1480 2420 dixi,
1506 2370 1700 2423 praesidio

213 2446 371 2500 reliquit
392 2448 446 2499 (c.
473 2446 561 2495 58),
588 2447 682 2485 duas
706 2451 835 2485 autem
858 2441 1036 2497 legiones
1054 2471 1063 2489 ,
1089 2454 1184 2493 quas
1207 2453 1292 2479 cum
1314 2437 1489 2478 Domitio
1512 2439 1551 2478 in
1573 2437 1701 2479 Thes-

215 2515 355 2556 saliam
376 2515 553 2564 miserat,
578 2526 717 2553 rursus
740 2512 813 2552 sibi
837 2509 1046 2550 coniunxit
1067 2510 1121 2558 (c.
1146 2505 1234 2558 80).
1266 2505 1346 2546 lam
1371 2507 1417 2545 de
1440 2506 1576 2558 copiis,
1602 2519 1700 2558 quae

217 2584 318 2638 apud
338 2581 569 2623 Pharsalum
605 2595 691 2621 cum
715 2578 892 2621 Caesare
927 2579 1103 2625 suerunt,
1129 2589 1165 2615 c.
1190 2574 1268 2623 89,
1307 2574 1333 2614 2
1362 2574 1459 2614 haec
1487 2573 1695 2626 legunturz

215 2649 433 2692 ‘Cohortes
462 2650 503 2689 in
533 2649 618 2689 acie
650 2645 820 2688 LXXX
852 2645 1084 2686 constitutas
1107 2642 1294 2691 habebat,
1321 2656 1419 2695 quae
1442 2654 1593 2683 summa
1615 2646 1701 2681 erat

214 2719 360 2760 milium
383 2715 535 2767 XXII,
567 2717 748 2757 cohortes
771 2714 810 2756 ΙΙ
833 2714 976 2755 castris
999 2711 1194 2766 praesidio
1217 2711 1471 2763 reliquerat’.
1514 2709 1570 2749 At
1591 2708 1698 2748 illum

213 2800 417 2828 numerum
440 2785 640 2840 octoginta
662 2784 897 2832 cohortium,
923 2781 1015 2821 licet
1037 2779 1202 2821 eundem
1215 2776 1513 2833 ponatOrosius
1526 2775 1601 2826 Vl,
1628 2774 1695 2824 15,

214 2869 237 2896 a
257 2852 435 2896 Caesare
456 2853 623 2909 positum
655 2866 733 2893 non
755 2865 845 2893 esse
868 2849 982 2890 facile
1002 2848 1197 2890 euincam.
1260 2843 1476 2887 Caesarem
1510 2844 1614 2885 enim
1645 2855 1697 2883 ex
