1835 3240
58 919 99 953 10

60 1258 98 1289 15

57 2272 98 2304 30

564 186 747 230 COMM.
771 185 831 229 111
854 183 978 228 CAP.
1001 184 1204 228 43—45.
1611 184 1693 227 587

133 318 220 347 esse
241 300 474 342 faciendum.
500 299 826 354 Relinquebatur,
851 307 1122 341 utextremam
1135 297 1329 339 rationem
1344 296 1431 337 belli
1446 311 1614 351 sequens
1637 301 1664 340 2

133 386 244 425 quam
267 369 455 423 plurimos
479 369 599 409 colles
628 376 839 422 occuparet
867 375 907 408 et
928 382 1042 421 quam
1065 366 1276 407 latissimas
1298 365 1481 418 regiones
1505 380 1616 418 prae-

134 439 244 479 sidiis
267 433 700 490 teneretCaesarisque
722 436 872 490 copies,
897 450 1008 488 quam
1023 434 1194 474 maxime
1207 438 1355 487 posset,
1382 432 1611 483 distineret3

132 507 246 560 idque
269 504 427 545 accidit.
472 501 661 545 Castellis
684 505 787 545 enim
808 510 939 544 >ocull
962 502 1113 543 effectis
1134 507 1198 542 XV
1210 500 1315 541 milia
1337 513 1518 554 passuum
1542 501 1616 540 cir-
1638 501 1663 540 3

136 574 243 615 cuitu
264 572 468 626 amplexus
491 572 563 612 boc
585 571 710 625 spatio
734 571 1012 624 pabulabatur3
1052 571 1248 622 multaque
1270 575 1384 609 erant
1404 568 1506 608 intra
1530 581 1617 608 eum

131 643 256 683 locum
281 655 397 681 manu
418 647 521 689 sata,
547 639 686 692 quibus
707 639 865 679 interim
889 639 1061 679 iumenta
1082 644 1277 691 pasceret.
1328 637 1459 689 Atque
1482 642 1524 676 ut
1548 649 1617 675 no-
1638 635 1666 675 4

134 710 206 750 stri
230 716 437 763 perpetuas
460 707 697 747 munitiones
712 707 939 760 -1-uidebant
962 706 1170 759 perductas
1194 719 1247 745 ex
1269 704 1442 745 castellis
1464 703 1503 744 in
1528 717 1618 757 pro-

132 777 240 818 xima
263 776 424 817 castella
443 807 453 825 ‚
478 788 528 815 ne
550 789 624 828 quo
647 775 733 815 loco
757 781 1007 828 erumperent
1029 771 1259 826 Pompeiani
1284 786 1329 812 ac
1352 779 1510 812 nostros
1532 778 1621 825 post

132 852 284 897 tergum
307 843 559 884 adorirentur
581 842 810 897 [timebant]
826 873 836 892 ‚
870 843 925 882 ita
955 841 1011 882 illi
1043 840 1234 881 interiore
1257 839 1383 893 spatio
1407 846 1616 893 perpetuas

133 912 373 952 munitiones
396 911 630 961 efficiebant,
655 925 705 951 ne
727 925 841 963 quem
864 911 993 950 locum
1015 908 1142 949 nostri
1163 908 1315 948 intrare
1337 914 1453 960 atque
1476 909 1617 960 ipsosa

134 987 243 1032 tergo
266 979 551 1019 circumuenire
573 985 749 1031 possent.
802 977 881 1018 Sed
903 977 959 1017 illi
982 976 1164 1030 operibus
1186 976 1400 1016 uincebant
1415 1006 1425 1024 ‚
1458 975 1556 1027 quod
1579 981 1620 1015 et
1640 973 1665 1014 5

130 1060 294 1088 numero
315 1046 480 1086 militum
502 1045 756 1099 praestabant
777 1051 817 1085 et
836 1045 1027 1085 interiore
1050 1043 1176 1098 spatio
1199 1043 1389 1083 minorem
1413 1042 1618 1083 circuitum

131 1114 342 1154 habebant.
387 1111 500 1165 Quae
532 1127 617 1154 cum
651 1119 765 1153 erant
785 1113 871 1153 loca
894 1110 1060 1153 Caesari
1083 1110 1288 1165 capienda,
1313 1111 1388 1150 etsi
1411 1110 1619 1164 prohibere
1640 1109 1667 1150 6

131 1180 343 1235 Pompeius
366 1181 458 1221 totis
481 1182 603 1234 copiis
625 1188 662 1221 et
686 1181 873 1222 dimicare
896 1195 974 1221 non
996 1180 1280 1229 constituerat,
1305 1186 1436 1219 tamen
1459 1177 1541 1218 suis
1563 1178 1621 1217 lo-

133 1250 189 1290 eis
212 1249 439 1303 sagittarios
474 1249 768 1302 funditoresque
800 1249 1004 1299 mittebat,
1040 1262 1203 1302 quorum
1237 1260 1418 1300 magnum
1451 1245 1621 1286 babebat

134 1331 355 1367 numerum,
380 1316 568 1370 multique
591 1331 643 1357 ex
665 1317 811 1357 nostris
834 1316 1160 1365 uolnerabantur,
1186 1327 1427 1368 magnusque
1444 1314 1620 1354 incesse·
1640 1312 1667 1352 7

133 1392 196 1424 rat
218 1385 335 1424 timor
355 1385 588 1438 sagittarum
605 1415 615 1435 ,
650 1392 767 1437 atque
789 1399 924 1425 omnes
947 1385 1030 1424 fere
1052 1384 1197 1424 milites
1220 1390 1287 1422 aut
1308 1397 1361 1423 ex
1383 1382 1532 1422 coactis
1554 1387 1622 1420 aut

135 1466 186 1492 ex
209 1453 439 1497 centonibus
462 1463 530 1493 aut
553 1467 605 1493 ex
628 1453 746 1493 coriis
770 1454 920 1493 tunicas
943 1459 1010 1493 aut
1031 1452 1245 1506 tegimenta
1263 1452 1454 1499 fecerant,
1480 1448 1619 1502 quibus

136 1520 211 1560 tela
235 1520 423 1561 uitarent.
466 1519 512 1561 In
544 1521 781 1574 occupandis
812 1520 1020 1574 praesidiis
1053 1533 1192 1574 magna
1216 1518 1254 1558 ui
1278 1525 1443 1570 uterque
1468 1517 1617 1557 niteba-
1638 1515 1698 1560 45

134 1594 218 1627 tur:
246 1585 422 1639 Caesar,
461 1596 505 1629 ut
526 1602 640 1641 quam
663 1588 941 1641 angustissime
966 1586 1196 1641 Pompeium
1222 1586 1469 1635 contineret3
1503 1582 1622 1624 Pom-

134 1656 271 1709 peius,
307 1663 347 1695 ut
377 1670 488 1709 quam
521 1656 706 1710 plurimos
730 1656 848 1696 colles
872 1670 985 1709 quam
1008 1656 1180 1696 maximo
1204 1654 1369 1695 circuitu
1391 1659 1618 1706 occuparet,

132 1723 349 1776 crebraque
372 1724 419 1763 ob
443 1738 526 1765 eam
551 1738 710 1764 causam
734 1724 882 1777 proelia
906 1724 1064 1764 fiebant.
1108 1722 1155 1763 In
1186 1722 1245 1762 his
1279 1736 1365 1762 enm
1388 1720 1491 1774 legio
1517 1719 1620 1761 Cae·
1641 1719 1669 1759 2

132 1791 231 1831 saris
256 1805 358 1832 nona
381 1792 617 1846 praesidium
641 1792 831 1845 quoddam
865 1791 1140 1845 occupauisset
1170 1797 1209 1830 et
1231 1790 1383 1829 munire
1406 1788 1619 1841 coepisset,

134 1859 221 1899 huic
252 1860 339 1899 loco
369 1860 627 1913 propinquum
660 1867 700 1899 ct
730 1859 969 1900 contrarium
1002 1859 1140 1900 collem
1169 1856 1377 1911 Pompeius
1414 1855 1621 1910 occupauit

134 1934 368 1980 nostrosque
391 1941 508 1980 opere
532 1927 740 1981 prohibere
764 1928 894 1981 coepit
915 1935 968 1977 et,
993 1941 1079 1967 eum
1101 1940 1178 1967 una
1204 1941 1256 1967 ex
1279 1932 1390 1978 parte
1414 1938 1532 1978 prope
1555 1936 1620 1964 ae·
1641 1922 1667 1962 3

133 2009 246 2047 quum
271 1995 415 2035 aditum
439 1995 627 2042 haberet,
667 1995 831 2049 primum
854 1995 1071 2050 sagittariis
1094 1993 1432 2045 funditoribusque
1455 1992 1622 2032 circum-

131 2062 261 2113 iectis,
287 2070 425 2118 postea
447 2063 544 2102 leuis
568 2070 792 2103 armaturae
815 2077 954 2116 magna
978 2063 1227 2102 multitudine
1249 2062 1371 2101 missa
1394 2059 1621 2099 tormentis-

132 2144 206 2182 que
229 2131 392 2184 prolatis
415 2131 653 2172 munitiones
676 2129 935 2184 impediebat3
970 2145 1098 2184 neque
1130 2137 1216 2170 erat
1238 2129 1351 2169 facile
1374 2126 1521 2168 nostris
1545 2140 1621 2165 uno

132 2205 308 2252 tempore
339 2213 586 2253 propugnare
619 2206 658 2238 et
688 2199 857 2239 munire.
904 2196 1081 2248 Caesar,
1114 2212 1200 2238 cum
1231 2210 1324 2237 suos
1358 2209 1410 2236 ex
1442 2194 1620 2234 omnibus
1641 2192 1669 2233 4

130 2266 303 2319 partibus
338 2267 538 2307 uulnerari
571 2267 747 2315 uideret,
789 2266 967 2319 recipere
997 2280 1040 2306 se
1070 2265 1188 2306 iussit
1218 2272 1257 2305 et
1285 2265 1371 2304 loco
1403 2262 1615 2302 excedere.

132 2332 231 2374 Erat
252 2349 322 2388 per
344 2334 493 2375 decline
515 2342 715 2389 receptus.
759 2333 818 2373 Illi
857 2341 986 2374 autem
1018 2334 1090 2374 hoe
1113 2333 1246 2374 acrius
1268 2331 1471 2372 instabant
1492 2343 1620 2384 neque
1641 2326 1667 2370 5

275 2500 293 2531 4
314 2500 414 2542 idque
434 2501 576 2542 reliqui,
601 2500 630 2531 id
651 2500 736 2543 quod
756 2499 808 2542 (a)
822 2502 837 2531 ἵ)
854 2504 889 2532 et
908 2510 984 2531 cum
1005 2499 1122 2532 2dett.
1140 2511 1172 2531 ιι.
1317 2510 1397 2531 xxiv
1410 2499 1475 2540 (a).

134 2549 152 2579 ti
172 2559 289 2580 manus
308 2557 410 2593 atque
429 2562 447 2582 a
466 2552 587 2593 quibus
607 2563 640 2583 α.
798 2556 978 2593 pascerent
996 2561 1025 2581 e.
1169 2551 1275 2582 nostri
1296 2550 1411 2590 codd,
1435 2550 1543 2581 nostri
1564 2551 1619 2591 qui

133 2600 356 2632 l‘ascosamts
374 2613 409 2633 u.
528 2603 546 2635 7
559 2603 880 2643 ui(lebantrel1'qui,
903 2603 1076 2634 habebant
1094 2602 1170 2633 eod.
1191 2603 1409 2635 llotomanm¹
1425 2613 1458 2633 u.
1480 2602 1517 2633 Ρ.
1544 2602 1618 2633 172).

275 2652 294 2683 8
317 2662 424 2694 neque
443 2653 516 2684 loeo
535 2665 569 2685 a.
727 2664 765 2685 ae
785 2664 805 2685 α
820 2655 849 2693 b,
872 2658 906 2685 et
924 2664 960 2684 u.
1101 2653 1119 2685 9
1140 2653 1305 2685 timebant
1323 2653 1505 2685 delendum
1528 2652 1620 2683 uidit

132 2702 307 2734 Fam-nus.
436 2705 475 2736 10
496 2716 535 2737 ne
554 2716 650 2746 quem
671 2706 782 2737 locum
803 2706 861 2746 be,
884 2715 992 2747 neque
1010 2705 1119 2736 locum
1139 2715 1182 2745 α,·
1207 2716 1246 2737 ne
1266 2716 1329 2747 quo
1350 2706 1423 2736 loco
1443 2715 1477 2735 u.

136 2756 173 2786 15
195 2755 386 2787 funditores
406 2758 535 2787 omissa
555 2758 682 2798 copula
703 2759 734 2789 b.
876 2757 1058 2789 mittebant
1075 2760 1159 2788 ante
1178 2767 1271 2789 corr.
1292 2767 1326 2790 a.
1471 2753 1621 2786 Πυκνο-

133 2806 219 2837 actis
239 2807 443 2838 centonibus
464 2808 494 2837 b.
639 2809 676 2841 19
698 2809 871 2841 nitebatur
889 2809 922 2849 d,
944 2809 1127 2841 uidebatur
1145 2819 1165 2840 a
1180 2809 1209 2840 b.
1353 2809 1396 2843 20
1415 2805 1620 2848 angusti-ssi-

135 2868 206 2889 mae
225 2868 258 2889 α.
401 2859 439 2893 21
463 2858 607 2890 maxime
626 2869 661 2891 α.
