1835 3240
626 171 812 216 COMM.
837 171 855 214 I
884 171 1010 214 CAP.
1035 172 1126 213 8-
1144 172 1208 213 11.
1653 174 1733 216 261

179 287 383 330 Heluetios
395 287 452 327 ire
463 287 675 340 patiantur,
689 287 920 341 obsidesque
934 287 984 326 uti
999 286 1105 326 inter
1117 300 1206 327 sese
1217 286 1324 336 dent,
1339 288 1510 340 perficit:
1530 286 1679 342 Sequa-

178 357 233 406 ni,
248 354 447 395 neitinere
461 353 667 395 Heluetios
690 356 944 409 proliibeant3
972 355 1158 404 Heluetii,
1184 362 1226 394 ut
1240 355 1326 394 sine
1339 354 1528 394 maleficio
1542 363 1581 396 et
1601 357 1660 396 in-

175 424 276 465 iuria
286 430 507 463 transeant.
521 421 685 465 Caesari
698 424 947 464 renuntiatur
958 423 1152 464 Heluetiis
1163 422 1301 463 essein
1313 422 1442 462 animo
1453 436 1522 476 per
1532 437 1667 476 agrum
1681 424 1735 468 10

176 489 450 544 Sequanorum
473 490 776 532 etHaeduorum
800 491 876 531 iter
898 493 935 531 in
954 490 1175 531 Santonum
1202 492 1296 531 fines
1320 492 1468 540 faeere,
1496 491 1559 544 qui
1583 505 1662 530 non

128 568 147 599 5
178 560 294 613 longe
316 574 339 600 a
362 558 610 600 Tolosatium
635 560 775 599 finibus
797 559 963 605 absunt,
999 573 1099 612 quae
1128 560 1269 599 ciuitas
1293 566 1353 600 est
1376 559 1414 599 in
1437 558 1658 613 prouincia.

175 625 216 667 ld
239 627 273 666 si
295 628 427 677 fieret,
464 627 720 682 intellegebat
750 641 893 681 magno
916 641 1001 667 cum
1025 628 1199 681 periculo
1221 628 1448 681 prouinciae
1469 629 1660 677 futurum,
1684 628 1711 667 2

174 702 216 734 ut
236 695 413 736 homines
436 695 670 745 bellicosos,
705 696 834 749 populi
864 694 1037 735 Romani
1067 695 1276 745 inimicos,
1310 695 1407 736 loeis
1440 694 1662 750 patentibus

175 763 424 816 maximeque
448 763 715 803 frumentariis
738 763 924 803 finitimos
948 762 1123 804 haberet.
1181 761 1243 804 Ob
1267 777 1333 804 eas
1356 777 1496 804 causas
1520 763 1554 804 ei
1577 778 1662 803 mu-
1682 762 1708 804 3

175 831 333 881 nitioni‚
358 845 471 884 quam
496 832 657 880 fecerat,
681 830 730 870 Τ.
751 830 969 871 Labienum
992 832 1160 885 legatum
1184 832 1395 885 praefecit3
1422 832 1503 886 ipse
1526 831 1566 871 in
1584 829 1663 871 Ita-

102 907 140 939 10
172 899 261 940 liam
285 899 435 953 magnis
458 899 665 940 itineribus
689 900 892 939 contendit
915 900 1087 953 duasque
1111 901 1162 940 ibi
1187 900 1364 954 legiones
1387 899 1601 941 conscribit
1623 906 1661 939 et

173 974 270 1015 tres,
298 982 395 1020 quae
418 968 563 1007 circum
577 966 800 1020 Aquileiam
827 968 1066 1015 hiemabant,
1093 982 1145 1008 ex
1167 968 1340 1009 bibernis
1364 969 1493 1009 educit
1508 976 1561 1016 et,
1587 983 1661 1022 qua

172 1036 393 1089 proximum
416 1036 493 1075 iter
514 1036 552 1076 in
574 1035 802 1076 ulteriorem
817 1034 986 1075 Galliam
1010 1050 1080 1090 per
1099 1036 1219 1091 Alpes
1243 1044 1342 1086 erat,
1369 1051 1453 1076 cum
1480 1037 1537 1078 his
1552 1038 1664 1090 quin-

172 1117 246 1156 que
267 1104 489 1158 legionibus
512 1104 570 1144 ire
595 1104 808 1145 contendit.
853 1102 910 1143 Ibi
934 1101 1160 1145 Centrones
1193 1111 1232 1145 et
1254 1103 1455 1145 Graioceli
1479 1113 1518 1146 et
1540 1104 1662 1146 Catu·
1683 1104 1711 1145 4

172 1172 278 1225 riges
301 1173 398 1213 locis
421 1173 691 1227 superioribus
714 1172 915 1226 occupatis
947 1173 1091 1214 itinere
1121 1173 1341 1214 exercitum
1365 1173 1573 1227 probibere
1597 1188 1662 1213 co-

102 1247 138 1278 15
170 1247 329 1280 nantur.
365 1239 629 1294 Conpluribus
654 1241 711 1280 his
734 1242 894 1295 proeliis
909 1241 1030 1295 pulsis
1044 1242 1091 1282 ab
1104 1240 1244 1288 Ocelo,
1271 1243 1371 1295 quod
1388 1248 1449 1282 est
1462 1241 1659 1281 citerioris
1683 1239 1707 1279 5

174 1308 403 1361 prouinciae
426 1315 668 1358 extremum,
708 1309 748 1348 in
780 1310 877 1350 fines
899 1307 1186 1350 Vocontiorum
1209 1310 1410 1350 ulterioris
1434 1310 1661 1363 prouinciae

175 1376 237 1416 die
261 1376 425 1429 septimo
447 1377 648 1430 peruenit3
693 1378 782 1417 inde
804 1378 843 1416 in
865 1377 1125 1432 Allobrogum
1148 1380 1246 1418 fines
1262 1409 1271 1427 ‚
1306 1379 1353 1418 ab
1377 1377 1660 1431 Allobrogibus

173 1445 212 1483 in
249 1443 495 1498 Segusiauos
527 1445 745 1485 exercitum
778 1446 898 1485 ducit.
952 1444 1004 1484 Hi
1034 1453 1125 1486 sunt
1147 1454 1264 1485 extra
1286 1446 1525 1499 prouinciam
1548 1452 1660 1486 trans

175 1510 405 1551 Rhodanum
428 1512 555 1566 primi.
602 1512 775 1553 Heluetii
800 1514 874 1553 iam
899 1528 969 1567 per
990 1515 1192 1568 angustias
1216 1522 1256 1554 et
1278 1515 1374 1554 fines
1390 1511 1664 1567 Sequanorum
1686 1513 1735 1557 11

97 1586 141 1617 20
171 1592 263 1619 suas
287 1580 419 1634 copias
442 1581 703 1620 traduxerant
725 1588 763 1621 et
783 1582 823 1620 in
838 1580 1089 1622 Haeduorum
1112 1582 1209 1623 fines
1224 1590 1661 1636 perueneranteorum-

172 1661 244 1699 que
266 1661 382 1702 agros
405 1648 704 1701 populabantur.
748 1648 928 1699 Haedui,
959 1664 1044 1689 cum
1069 1664 1111 1690 se
1135 1664 1283 1703 suaque
1306 1651 1353 1690 ab
1376 1651 1425 1691 iis
1449 1651 1662 1691 defendere
1682 1650 1710 1691 2

171 1729 248 1754 non
271 1722 447 1769 possent,
474 1716 626 1770 legatos
649 1716 695 1756 ad
720 1713 936 1757 Caesarem
959 1717 1119 1757 mittunt
1141 1725 1321 1770 rogatum
1343 1718 1557 1758 auxilium:
1598 1716 1660 1758 Ita
1681 1716 1705 1756 3

170 1797 213 1823 se
236 1784 339 1824 omni
364 1790 538 1838 tempore
561 1784 607 1825 de
630 1786 768 1838 populo
782 1784 963 1824 Romano
986 1785 1149 1826 meritos
1173 1800 1279 1835 esse,
1306 1794 1346 1827 ut
1368 1799 1491 1840 paene
1509 1786 1548 1826 in
1567 1800 1661 1826 con-

171 1858 309 1905 spectu
339 1852 542 1892 exercitus
576 1854 703 1894 nostri
734 1855 820 1907 agri
853 1854 1024 1903 uastari,
1060 1853 1175 1894 liberi
1205 1869 1341 1895 eorum
1364 1855 1404 1894 in
1426 1855 1661 1895 seruitutem

96 1926 138 1957 25
169 1919 324 1970 abduci,
349 1919 487 1974 oppida
509 1922 732 1976 expugnari
755 1937 832 1962 non
857 1923 1078 1963 debuerint.
1123 1922 1273 1964 Eodem
1305 1931 1482 1978 tempore
1506 1922 1661 1963 Haedui
1683 1922 1707 1961 4

315 2093 328 2126 1
350 2093 400 2125 ire
421 2093 724 2139 Heluetios(A7t)?
742 2101 778 2130 et
795 2107 917 2130 errore
934 2108 969 2131 u.
1109 2098 1256 2140 perfecit
1276 2098 1375 2131 ‘mss-
1391 2097 1443 2131 10’
1470 2097 1501 2129 E
1521 2107 1556 2129 a.

168 2142 189 2175 2
207 2153 247 2174 ne
266 2143 299 2175 in
316 2144 440 2178 itInere
459 2156 479 2177 a
494 2147 512 2178 b
534 2150 572 2178 et
587 2158 633 2180 m.
648 2148 757 2190 prus.
897 2150 915 2180 3
937 2150 1181 2181 renuntiantur
1197 2161 1217 2182 a
1236 2153 1272 2181 et
1289 2160 1333 2181 m.
1350 2149 1459 2191 pr.s.
1556 2148 1577 2179 4
1596 2147 1658 2178 He-

169 2194 311 2226 duorum
329 2205 363 2227 a.
481 2196 689 2230 Sanctonum
711 2199 785 2231 Ca.
911 2201 929 2233 6
948 2201 1186 2242 intellegebat,
1208 2212 1277 2233 non
1296 2200 1526 2241 intelligebat,
1545 2198 1662 2241 Efet·

168 2255 307 2287 semper
322 2247 356 2278 A
374 2249 457 2279 item
477 2258 499 2280 a
517 2252 693 2291 etpostea
711 2252 761 2291 B,
792 2261 870 2282 eum
891 2253 1025 2283 tacebo.
1182 2263 1257 2284 cum
1284 2262 1406 2294 magno
1435 2251 1515 2284 CD.

170 2297 188 2328 9
208 2295 248 2328 T.
261 2308 330 2329 om.
342 2302 377 2330 ec
392 2304 533 2340 tei-sup.
548 2310 640 2332 vers,
653 2304 808 2343 ponz'ta,
829 2301 943 2335 Titum
962 2303 995 2334 D
1008 2303 1077 2344 Es.
1174 2303 1386 2335 Labiaenum
1402 2304 1443 2335 A.
1543 2303 1577 2334 in
1596 2301 1662 2333 lta-

171 2347 264 2390 liam]
294 2349 450 2381 militiam
481 2351 520 2382 C.
681 2353 721 2385 10
747 2354 939 2394 legationes
962 2364 1009 2385 m.
1024 2355 1134 2396 prnf.
1290 2355 1326 2388 11
1350 2355 1443 2387 eirca
1465 2355 1561 2397 bset
1577 2356 1660 2385 ante

170 2408 262 2431 corr.
280 2409 315 2431 α.
476 2400 654 2443 Aquileam
664 2403 703 2444 s.
870 2405 1065 2437 hiemebant
1082 2405 1126 2436 A.
1295 2406 1516 2448 exiberniss.

173 2449 214 2481 12
231 2460 305 2481 cum
318 2450 359 2483 iis
378 2451 410 2483 A
425 2451 464 2492 C,
485 2462 559 2484 cum
571 2453 635 2484 hiis
646 2454 689 2484 E.
790 2454 828 2486 13
849 2454 1041 2486 Ceutrones
1062 2456 1383 2498 ‘mss.ple1·z'que’A
1399 2457 1470 2489 CD
1484 2457 1514 2489 E
1527 2456 1588 2497 as.

172 2497 363 2533 Graiocaeli
381 2503 424 2543 A,
447 2502 599 2535 Gaioeeli
618 2514 638 2535 a
651 2505 713 2546 ds.
829 2507 867 2538 15
887 2507 1110 2548 conpluribus
1130 2507 1160 2538 A
1174 2508 1246 2540 Ca.
1365 2509 1408 2540 iis
1425 2509 1517 2546 AD,
1539 2508 1603 2539 hiis
1620 2507 1659 2538 E.

313 2554 502 2597 citerioris]
530 2556 705 2589 ulterioris
721 2557 757 2599 s.
901 2558 940 2591 16
968 2560 1002 2591 in
1032 2559 1155 2592 finibus
1185 2561 1242 2592 bc.
1384 2560 1604 2593 Vocotiorum
1619 2561 1657 2601 s.

298 2604 337 2636 17
355 2605 574 2639 Allobrocum
595 2608 632 2647 C,
652 2608 919 2651 Allogobrumf.
1017 2610 1101 2643 fines
1133 2617 1169 2643 et
1185 2612 1226 2643 ab
1246 2611 1331 2644 DE.
1443 2613 1482 2645 ’18
1501 2612 1660 2643 Sebusiu-

174 2664 233 2686 nos
252 2655 430 2698 ‘plerique'
447 2658 481 2691 A
495 2659 566 2692 CD
578 2661 656 2701 Ea,
678 2660 888 2694 Sebusiones
897 2663 936 2704 s.
1062 2664 1109 2695 hii
1126 2665 1196 2706 Es.
1344 2664 1382 2697 19
1402 2663 1577 2696 Rodanum
1597 2665 1655 2704 as.

316 2707 379 2738 iam
398 2718 467 2740 om.
485 2719 532 2741 m.
551 2712 650 2753 prus.
756 2713 798 2744 ‘20
818 2714 1102 2755 transduxerunt,
1123 2714 1186 2746 sed
1203 2715 1272 2746 del.
1295 2726 1346 2753 ns,
1370 2716 1398 2747 C
1416 2719 1451 2745 et
1466 2725 1605 2755 semper
1624 2725 1657 2745 u.

315 2756 505 2791 Heduorum
534 2765 568 2792 et
594 2763 633 2794 21
657 2762 766 2795 Hedui
784 2774 819 2795 α.
1021 2765 1060 2796 21
1089 2765 1130 2797 ab
1158 2766 1198 2798 iis
1227 2766 1469 2807 ‘antiquiores
1498 2767 1655 2805 711ss.'A‚

171 2806 211 2836 ³¹¹)
232 2806 296 2838 hiis
314 2807 355 2844 Ε,
376 2808 416 2839 ab
435 2810 485 2842 his
504 2813 565 2853 as.
707 2815 750 2846 ‘22
770 2815 924 2855 laegatus
942 2815 986 2846 A.
1115 2816 1157 2849 23
1176 2827 1284 2858 poene
1304 2818 1348 2848 A.
1487 2818 1529 2849 ,⁸24
1549 2818 1657 2849 nostri

174 2859 354 2899 0111.DE,
376 2870 407 2901 p.
428 2872 455 2893 r.
474 2873 494 2893 a
510 2863 582 2905 bd,
603 2865 702 2907 suis.
814 2868 856 2904 25
878 2867 1008 2903 Haedui
1029 2866 1096 2900 del.
1108 2868 1145 2909 s,
1168 2868 1275 2900 Hedui
1296 2879 1329 2899 a.
