1835 3240
77 154 162 199 474
602 158 679 202 DE
710 159 901 209 BELLO
933 159 1184 207 GALLICO

107 266 134 308 2
154 267 395 321 reliquorum
424 270 623 313 deditione
655 286 742 314 esse
775 273 1000 326 perductos.·
1055 272 1168 317 Scire
1197 283 1312 330 atque
1340 277 1572 332 intellegere
1593 291 1636 318 se

155 349 313 383 causam
334 340 487 392 peccati
509 341 692 382 facillime
713 342 878 381 mortuis
901 342 1089 395 delegari.
1134 342 1463 388 Neminem'uero
1485 353 1635 387 tantum

156 404 324 457 pollere,
356 414 402 449 ,ut
422 407 557 447 inuitis
581 408 847 460 principibus,
884 410 1098 453 resistente
1119 417 1282 461 senatu,
1315 413 1493 454 omnibus
1523 413 1636 455 honis

154 474 464 526 repugnantibus
487 474 639 515 infirma
663 489 779 515 manu
802 476 926 529 plebis
947 477 1090 521 bellum
1114 478 1318 521 concitare
1340 487 1533 533 etgerere
1548 495 1635 535 pos·

154 547 229 580 set.
276 539 354 581 Sed
377 549 506 581 tamen
529 554 571 580 se
595 550 820 583 contentum
844 545 928 586 fore
950 559 996 586 ea
1018 560 1168 599 poena,
1205 561 1318 599 quam
1351 547 1425 589 sibi
1446 548 1524 600 ipsiv
1542 563 1636 593 con-

78 606 136 653 23
156 609 389 648 traxissent.
443 607 577 649 Nocte
609 609 832 664 insequenti
866 612 987 666 legati
1014 628 1206 667 responsa
1237 614 1284 656 ad
1313 628 1406 657 suos
1435 616 1638 666 referunt,

155 674 310 716 obsides
333 677 559 718 conficiunt.
605 676 861 723 Concurrunt
880 681 1119 734 reliquarum
1142 682 1361 724 ciuitatium
1384 683 1517 737 legati,
1543 692 1639 736 quae

106 742 132 782 2
155 741 460 785 Bellouacorum
481 746 789 800 speculabantur
809 756 1018 800 euentum3
1056 750 1211 790 obsides
1234 750 1344 799 dant,
1367 750 1558 804 imperata
1584 751 1639 790 fa-v

155 810 263 850 ciunt
294 819 462 866 excepto
493 813 698 866 Commio,
739 830 850 869 quem
884 817 1003 859 timor
1033 817 1266 871 prohibebat
1294 817 1521 871 cuiusquam
1554 818 1641 859 fidei

107 877 132 918 3
155 892 263 918 suam
287 881 532 922 committere
554 883 739 925 salutem.
789 883 897 928 Nam
926 886 1130 939 superiore
1163 900 1266 927 anno
1297 885 1415 929 Titus
1436 884 1642 930 Labienus

155 943 332 988 Caesare
363 949 401 988 in
424 948 552 991 Gallia
584 952 770 993 citeriore
800 953 860 993 ius
883 953 1061 1003 dicente,
1089 968 1173 994 cum
1198 950 1416 994 Commium
1439 953 1642 1006 conperis-

151 1021 212 1055 set
233 1015 446 1058 sollicitare
469 1018 651 1060 ciuitates
685 1027 724 1060 et
755 1022 1067 1062 coniurationem
1091 1029 1227 1062 contra
1251 1019 1466 1062 Caesarem
1488 1022 1637 1070 facere,

105 1080 131 1120 4
153 1082 423 1126 infidelitatem
446 1086 530 1127 eius
553 1088 638 1128 sine
652 1088 730 1129 ulla
743 1089 904 1142 perfidia
924 1090 1115 1130 iudicauit
1129 1090 1331 1144 comprimi
1354 1103 1485 1143 posse.
1511 1086 1640 1141 Quem

154 1151 244 1203 quia
267 1166 345 1192 non
368 1153 636 1196 arbitrabatur
657 1164 837 1198 uocatum
859 1157 898 1197 in
921 1165 1049 1199 castra
1076 1165 1284 1199 uenturum
1299 1189 1310 1208 ,
1344 1172 1394 1198 ne
1414 1156 1641 1210 temptando

154 1219 367 1260 cautiorem
393 1223 566 1272 faceret,
592 1222 734 1264 Gaium
758 1224 1004 1267 Volusenum
1028 1224 1272 1278 Quadratum
1295 1226 1423 1274 misit,
1458 1224 1523 1277 qui
1554 1236 1643 1264 eum

152 1300 223 1339 per
243 1288 532 1330 simulationem
569 1292 752 1344 conloqui
784 1301 941 1333 curaret
971 1293 1299 1334 interficiendum.
1345 1291 1408 1332 Ad
1440 1304 1642 1336 camrem

105 1352 129 1394 5
154 1355 326 1395 delectos
347 1356 513 1398 idoneos
536 1359 570 1399 ei
594 1360 713 1403 tradit
734 1360 1002 1402 centuriones.
1038 1358 1138 1402 Cum
1159 1361 1200 1402 in
1212 1360 1461 1413 conloquium
1483 1365 1644 1401 uentum

154 1430 261 1463 esset
276 1454 286 1473 ‚
312 1431 374 1472 et,
400 1433 442 1465 ut
464 1435 729 1479 conuenerat,
764 1443 923 1469 manum
946 1426 1115 1470 Commii
1138 1428 1366 1470 Volusenus
1389 1426 1640 1480 arripuisset,

153 1491 333 1532 centurio
357 1493 420 1533 uel
442 1495 597 1539 insueta
622 1511 664 1537 re
687 1504 888 1551 permotus
922 1498 985 1538 uel
1018 1498 1204 1538 celeriter
1225 1511 1248 1537 a
1269 1494 1526 1537 familiaribus
1550 1507 1640 1547 pro-

152 1558 298 1601 hibitus
333 1558 502 1605 Commii
536 1566 730 1606 conficere
763 1566 957 1607 hominem
999 1581 1077 1607 non
1110 1566 1260 1620 potuit3
1303 1564 1481 1619 grauiter
1513 1568 1643 1602 tamen

102 1624 130 1666 6
150 1626 276 1681 primo
296 1628 377 1669 ictu
400 1630 529 1684 gladio
552 1640 667 1686 caput
698 1635 908 1687 percussit.
955 1632 1056 1675 Cum
1091 1634 1282 1686 utrimque
1312 1631 1432 1686 gladii
1464 1628 1642 1697 destricti

149 1698 298 1741 essent,
324 1706 403 1731 non
427 1699 503 1733 tam
524 1696 722 1748 pugnandi
746 1710 858 1750 quam
882 1696 1108 1750 diffugiendi
1141 1696 1213 1737 fnit
1234 1703 1490 1746 utrorumque
1513 1704 1640 1731 consi-

149 1751 269 1794 h'um:
296 1761 540 1806 nostrorum,
566 1759 666 1811 quod
690 1759 894 1800 mortifero
917 1759 1081 1799 uulnere
1097 1755 1317 1800 Commium
1340 1753 1553 1796 credebant
1575 1753 1641 1794 ad-

151 1814 320 1865 fectum3
356 1815 586 1870 Gallorum,
627 1823 727 1874 quod
751 1822 904 1864 insidiis
928 1822 1097 1876 cognitis
1120 1822 1256 1876 plura,
1292 1833 1406 1874 quam
1437 1817 1638 1865 uidebant,

154 1877 484 1921 extimescebant.
531 1881 619 1935 Quo
645 1885 747 1924 facto
770 1885 959 1925 statuisse
982 1883 1184 1925 Commius
1207 1882 1411 1924 dicebatur
1432 1892 1642 1932 numquam

151 1938 192 1978 in
215 1950 465 1995 conspectum
490 1945 720 2001 cuiusquam
743 1946 913 1987 Romani
936 1946 1090 1987 uenire.

298 2035 308 2066 1
334 2035 495 2069 deductos
516 2039 546 2070 b.
729 2040 887 2071 intellere
908 2050 952 2070 m.
970 2049 1030 2080 pr.
1050 2038 1093 2070 B.
1280 2036 1298 2068 3
1317 2035 1414 2070 bonis
1434 2042 1553 2066 errore
1571 2042 1640 2064 om.

153 2084 281 2117 Graan.
305 2098 338 2118 n.
483 2090 500 2120 5
522 2090 587 2121 sibi
607 2100 674 2122 om.
698 2091 729 2122 b.
888 2091 954 2133 ipsi
972 2100 1041 2122 om.
1063 2099 1092 2119 e.
1248 2088 1266 2119 6
1286 2087 1445 2119 deferunt
1465 2086 1496 2117 b.

150 2137 168 2169 7
189 2138 381 2171 ciuitatium
401 2141 477 2172 AB
492 2142 539 2183 C,
560 2154 628 2174 71071
649 2143 842 2175 ciuitatum.
1007 2141 1063 2183 qui
1082 2141 1112 2172 B
1130 2141 1228 2172 ‘nv-ts.
1250 2140 1294 2173 7‘.
1458 2138 1478 2169 8
1497 2140 1641 2167 euentus

153 2188 209 2219 be.
380 2191 420 2224 10
439 2191 538 2224 Titus
557 2194 598 2234 B,
621 2193 661 2226 T.
684 2204 720 2226 τι.
886 2193 918 2226 11
944 2192 1136 2224 caeteriore
1153 2191 1197 2223 B.
1362 2188 1579 2231 conperisset
1595 2187 1638 2218 B.

296 2242 334 2274 15
355 2242 475 2276 Gaium
487 2245 528 2285 B,
552 2246 588 2276 C.
612 2256 646 2278 u.
792 2247 831 2280 16
851 2245 1072 2289 conloquim.
1087 2253 1162 2288 pru,
1185 2241 1494 2284 conloquiisec.B.

153 2290 192 2322 17
211 2291 351 2324 idoneos
371 2305 438 2327 om.
459 2306 505 2326 m.
523 2306 581 2337 1¹7¹·
604 2297 635 2337 b,
657 2298 798 2329 idoneos
818 2297 847 2328 ei
867 2307 936 2328 (nn.
956 2306 1018 2327 ae.
1219 2293 1327 2324 tradit
1344 2292 1374 2323 B
1388 2303 1404 2322 e
1426 2290 1582 2323 ‘omnes':
1603 2292 1639 2321 in

150 2344 302 2385 exempl.
324 2346 431 2378 Fabr.
455 2358 500 2378 ear
519 2349 551 2379 A
569 2353 605 2380 et
623 2350 728 2382 tradit
745 2354 783 2382 et
799 2350 964 2389 tradidit,
993 2347 1089 2390 quod
1105 2350 1190 2378 ante
1208 2356 1230 2377 u
1250 2346 1454 2386 legebatur,
1485 2343 1641 2374 relatum

151 2396 215 2425 est.
375 2398 588 2440 conloquium
608 2401 650 2432 B.
818 2401 858 2433 18
877 2405 910 2432 et
930 2410 998 2433 om.
1019 2409 1048 2431 e.
1213 2400 1447 2429 conuenerant
1466 2406 1494 2427 e.

149 2447 366 2491 arripuisset]
387 2456 421 2482 et
439 2452 520 2483 add.
544 2455 575 2484 A
589 2454 634 2484 bc
648 2454 671 2485 d
684 2465 712 2487 e.
927 2454 965 2486 19
984 2452 1040 2485 uel
1059 2452 1196 2484 insueta
1213 2450 1370 2492 Lipsius,
1391 2449 1485 2482 uelut
1505 2450 1642 2481 insueta

151 2499 252 2530 codd.
431 2509 604 2544 permotus
624 2505 680 2535 uel
699 2505 865 2536 celeriter
884 2514 901 2535 a
923 2503 1150 2535 familiaribus
1169 2501 1360 2543 prohibitus
1381 2500 1522 2531 Commii
1540 2500 1643 2532 confi-

152 2560 230 2582 cere
249 2551 415 2584 bominem
437 2565 500 2585 uon
520 2556 628 2596 potuit
643 2556 673 2587 B
693 2558 868 2587 ‘ma-rima
885 2559 1061 2587 nostorum
1080 2552 1214 2586 turba’:
1236 2558 1409 2595 permotus
1426 2552 1535 2584 uellet
1546 2552 1644 2586 Com-

151 2604 254 2636 mium
273 2605 441 2637 conficere
460 2606 623 2639 celeriter
640 2618 657 2639 a
680 2608 908 2640 familiaribus
925 2606 1118 2650 prohibitus
1131 2605 1273 2638 Commii
1288 2605 1456 2637 conficere
1477 2605 1642 2638 hominem

152 2664 216 2686 non
238 2656 349 2697 potuit
368 2657 386 2687 b
404 2660 457 2697 et,
479 2660 623 2699 quz'pro
639 2662 761 2699 priore
781 2659 949 2690 conficere
969 2658 1078 2690 habet
1094 2657 1291 2689 interficere
1306 2682 1314 2696 ‚
1334 2667 1352 2687 c
1370 2660 1423 2698 et,
1445 2659 1509 2698 qui
1525 2657 1646 2689 celeri-

152 2710 206 2737 ter
220 2710 306 2747 post
321 2707 430 2739 uellet
443 2711 554 2749 ponit
569 2713 605 2741 et
616 2709 756 2742 Commii
776 2710 943 2741 conficere
957 2709 1125 2740 hominem
1145 2710 1296 2748 omittit,
1316 2719 1345 2740 ε.
1486 2709 1523 2742 21
1542 2712 1645 2749 caput

151 2767 220 2789 om.
242 2769 258 2789 e
277 2759 366 2791 And.
391 2760 506 2792 Ooeon.
648 2761 833 2803 percussit]
852 2760 1052 2792 uulnerauit
1069 2770 1090 2791 α
1103 2770 1120 2791 e
1138 2759 1230 2792 And.
1254 2760 1367 2792 Otcon.
1526 2759 1644 2791 utrim—

153 2819 216 2849 que
236 2810 311 2850 (Β).
453 2812 609 2844 destricti
628 2813 701 2844 AB
716 2813 825 2852 CDe,
846 2822 917 2844 non.
936 2811 1097 2845 districti.
1240 2811 1284 2846 23
1302 2811 1475 2844 adfectum
1494 2811 1536 2843 B.

153 2861 195 2891 25
215 2871 394 2905 numquam
415 2863 454 2895 B.
599 2864 639 2895 *26
660 2868 845 2905 conspectu
865 2875 893 2894 r.

1675 891 1715 924 10

1676 1230 1716 1263 15

1673 1566 1717 1602 20

1673 1884 1716 1916 25
