1835 3240
698 183 1096 224 ——19—

157 298 395 343 ministrare'
425 312 460 338 c.
488 296 555 347 19,
580 297 630 338 2:
670 302 833 337 ‘tantam
867 310 911 337 se
932 294 1222 336 multitudinem
1245 296 1484 336 auxiliorum
1508 299 1646 340 aduer-

156 368 272 410 sariis
304 365 689 407 subministraturum
706 395 716 413 ,
749 371 792 405 ut
821 364 937 405 etiam
960 364 1160 404 caedendo
1181 362 1222 402 in
1242 363 1328 417 ipsa
1350 364 1518 405 uictoria
1540 367 1647 406 defa-

154 435 267 489 tigati
298 433 594 483 uincerentur'3
629 439 666 473 et
702 431 913 486 ‘prosilire'
945 446 980 472 c.
1017 430 1086 482 58,
1122 430 1174 471 2:
1220 431 1322 471 ‘sine
1362 431 1476 471 dubio
1507 433 1647 473 existi-

154 517 266 544 mans
297 503 401 542 ultro
431 501 684 542 aduersarios
700 531 711 550 ,
745 514 830 541 cum
857 507 936 541 tam
958 500 1111 553 magnis
1133 499 1256 554 copiis
1279 499 1519 551 auxiliisque
1539 500 1647 554 regis

154 577 289 612 essent
319 569 487 624 praediti
519 569 786 622 promtiusque
818 568 1117 621 prosiluissent,
1151 574 1243 608 ante
1275 580 1318 607 se
1351 568 1646 617 concursuros',

154 645 194 679 et
226 637 495 679 ‘concursare'
517 635 588 686 81,
623 635 644 676 1
682 636 782 689 ‘ipse
806 634 999 690 [Caesar]
1034 635 1195 688 pedibus
1219 636 1366 675 circum
1388 634 1532 674 milites
1556 648 1650 674 con—

154 706 356 756 cursans'3
391 713 432 745 et
463 709 641 758 ‘paucum
665 704 884 744 numerum'
915 701 985 752 68,
1009 703 1052 753 2,
1087 702 1278 755 quomodo
1301 702 1462 743 Vitruu.
1496 700 1530 752 Ι,
1558 700 1597 751 1,
1621 701 1649 742 6

157 778 334 827 ‘paucam
374 772 543 812 manum'
586 772 710 822 dixit,
754 779 794 812 et
831 772 917 813 ‘sub
948 784 1102 810 manum
1136 769 1380 811 submittere⁷
1413 768 1490 820 36,
1527 769 1575 820 1,
1611 776 1651 810 et

156 840 364 881 ‘eiusmodi
403 839 565 894 genera'
598 839 667 890 71,
703 838 743 889 1,
789 839 1100 892 ‘cuiusquemodi
1122 838 1294 892 generis'
1332 838 1400 888 19,
1426 836 1467 878 5.
1507 836 1578 887 23,
1606 836 1646 877 1.

153 908 230 958 36,
266 908 315 959 1,
359 922 589 961 quamquam
632 907 767 947 eodem
808 908 923 948 modo
965 906 1097 948 Varro
1139 907 1186 947 de
1216 907 1312 960 ling.
1349 904 1444 946 Lat.
1480 904 1559 956 IX,
1594 904 1650 945 20

153 991 191 1031 p.
227 976 310 1017 474
337 974 407 1030 Sp.
439 983 478 1016 et
512 974 725 1016 Sallustius
750 974 841 1016 Cat.
877 974 931 1016 39
963 975 1176 1025 dixerunt3
1210 974 1303 1014 item
1328 974 1490 1014 ‘sauciis
1514 974 1649 1014 decem

155 1044 282 1085 factis'
311 1042 380 1093 70,
405 1043 448 1092 4,
483 1043 582 1096 quod
618 1043 734 1083 habet
757 1040 858 1083 Cato
880 1057 942 1096 ap.
969 1041 1071 1083 Gell.
1095 1040 1171 1092 ΙΙΙ,
1199 1041 1241 1082 7.
1286 1040 1437 1082 Eodem
1460 1042 1646 1095 pertinet,

155 1113 254 1166 quod
288 1119 521 1152 constanter
554 1112 731 1165 ‘plostra’
754 1112 969 1152 secundum
991 1110 1184 1151 rusticam
1206 1110 1569 1164 pronuntiationem
1593 1110 1651 1149 di-

155 1187 297 1220 cuntur
319 1179 379 1231 (9,
406 1179 443 1220 1.
493 1179 564 1230 21,
589 1179 632 1219 2.
677 1179 747 1230 75,
772 1179 832 1232 4).
877 1178 983 1222 Idem
1001 1211 1011 1229 ,
1045 1179 1145 1232 quod
1167 1178 1214 1218 de
1242 1177 1405 1231 singulis
1427 1177 1560 1218 uerbis
1583 1177 1652 1218 ob-

156 1247 424 1298 seruauimus,
461 1249 565 1288 cadit
593 1248 634 1288 in
667 1248 1005 1301 compositionem.
1061 1246 1215 1287 ‘Potiri'
1248 1246 1287 1286 in
1320 1246 1393 1286 hoc
1425 1246 1524 1286 libro
1547 1246 1652 1300 posi-

156 1323 238 1355 tum
280 1323 341 1355 est
382 1316 565 1356 adiuncto
607 1315 776 1356 ablatiuo
807 1314 876 1366 51,
910 1316 948 1356 1.
988 1315 1058 1366 74,
1083 1318 1126 1356 2.
1170 1313 1239 1364 76,
1267 1313 1305 1354 1.
1339 1312 1410 1364 83,
1435 1314 1476 1354 4.
1511 1313 1581 1365 86,
1608 1313 1648 1354 1.

156 1382 227 1434 87,
254 1383 301 1433 1,
335 1383 510 1436 genitiuo
536 1383 603 1433 18,
627 1383 668 1423 4.
713 1383 783 1434 50,
809 1383 849 1424 5.
892 1383 962 1434 61,
987 1382 1028 1425 6.
1070 1383 1139 1432 74,
1168 1383 1215 1433 1,
1250 1383 1477 1423 accusatiuo
1511 1381 1579 1432 36,
1604 1381 1646 1422 4.

159 1450 226 1499 39,
252 1451 293 1491 3.
326 1449 396 1500 68,
421 1450 462 1490 2.
497 1450 566 1501 87,
591 1452 632 1491 4.
657 1450 729 1500 89,
756 1451 793 1492 1.
829 1450 982 1491 Hirtius
1005 1465 1160 1505 semper
1182 1464 1273 1491 usus
1297 1457 1360 1490 est
1380 1451 1503 1504 prima
1527 1451 1651 1490 forma

158 1517 300 1571 (VIII,
334 1518 374 1567 5,
405 1518 447 1558 4.
490 1519 561 1568 27,
596 1520 635 1559 5.
684 1519 755 1566 36,
788 1520 828 1559 5.
878 1520 919 1560 b.
952 1518 1074 1559 Alex.
1111 1518 1179 1568 11,
1214 1517 1254 1558 5.
1305 1516 1375 1568 20,
1409 1517 1451 1558 4.
1504 1517 1574 1568 33,
1607 1517 1648 1558 1.

156 1586 227 1636 42,
258 1585 300 1625 4.
344 1584 414 1636 76,
453 1585 503 1626 3:
551 1592 656 1640 ‘spes
687 1587 915 1639 prouinciae
940 1585 1163 1639 potiundae'
1185 1585 1256 1635 43,
1281 1584 1352 1639 5),
1388 1585 1514 1626 altera
1535 1592 1653 1626 extra

156 1660 409 1708 peruagatam
451 1654 659 1694 formulam
702 1659 851 1694 ‘rerum
890 1653 1021 1706 potiri'
1064 1667 1357 1706 nonnumquam
1393 1650 1548 1693 Caesar
1577 1652 1648 1708 (b.

158 1720 263 1762 Gall.
287 1719 322 1772 Ι,
358 1720 383 1760 3
406 1723 559 1776 extu),
594 1719 737 1763 Cicero
771 1722 838 1773 (ad
868 1720 981 1761 Fam.
1015 1719 1049 1771 I,
1084 1720 1125 1770 7,
1151 1720 1192 1761 5.
1228 1718 1309 1762 Off,
1334 1719 1410 1770 III,
1435 1720 1505 1770 32,
1533 1720 1648 1775 113),

156 1788 296 1844 Nepos
326 1787 447 1844 (Lys.
475 1789 514 1839 1,
547 1789 589 1829 4.
635 1789 757 1830 Dion.
784 1788 825 1839 5,
860 1789 928 1839 5),
966 1787 1181 1830 Sallustius
1211 1786 1324 1841 (Cat.
1360 1788 1431 1829 47.
1466 1788 1553 1842 lug.
1578 1788 1648 1829 25.

155 1857 255 1912 74),
290 1856 433 1898 Liuius
457 1856 621 1910 (XXV,
647 1858 714 1899 14.
754 1858 818 1899 17.
862 1855 1069 1907 XXXIV,
1094 1856 1195 1910 21):
1231 1858 1479 1898 accusatiuus
1501 1871 1524 1897 a
1546 1857 1652 1897 nullo

156 1926 293 1966 horum
325 1926 474 1979 positus
502 1934 562 1967 est
593 1928 700 1976 (nam
732 1924 941 1967 Ciceronis
974 1925 1074 1976 loci,
1109 1925 1247 1978 quibus
1270 1924 1390 1966 Beier
1418 1926 1465 1966 ad
1489 1923 1568 1966 Off.
1594 1924 1649 1975 II,

158 1993 229 2043 23,
264 1992 316 2034 81
350 2008 444 2034 usus
475 2002 559 2043 est,
594 1994 677 2035 eius
708 1995 765 2035 rei
796 2010 874 2036 non
907 1994 1032 2046 magis
1066 1995 1177 2034 fidem
1203 1995 1381 2044 faciunt,
1416 2008 1530 2047 quam
1554 2007 1652 2046 quae

159 2062 259 2116 apud
289 2058 414 2102 Corn.
446 2061 553 2117 Nep.
580 2062 697 2103 Eum.
732 2063 772 2110 3,
797 2062 823 2102 4
851 2062 1080 2117 leguntur),
1115 2077 1254 2103 uerum
1277 2062 1499 2115 antiquiore
1522 2069 1653 2102 aetate

158 2130 231 2171 hoc
252 2144 376 2185 genus
399 2132 687 2184 frequentatum
710 2138 795 2180 est,
831 2144 958 2184 neque
981 2130 1152 2170 dubitari
1172 2131 1280 2180 licet,
1315 2131 1408 2184 quin
1429 2132 1520 2172 inde
1545 2135 1652 2184 ‘spes

158 2199 387 2253 prouinciae
428 2199 653 2253 potiundae'
697 2209 737 2240 et
777 2199 920 2240 similia
959 2199 1174 2252 repetenda
1192 2199 1296 2249 sint,
1335 2199 1475 2252 quibus
1517 2198 1654 2253 optimi

157 2274 341 2308 auctores
373 2281 451 2307 non
482 2267 770 2308 abstinuerunt.
815 2264 865 2308 C.
893 2267 960 2317 12,
988 2266 1009 2305 1
1033 2267 1201 2320 legimus
1226 2267 1369 2321 ‘puluis
1396 2268 1536 2321 ingens
1559 2281 1653 2307 con-

159 2335 256 2389 spici
285 2342 447 2389 coeptus
470 2336 541 2376 est⁷
573 2343 612 2376 et
632 2335 701 2384 82,
726 2335 754 2376 2
788 2340 890 2375 ‘cum
912 2335 1014 2376 idem
1037 2349 1059 2374 a
1081 2335 1254 2389 pluribus
1278 2335 1539 2375 animaduerti
1562 2348 1653 2375 coe-

159 2409 262 2456 ptum
285 2404 403 2443 esset⁷
422 2421 431 2443 ι
467 2411 583 2457 atque
604 2404 660 2444 ita
683 2403 838 2444 Caesar
859 2410 898 2443 et
918 2402 1074 2444 Hirtius
1098 2418 1253 2458 semper
1269 2403 1473 2454 dixerunt,
1506 2400 1651 2444 Cicero

160 2484 311 2524 quoque
343 2479 501 2525 praeter
524 2486 644 2512 uuum
665 2472 793 2512 locum
816 2470 938 2512 Tusc.
960 2468 995 2521 I,
1024 2470 1090 2521 13,
1114 2471 1169 2513 29
1201 2473 1284 2512 ‘sed
1307 2472 1372 2524 qui
1393 2471 1564 2512 nondum
1589 2484 1650 2519 ea,

161 2552 257 2590 quae
288 2539 421 2579 multis
450 2547 538 2593 post
568 2540 680 2580 annis
714 2540 880 2580 tractari
912 2539 1160 2593 coepissent,
1193 2540 1355 2594 physica
1390 2538 1651 2587 didicissent',

163 2605 210 2644 de
247 2621 320 2659 quo
362 2607 612 2648 dubitandum
645 2608 825 2658 uidetur,
860 2606 936 2648 etsi
967 2607 1100 2660 optimi
1133 2607 1281 2647 codicis
1315 2607 1415 2662 regii
1450 2606 1652 2647 ‘tractare'

163 2671 257 2712 ferri
287 2675 434 2727 nequit.
479 2673 558 2716 Sed
593 2676 692 2716 hanc
725 2677 887 2716 sormam
921 2675 1107 2715 habemus
1139 2675 1200 2714 hic
1225 2674 1297 2724 27,
1330 2675 1357 2714 2
1393 2679 1495 2714 ‘cum
1518 2674 1564 2714 ab
1587 2673 1652 2712 ad-

166 2740 352 2780 uersariis
378 2741 528 2795 lapides
560 2745 662 2784 mitti
694 2740 932 2797 coepissent?
966 2750 1004 2783 et
1026 2742 1096 2792 82,
1121 2743 1146 2783 4
1178 2742 1307 2795 ‘signa
1327 2742 1366 2781 in
1391 2743 1539 2781 hostem
1564 2755 1652 2780 coc-

167 2819 260 2857 pere
280 2806 430 2849 inferri'
447 2841 457 2860 ,
491 2819 605 2864 atque
633 2812 688 2852 ita
712 2812 958 2865 scripserunt
978 2810 1098 2852 Varr.
1125 2811 1171 2850 de
1193 2824 1236 2851 re
1258 2818 1359 2850 rust.
1384 2808 1460 2860 HI,
1488 2809 1553 2855 19,
1583 2808 1647 2849 12.

169 2870 265 2914 Sall.
300 2871 390 2915 Cat.
417 2876 485 2917 12.
529 2878 615 2933 lug.
639 2879 710 2921 91.
743 2877 814 2928 96,
848 2878 992 2919 Liuius
1026 2885 1065 2919 et
1086 2878 1298 2918 inferiores
1321 2891 1454 2930 saepe.
1501 2874 1652 2915 Contra

1317 2944 1374 2969 0..

1318 2972 1343 2982 ›s‹
