1835 3240
88 868 127 901 10

90 1208 128 1240 15

90 1547 132 1579 ‘20

569 134 754 177 COMM.
780 134 858 177 VII
881 133 1006 177 CAP.
1033 135 1151 177 57-
1167 134 1234 176 59.
1637 138 1721 179 439

165 266 253 292 num
277 248 468 303 peruenit.
522 247 565 289 Id
589 256 649 290 est
671 250 850 304 oppidum
874 247 1073 290 Senonum
1098 249 1138 288 in
1159 249 1289 289 insula
1311 246 1519 301 Sequanae
1542 251 1644 303 posi·
1667 250 1691 290 3

162 325 258 366 tum,
283 324 325 356 ut
345 317 461 370 paulo
485 324 577 357 ante
601 318 647 357 de
669 316 833 358 Lutetia
855 318 1041 358 diximus.
1103 315 1323 370 Deprensis
1345 316 1510 357 nauibus
1532 319 1645 358 circi·
1667 319 1693 358 4

159 392 221 425 ter
241 384 522 438 quinquaginta
545 385 803 439 celeriterque
828 385 1050 426 coniunctis
1072 391 1188 438 atque
1211 398 1257 425 eo
1281 383 1468 423 militibus
1490 384 1645 425 iniectis

160 459 199 492 et
220 452 279 492 rei
303 453 481 494 nouitate
503 454 725 507 perterritis
749 454 975 507 oppidanis,
1011 467 1172 506 quorum
1206 464 1349 505 magna
1382 464 1471 504 pars
1495 459 1576 491 erat
1601 453 1648 491 ad

162 519 303 560 bellum
327 529 514 572 euocata,
546 522 631 562 sine
655 522 909 562 contentione
932 522 1071 575 oppido
1094 521 1257 575 potitur.
1320 518 1488 559 Refecto
1512 526 1645 572 ponte,
1671 520 1694 559 5

161 601 273 640 quem
297 589 567 643 superioribus
600 589 734 629 diebus
768 589 900 629 hostes
922 589 1192 638 resciderant,
1228 587 1446 628 exereitum
1480 586 1649 626 traducit

161 663 201 696 et
222 657 393 697 secundo
418 657 577 697 flumine
599 658 645 697 ad
669 655 869 697 Lutetiam
893 659 968 697 iter
989 658 1121 697 facere
1145 656 1287 709 eoepit.
1343 653 1493 694 Hostes
1516 667 1560 694 re
1583 668 1647 693 co·
1669 652 1696 693 6

161 726 268 779 gnita
292 724 338 769 ab
361 725 408 765 iis
424 756 434 775 ,
468 725 533 778 qui
555 723 771 765 Meloduno
795 726 1001 780 fugerant,
1027 722 1228 764 Lutetiam
1251 722 1408 763 incendi
1432 727 1649 775 pontesque

162 794 246 833 eius
271 792 395 846 oppidi
420 792 590 833 rescindi
612 793 771 843 iubent3
797 794 870 847 ipsi
885 792 1061 847 proiecta
1085 792 1225 845 palude
1249 792 1296 831 ad
1319 791 1424 845 ripas
1439 786 1650 844 Sequanae

161 875 181 902 e
203 861 366 915 regione
388 858 574 901 Lutetiae
597 868 735 902 contra
756 860 924 901 Labieni
948 867 1080 900 castra
1103 859 1328 899 considunt.
1388 856 1470 898 Iam
1492 855 1649 897 Caesar
1669 856 1724 901 59

161 943 183 969 a
205 927 409 982 Gergouia
431 929 663 969 discessisse
686 929 943 979 audiebatur,
977 928 1053 968 iam
1085 928 1131 967 de
1155 925 1407 967 Haeduorum
1430 925 1651 965 defectione

162 1004 200 1036 et
222 997 394 1037 secundo
418 995 572 1037 Galliae
594 1004 699 1037 motu
722 1011 903 1037 rumores
926 996 1219 1045 adferebantur,
1251 993 1432 1047 Gallique
1454 994 1493 1033 in
1516 993 1650 1033 conlo-

162 1065 262 1118 quiis
285 1064 540 1104 interclusum
563 1065 705 1105 itinere
729 1072 767 1105 et
789 1064 928 1120 Ligeri
951 1062 1167 1105 Caesarem
1189 1063 1321 1117 inopia
1348 1061 1538 1101 frumenti
1562 1075 1652 1101 coa-

162 1139 264 1172 ctum
294 1132 333 1171 in
365 1132 608 1186 prouinciam
640 1133 890 1174 contendisse
921 1131 1219 1173 confirmabant.
1282 1128 1487 1170 Bellouaci
1519 1135 1650 1169 autem
1673 1128 1700 1169 2

161 1200 382 1241 defectione
396 1199 651 1242 Haeduorum
667 1202 838 1255 cognita,
864 1202 926 1255 qui
950 1208 1042 1241 ante
1064 1207 1178 1242 erant
1200 1213 1270 1253 per
1287 1212 1330 1238 se
1352 1196 1546 1246 infideles,
1572 1210 1652 1236 ma-

163 1282 237 1308 nus
261 1282 402 1323 cogere
425 1276 538 1322 atque
561 1277 695 1323 aperte
717 1270 859 1311 bellum
884 1283 1022 1324 parare
1045 1274 1273 1322 coeperunt.
1321 1265 1424 1306 Tum
1448 1263 1652 1305 Labienus
1676 1263 1699 1304 3

164 1342 274 1376 tanta
305 1350 435 1376 rerum
466 1338 770 1378 commutatione
800 1338 917 1392 longe
948 1338 1051 1378 aliud
1081 1337 1154 1377 sibi
1177 1334 1404 1390 capiendum
1428 1333 1652 1383 consilium,

165 1404 287 1457 adque
310 1411 425 1445 antea
447 1412 650 1455 senserat,
676 1406 931 1459 intellegebat
968 1419 1094 1458 neque
1117 1404 1191 1444 iam
1207 1435 1217 1454 ,
1242 1410 1284 1443 ut
1306 1402 1451 1456 aliquid
1474 1400 1654 1454 adquire-
1677 1400 1701 1440 4

165 1478 225 1511 ret
246 1472 474 1526 proelioque
498 1472 631 1514 hostes
654 1474 884 1523 lacesseret,
911 1473 979 1514 sed
995 1479 1037 1514 ut
1058 1473 1292 1512 incolumem
1312 1470 1533 1511 exercitum
1546 1468 1655 1523 Age-

165 1540 291 1579 dicum
314 1540 546 1591 reduceret,
582 1541 794 1595 cogitabat.
840 1541 1023 1595 Namque
1055 1541 1177 1581 altera
1211 1554 1264 1580 ex
1296 1546 1406 1594 parte
1427 1536 1650 1587 Bellouaci,
1676 1534 1700 1576 5

164 1621 262 1661 quae
313 1608 453 1649 ciuitas
500 1609 540 1649 in
581 1608 711 1650 Gallia
762 1610 973 1652 maximam
1026 1609 1144 1649 habet
1192 1607 1414 1662 opinionem
1466 1605 1652 1655 uirtutis,

167 1746 208 1786 C,
227 1744 448 1777 Mellidunum
467 1745 499 1777 D
519 1745 632 1787 (mss.
654 1744 899 1787 Mellodunum,
920 1744 1152 1786 Meledunum,
1172 1743 1381 1776 Miladunum
1401 1742 1534 1783 cett.’),·
1565 1740 1657 1773 Meo-

165 1798 290 1829 dunum
310 1797 427 1829 sedum
447 1798 477 1838 b,
500 1797 723 1830 Metiosedum
743 1809 764 1830 α
785 1799 900 1830 Ooeon.
1046 1798 1060 1830 1
1082 1798 1254 1829 Senonum
1273 1807 1342 1829 om.
1367 1796 1397 1827 b.
1554 1794 1586 1826 in
1608 1794 1657 1826 in-

165 1849 254 1881 sulla
272 1852 356 1881 ante
374 1859 467 1881 corr.
488 1850 529 1890 B,
552 1849 578 1881 Ι.
600 1850 646 1881 iu.
668 1850 778 1881 siluae
794 1851 838 1891 ,1,
859 1851 890 1882 in
912 1851 976 1882 ins.
998 1868 1039 1873 —-
1063 1851 1101 1890 C,
1124 1850 1155 1881 in
1175 1850 1288 1881 insula
1307 1848 1454 1881 fluminis
1466 1849 1510 1880 D.

167 1900 346 1942 Sequanae
364 1901 396 1932 A
409 1901 453 1941 D,
476 1901 635 1943 Sequana
652 1902 683 1933 B
697 1902 751 1934 Co
766 1902 830 1933 de.
1001 1902 1021 1935 2
1040 1902 1080 1933 de
1098 1901 1239 1933 Lutetia
1257 1901 1288 1932 B
1307 1900 1353 1941 (z’s
1369 1917 1416 1923 —-
1434 1898 1503 1940 cia)
1523 1910 1540 1930 e
1560 1899 1657 1930 ‘reli-

166 1951 259 1993 qzci’,
279 1951 451 1984 Lutetiam
470 1953 562 1984 And.
586 1953 702 1984 Ooeon.
725 1964 759 1984 ιι.
985 1953 1165 1995 deprensis
1184 1952 1258 1984 AB
1272 1952 1357 1992 CD,
1378 1951 1601 1994 deprehensis
1621 1962 1656 1984 u.

310 2004 328 2036 3
348 2004 484 2036 iniectis
504 2005 534 2036 B
555 2006 735 2046 ‘7·el2‘q11i'‚
757 2006 925 2048 impositis
946 2007 963 2037 b
978 2017 994 2036 c
1008 2006 1068 2037 de.
1241 2007 1261 2037 4
1279 2005 1321 2037 ad
1342 2005 1466 2037 bellum
1485 2010 1560 2037 erat
1579 2016 1658 2037 cum

168 2057 185 2088 b
204 2059 237 2087 el
255 2058 273 2090 2
291 2056 381 2087 (left.
402 2067 436 2087 u.
578 2058 594 2089 5
615 2057 747 2089 refacto
768 2059 811 2089 A.
955 2058 972 2089 6
993 2058 1233 2090 rescinderant
1253 2058 1284 2088 b.
1440 2057 1594 2088 traduxit
1611 2057 1655 2088 D.

311 2109 330 2140 8
349 2108 390 2140 ab
410 2109 462 2141 his
481 2109 523 2141 B.
668 2110 723 2152 qui
742 2110 775 2141 A
789 2110 874 2141 Cbe
895 2108 1067 2150 ίαἰιί“(μιθ.’,
1089 2109 1144 2151 qui
1164 2119 1182 2140 a
1202 2109 1262 2150 (B)
1276 2119 1312 2139 u.
1465 2106 1659 2139 ‘Melodone

169 2158 402 2192 etMedodone
419 2159 560 2201 alz'qui',
582 2170 612 2191 m
633 2160 765 2192 dodone
783 2171 891 2202 super
910 2161 1074 2192 lacunam
1089 2171 1184 2192 esec.
1198 2162 1380 2201 m.pose'ta
1396 2160 1447 2198 B,-
1467 2157 1660 2190 Metiosedo

170 2223 191 2245 α
205 2214 222 2244 b
236 2213 328 2244 ede.
483 2212 642 2253 fugerant
663 2213 848 2254 ‘plerique‘
868 2216 905 2243 et
919 2223 988 2244 see.
1008 2222 1055 2243 m.
1077 2213 1107 2243 B
1128 2212 1204 2254 (pr.
1225 2210 1414 2251 sugerent),
1436 2209 1661 2252 profugerant

172 2275 235 2295 eu.
395 2264 583 2296 incendunt
602 2265 620 2295 Ι)
635 2275 664 2296 e.
831 2264 849 2296 9
869 2264 1022 2306 proiecta
1042 2265 1165 2306 palude
1185 2274 1271 2306 cgo5
1291 2268 1469 2306 prospecta
1490 2262 1612 2304 palude
1631 2263 1662 2294 B

174 2317 347 2359 ‘relz'qui',
370 2317 515 2359 profecti
535 2328 554 2349 a
571 2318 695 2360 palude
715 2319 732 2349 l>
747 2318 825 2349 cde
844 2319 916 2357 (hic
933 2318 1001 2358 ab).
1023 2318 1063 2350 P.
1090 2317 1163 2350 100.
1374 2317 1414 2347 ad
1436 2316 1527 2357 ripas
1548 2315 1619 2347 AB
1635 2316 1662 2348 G

173 2370 312 2410 ‘5alt17⁷‚·
332 2370 363 2401 in
386 2371 475 2413 ripas
488 2382 518 2409 e,
539 2371 571 2401 in
591 2371 663 2412 ripa
676 2371 706 2410 b,
728 2370 760 2401 in
774 2370 856 2412 ripis
872 2380 906 2401 u.
1051 2369 1142 2402 ‘mex
1164 2368 1347 2410 regioneB
1361 2368 1456 2399 ‘mss
1472 2366 1516 2398 δ’.

172 2420 209 2452 11
232 2430 248 2451 a
269 2431 337 2452 om.
360 2421 391 2452 b.
533 2420 704 2461 Gergobia
724 2421 754 2452 B
773 2420 928 2451 ‘77111ll·i'.
1058 2420 1099 2454 12
1118 2425 1152 2451 et
1170 2430 1238 2451 οηι.
1261 2419 1290 2449 b.
1453 2416 1662 2448 adfereban-

174 2478 227 2504 tur
246 2473 287 2504 B.
472 2473 663 2515 conloquiis
683 2472 725 2504 B.
900 2471 939 2503 13
959 2470 1076 2511 Ligeri
1097 2471 1157 2511 (B)
1172 2471 1239 2502 CI)
1262 2471 1293 2503 ‘6
1312 2470 1410 2510 alii’,
1432 2479 1502 2500 non
1521 2468 1658 2509 Ligere.

318 2524 355 2555 14
375 2528 485 2556 autem
505 2535 574 2556 om.
597 2525 682 2556 bec.
828 2524 865 2556 15
887 2524 964 2565 quia
984 2528 1062 2554 ante
1083 2527 1180 2554 erant
1200 2523 1230 2553 B
1248 2523 1300 2564 (ῖς
1319 2522 1415 2563 anta)
1437 2522 1466 2553 D
1485 2524 1519 2552 et
1537 2532 1582 2552 m.
1602 2531 1660 2562 pr.

176 2575 214 2613 C,
237 2574 408 2615 quierant
427 2579 503 2607 ante
523 2586 552 2606 e.
715 2575 753 2607 1ss
772 2585 845 2606 cum
866 2575 1040 2606 Labienus
1060 2575 1090 2606 B
1111 2575 1207 2605 ‘mss-
1231 2574 1294 2606 10'.
1456 2573 1494 2605 17
1516 2583 1662 2604 commu-

175 2624 265 2655 tione
284 2635 444 2665 suprasc.
465 2636 482 2657 o
501 2626 624 2667 (super
642 2637 661 2657 u
677 2626 782 2668 puto)
803 2628 845 2658 21.
1009 2625 1051 2657 ‘18
1069 2625 1179 2667 adque
1198 2625 1239 2656 B.
1398 2623 1599 2665 adquireret
1617 2623 1657 2653 B.

318 2676 356 2709 19
376 2678 505 2719 proelio
526 2689 590 2719 quo
613 2679 651 2710 C.
834 2679 1047 2710 lacesserent
1062 2679 1209 2719 punctis
1230 2678 1328 2719 z'nsra
1348 2680 1383 2708 et
1400 2686 1511 2718 supra
1532 2687 1548 2707 n
1566 2678 1662 2721 pos-cj-

176 2728 223 2759 tis
241 2727 283 2757 B.
445 2728 653 2769 Agedincum
675 2727 795 2771 ‘ttzss.',
816 2730 1026 2772 Egedincnm
1049 2731 1087 2771 B,
1109 2735 1142 2762 et
1161 2731 1330 2770 integrum
1350 2730 1475 2770 (neque
1494 2729 1661 2769 deinceps

174 2780 367 2821 reduceret,
387 2781 448 2813 sed
465 2782 670 2822 lacesseret)
686 2783 739 2824 D,-
758 2782 970 2825 Agendicum
991 2793 1024 2814 u.
1236 2782 1278 2814 20
1300 2791 1373 2813 nam
1393 2791 1467 2812 cum
1487 2791 1526 2812 ex
1547 2780 1659 2811 altera

173 2836 267 2873 parte
286 2843 314 2863 c.
452 2832 491 2867 21
512 2842 666 2873 magnam
687 2833 719 2864 b.
860 2833 1074 2877 oppinioncm
1094 2833 1135 2865 B.
