1835 3240
125 183 207 229 336
655 182 728 225 DE
760 181 951 225 BELLO
981 180 1231 226 GALLICO

201 296 345 348 ueriti,
379 310 542 351 quorum
572 310 691 350 agros
713 302 989 345 uexauerant,
1023 309 1230 338 remanere
1259 311 1303 338 se
1334 297 1434 352 apud
1465 311 1553 338 eum
1575 296 1677 338 uelle

203 367 405 407 dixerunt.
448 365 522 405 His
547 363 700 404 Caesar
721 364 943 403 libertatem
966 364 1178 403 concessit.

126 434 178 479 16
313 432 551 474 Germanico
573 431 671 471 bello
695 432 873 470 confecto
900 431 1030 471 multis
1054 431 1100 471 de
1123 431 1251 471 causis
1274 428 1425 473 Caesar
1445 432 1582 473 statuit
1603 431 1677 472 sibi

200 502 382 544 Rhenum
407 514 494 540 esse
517 498 823 548 transeundum,
852 513 1013 551 quarum
1031 499 1098 539 illa
1111 499 1422 548 suitiustissima,
1448 501 1563 553 quod,
1590 513 1676 539 cum

199 571 352 611 uideret
377 567 598 608 Germanos
621 573 697 605 tam
721 566 833 606 facile
854 566 1022 620 impelli,
1049 574 1088 606 ut
1108 566 1147 606 in
1171 565 1338 607 Galliam
1362 567 1567 617 uenirent,
1591 567 1673 607 suis

202 650 356 691 quoque
378 636 495 675 rebus
518 648 584 674 eos
607 634 746 674 timere
767 635 915 684 uoluit,
950 649 1036 674 cum
1058 634 1331 689 intellegerent
1355 641 1390 675 et
1414 649 1528 688 posse
1550 642 1589 675 et
1608 649 1678 675 au-

152 705 180 746 2
202 706 294 746 dere
316 703 443 758 populi
465 701 635 742 Romani
659 702 878 742 exercitum
899 701 1081 743 Rhenum
1106 703 1291 743 transire.
1338 703 1522 742 Accessit
1543 703 1674 752 etiam,

200 773 303 827 quod
335 771 403 811 illa
433 784 522 823 pars
545 770 740 823 equitatus
770 769 977 824 Vsipetum
1010 778 1049 811 et
1077 770 1391 819 Tencterorum,
1426 784 1537 822 quam
1560 783 1680 823 supra

200 838 505 880 commemoraui
536 837 746 892 praedandi
779 838 1118 892 frumentandique
1150 853 1267 879 causa
1297 836 1453 878 Mosam
1485 836 1678 877 transisse

201 921 327 960 neque
349 906 497 960 proelio
519 906 768 955 interfuisse,
794 913 882 959 post
904 907 1034 959 fugam
1056 921 1212 946 suorum
1237 920 1280 946 se
1302 912 1412 945 trans
1434 904 1618 945 Rhenum
1638 905 1680 944 in

152 975 178 1017 3
201 977 297 1016 fines
312 972 618 1028 Sugambrorum
639 980 846 1027 receperat
866 987 985 1026 seque
1007 989 1091 1014 cum
1113 974 1161 1014 iis
1185 973 1461 1014 coniunxerat.
1494 970 1559 1011 Ad
1581 985 1679 1024 quos

201 1057 286 1083 cum
311 1040 463 1083 Caesar
484 1042 641 1081 nuntios
664 1041 862 1091 misisset,
889 1042 953 1094 qui
976 1042 1247 1095 postularent,
1274 1055 1341 1081 eos
1357 1072 1367 1091 ,
1403 1041 1466 1093 qui
1490 1040 1562 1080 sibi
1585 1037 1682 1079 Gal-

152 1111 180 1152 4
201 1111 354 1163 liaeque
376 1109 519 1149 bellum
549 1109 803 1157 intulissent,
839 1109 913 1149 sibi
936 1109 1149 1159 dederent,
1183 1109 1496 1163 responderunt:
1539 1105 1681 1160 Populi

200 1178 371 1219 Romani
393 1176 600 1231 imperium
621 1175 803 1216 Rhenum
828 1176 964 1217 finire:
999 1177 1033 1216 si
1064 1191 1107 1217 56
1129 1177 1254 1217 inuito
1276 1175 1498 1216 Germanos
1521 1175 1562 1215 in
1586 1173 1681 1214 Gal-

199 1246 289 1286 liam
312 1245 486 1286 transire
509 1258 586 1284 non
610 1258 773 1297 aequum
797 1244 1072 1293 existimaret,
1097 1258 1167 1284 cur
1189 1245 1250 1284 sui
1273 1245 1477 1297 quicquam
1501 1256 1589 1283 esse
1611 1242 1682 1281 im-

152 1312 177 1354 5
199 1314 296 1368 perii
319 1319 386 1353 aut
408 1312 614 1366 potestatis
638 1318 749 1351 trans
771 1310 954 1351 Rhenum
977 1311 1221 1365 postularet?
1244 1311 1335 1352 Vbii
1358 1317 1502 1359 autem,
1528 1309 1592 1362 qui
1614 1309 1682 1349 uni

199 1395 251 1422 ex
271 1379 593 1420 TransrhenaniS
616 1379 663 1419 ad
686 1376 899 1419 Caesarem
921 1379 1074 1432 legatos
1098 1380 1310 1428 miserant,
1343 1378 1556 1418 amicitiam
1578 1378 1683 1418 fece-

199 1456 305 1499 rant,
331 1448 486 1488 obsides
510 1447 720 1495 dederant,
746 1460 984 1501 magnopere
1007 1446 1198 1497 orabant,
1231 1453 1275 1487 ut
1295 1446 1369 1487 sibi
1392 1445 1582 1486 auxilium
1605 1445 1681 1485 fer-

151 1515 178 1557 6
199 1523 275 1564 ret,
301 1516 400 1569 quod
423 1515 601 1569 grauiter
623 1515 669 1555 ab
694 1512 838 1555 Sueuis
862 1522 1159 1568 premerentur3
1194 1515 1272 1565 uel,
1298 1514 1330 1554 si
1352 1515 1389 1555 id
1411 1516 1542 1554 facere
1566 1526 1683 1553 occu-

199 1584 422 1639 pationibus
461 1583 699 1637 reipublicae
739 1583 1039 1637 prohiberetur,
1086 1584 1305 1624 exercitum
1352 1582 1466 1622 modo
1501 1580 1683 1622 Rhenum

198 1658 512 1707 transportaret:
553 1651 590 1691 id
613 1651 687 1692 sibi
711 1652 768 1691 ml
786 1651 980 1691 auxilium
1003 1665 1189 1704 spemque
1211 1650 1352 1703 reliqui
1376 1649 1560 1703 temporis
1583 1647 1681 1688 satis

150 1719 176 1761 7
199 1721 389 1760 futurum.
450 1719 622 1760 Tantum
655 1733 743 1759 esse
775 1732 917 1759 nomen
949 1725 1064 1772 atque
1097 1718 1319 1772 opinionem
1352 1718 1436 1758 eius
1478 1717 1680 1757 exercitus

197 1787 403 1827 Ariouisto
435 1787 545 1840 pulso
580 1794 619 1827 et
649 1787 722 1826 hoc
754 1787 968 1827 nouissimo
1001 1787 1152 1841 proelio
1185 1788 1286 1826 facto
1319 1786 1433 1825 etiam
1456 1785 1504 1825 ad
1527 1784 1682 1824 ultimas

201 1854 493 1896 Germanorum
516 1854 713 1906 nationes,
739 1856 795 1895 uti
818 1856 1000 1909 opinione
1023 1861 1061 1894 et
1083 1855 1251 1894 amicitia
1275 1853 1405 1908 populi
1420 1852 1588 1892 Romani
1611 1851 1682 1892 tuti

152 1922 179 1964 8
201 1937 289 1964 esse
312 1923 478 1977 possint.
521 1921 697 1963 Nauium
720 1937 900 1977 magnam
924 1923 1073 1977 copiam
1097 1923 1142 1963 ad
1166 1921 1512 1976 transportandum
1530 1920 1684 1961 exerci-

123 1990 178 2035 17
200 1998 280 2031 tum
303 1990 605 2045 pollicebantur.
631 1988 783 2032 Caesar
796 1991 854 2032 his
878 1992 924 2031 de
947 1991 1092 2041 causis,
1119 2005 1214 2044 quas
1229 1989 1548 2039 commemoraui,
1573 1987 1683 2028 Rhe-

199 2073 293 2100 num
316 2060 489 2101 transire
512 2060 769 2110 decreuerat,
803 2059 871 2099 sed
903 2059 1070 2099 nauibus
1099 2059 1270 2098 transire
1293 2071 1418 2110 neque
1441 2057 1535 2097 satis
1558 2063 1682 2096 tutum

201 2141 289 2168 esse
312 2127 592 2178 arbitrabatur,
617 2141 743 2181 neque
764 2141 859 2168 suae
881 2141 1008 2180 neque
1030 2127 1159 2180 populi
1179 2125 1349 2165 Romani
1371 2124 1570 2178 dignitatis
1593 2137 1683 2164 esse

154 2195 182 2237 2
202 2195 415 2236 statuebat.
467 2194 604 2250 Itaque
620 2227 630 2247 ,
655 2196 730 2236 etsi
751 2209 900 2236 summa
922 2195 1124 2236 difficultas
1147 2193 1315 2234 faciendi
1337 2192 1467 2247 pontis
1490 2204 1684 2245 propone-

342 2317 363 2349 2
382 2316 495 2357 hiiss.
635 2318 655 2349 4
673 2327 750 2348 6556
768 2326 837 2348 om.
856 2327 902 2348 m.
918 2326 976 2358 pr.
997 2316 1028 2347 b.
1169 2314 1186 2345 5
1206 2315 1237 2346 iu
1257 2325 1324 2346 om.
1345 2314 1392 2345 D.
1555 2313 1575 2344 8
1594 2310 1684 2344 Ten-

201 2372 373 2399 cterorum
392 2369 422 2399 B
438 2369 529 2407 CD,·
549 2367 818 2400 Tenctherorum
837 2368 928 2409 ΛΕ,
951 2367 1263 2408 Tenetherorums.
1395 2366 1413 2398 9
1433 2365 1617 2396 memoraui
1636 2365 1681 2396 A.

348 2418 384 2450 11
416 2418 680 2457 Sugambrorum
705 2420 995 2461 ABCDEfet
1017 2429 1075 2460 ap.
1106 2418 1271 2450 Orosz'um
1298 2416 1363 2457 VJ,
1392 2416 1590 2457 Opleriqne
1615 2414 1684 2445 Ha-

202 2471 389 2510 uercampc'
405 2472 439 2500 et
454 2470 656 2510 Porlensz‘s,
680 2469 935 2511 Sigambrorum
956 2480 988 2501 ll.
1130 2467 1187 2510 iis]
1206 2468 1339 2511 populis
1349 2468 1386 2508 s.
1553 2466 1593 2500 12
1612 2475 1685 2496 cum

202 2531 270 2553 om.
293 2531 328 2552 a.
470 2521 510 2553 15
530 2522 709 2563 quicquam
728 2523 771 2554 B.
942 2522 982 2554 16
1001 2520 1065 2552 Vbi
1084 2522 1126 2552 B.
1314 2520 1353 2552 17
1373 2519 1503 2560 legatos
1522 2528 1591 2550 om.
1612 2518 1682 2559 es,

203 2576 288 2605 ante
306 2573 347 2604 ad
365 2572 546 2604 Caesarem
562 2576 670 2614 ponit
688 2574 719 2605 b.
907 2574 947 2605 10
967 2584 983 2605 a
1003 2573 1125 2604 Sueuis
1142 2573 1174 2604 D
1187 2573 1228 2604 E.
1413 2572 1454 2603 ‘20
1477 2570 1684 2613 reipublicae

202 2633 224 2654 α
237 2624 254 2654 b
268 2623 401 2664 edes,
431 2624 543 2665 populi
562 2623 703 2655 Romani
722 2624 792 2656 AB
805 2624 875 2656 ΟΕ
895 2623 1047 2655 ‘cererin
1224 2621 1263 2654 21
1286 2622 1325 2652 ad
1344 2622 1531 2663 suppleuit
1544 2621 1678 2661 Aldus,

203 2685 273 2707 om.
293 2675 368 2706 AB
382 2675 531 2716 CDEs
545 2675 743 2717 ‘plerique'.
883 2677 926 2710 22
947 2673 1080 2716 nomen]
1101 2673 1187 2716 apud
1208 2684 1265 2705 eos
1284 2673 1365 2704 add.
1386 2684 1406 2704 α
1421 2673 1542 2705 bede.

203 2726 277 2758 eius
296 2724 482 2767 exereitus]
503 2726 675 2757 exercitus
695 2725 835 2757 Romani
855 2736 875 2757 α
890 2727 907 2757 b
920 2726 1008 2757 cde.
1149 2725 1190 2759 23
1209 2725 1387 2756 Ariouixto
1406 2735 1451 2756 m.
1470 2734 1527 2766 pr.
1546 2724 1589 2756 B.

205 2780 247 2813 25
267 2778 309 2810 ad
328 2779 627 2820 transportandum
648 2777 798 2810 Rhenum
818 2778 1007 2810 exercitum
1027 2778 1057 2809 b.
1202 2777 1245 2809 ‘27
1264 2780 1347 2808 ante
1367 2787 1473 2818 neque
1491 2776 1573 2809 add.
1594 2786 1630 2809 se
1649 2776 1680 2808 b.

349 2829 392 2864 28
406 2833 509 2872 prius
529 2841 604 2862 esse
624 2841 692 2862 om.
711 2831 743 2862 E
756 2831 787 2862 b.
1009 2829 1265 2862 arbitrabantur
1282 2832 1364 2862 ante
1382 2839 1475 2862 corr.
1494 2830 1537 2862 Β.

207 2881 250 2916 29
270 2879 418 2913 faciendi
436 2882 468 2913 A
482 2880 544 2923 (B)
560 2881 710 2923 CDEf
723 2881 845 2924 ‘mss.'‚
867 2880 1016 2913 faciundi
1036 2891 1070 2914 u.

1712 909 1753 942 10

1714 1248 1754 1281 15
