1835 3240
102 892 144 925 10

100 1229 140 1262 15

95 1570 138 1605 20

97 1910 140 1944 25

745 155 932 200 CAPVT
951 155 1097 197 4—8.
1654 157 1737 201 627

181 274 253 315 bus
274 270 465 319 exclusis,
490 284 588 324 quae
610 270 656 311 ab
678 271 762 326 ipso
784 271 1037 320 tenebantur,
1061 281 1185 323 aquae
1198 282 1376 322 magnam
1390 270 1468 309 uim
1490 284 1542 311 ex
1563 272 1662 312 mari

181 341 278 382 rotis
300 354 345 380 ac
367 339 718 380 machinationibus
742 340 966 394 exprimere
989 337 1214 378 contendit:
1241 336 1341 376 hanc
1364 336 1460 377 locis
1483 340 1662 392 superio-

182 409 289 450 ribus
322 407 486 449 fundere
516 408 556 447 in
587 416 736 462 partem
759 405 947 448 Caesaris
978 420 1057 447 non
1087 403 1389 446 intermittebat.
1452 401 1580 455 Quam
1613 407 1660 447 ob
1681 407 1707 447 2

177 490 334 518 causam
356 476 500 516 salsior
529 476 644 530 paulo
675 482 832 530 praeter
862 474 1184 515 consuetudinem
1217 487 1318 526 aqua
1349 471 1580 512 trahebatur
1610 488 1662 514 ex

178 544 369 600 proximis
392 543 578 584 aedificiis
600 556 857 596 magnamque
879 542 1100 582 hominibus
1122 541 1417 582 admirationem
1432 539 1657 593 praebebat,

178 627 292 666 quam
315 612 363 653 ob
385 626 468 652 rem
490 612 528 652 id
551 611 785 660 accidisset3
824 625 897 650 nec
919 611 1015 650 satis
1037 609 1112 650 sibi
1133 609 1205 663 ipsi
1229 607 1439 649 credebant
1454 638 1464 657 ‚
1499 622 1586 648 cum
1617 622 1660 649 se
1682 608 1706 648 3

175 681 384 721 inferiores
408 679 578 720 eiusdem
601 678 759 732 generis
782 691 826 718 ac
848 678 1001 733 saporis
1023 691 1123 731 aqua
1145 677 1322 717 dicerent
1339 676 1412 727 uti,
1436 683 1552 729 atque
1570 682 1663 717 ante

177 754 464 797 consuessent,
488 748 686 800 uulgoque
707 746 811 786 inter
831 759 875 787 se
897 745 1154 787 conferebant
1174 752 1214 786 et
1235 744 1477 798 degustando
1491 775 1502 795 ‚
1537 758 1660 798 quan-

179 824 257 856 tum
278 816 383 857 inter
404 829 446 856 se
469 815 672 855 differrent
694 828 833 868 aquae,
859 814 1163 869 cognoscebant.
1199 812 1333 853 Paruo
1355 826 1450 853 uero
1473 812 1659 867 temporis
1681 812 1708 854 4

176 885 303 939 spatio
327 883 423 925 haec
455 883 614 937 propior
634 883 712 923 bibi
734 883 893 923 omnino
915 897 993 922 non
1017 887 1195 936 poterat,
1227 880 1294 920 illa
1324 881 1490 921 inferior
1520 894 1659 921 corru-

174 953 277 1006 ptior
297 951 373 992 iam
395 952 615 1004 salsiorque
638 951 926 1004 reperiebatur.
990 947 1078 1002 Quo
1111 949 1214 989 facto
1244 948 1485 989 dubitatione
1507 948 1659 990 sublata
1680 950 1708 994 ’7

172 1026 303 1060 tantus
325 1019 490 1059 incessit
513 1019 644 1068 timor,
670 1025 711 1058 ut
731 1018 778 1059 ad
801 1025 1023 1059 extremum
1047 1031 1181 1058 casum
1204 1015 1365 1070 periculi
1387 1030 1524 1057 omnes
1539 1018 1660 1058 dedu-

174 1086 226 1127 cti
248 1087 501 1137 uiderentur,
537 1093 652 1139 atque
685 1086 750 1126 alii
781 1086 926 1127 morari
949 1083 1164 1127 Caesarem
1188 1085 1389 1133 dicerent,
1424 1084 1515 1136 quin
1537 1099 1660 1126 naues

173 1155 442 1196 conscendere
462 1155 641 1205 iuberet,
674 1154 740 1195 alii
771 1155 894 1195 multo
924 1154 1084 1208 grauius
1117 1153 1423 1193 extimescerent
1457 1152 1658 1206 [casum],

173 1223 275 1276 quod
306 1237 433 1276 neque
463 1223 585 1264 celari
608 1222 874 1264 Alexandrini
908 1228 1072 1276 possent
1099 1222 1140 1262 in
1162 1221 1388 1275 apparanda
1419 1220 1536 1274 fuga,
1573 1233 1661 1260 cum

174 1299 252 1332 tam
274 1305 398 1345 paruo
420 1292 546 1345 spatio
569 1292 764 1332 distarent
784 1290 831 1331 ab
853 1290 964 1344 ipsis,
991 1304 1118 1343 neque
1139 1289 1217 1330 illis
1239 1288 1521 1329 inminentibus
1543 1294 1661 1342 atque

174 1359 472 1413 insequentibus
494 1360 594 1400 ullus
616 1360 656 1400 iu
680 1373 801 1400 naues
822 1366 1005 1412 receptus
1028 1359 1200 1399 daretur.
1244 1356 1345 1397 Erat
1365 1363 1494 1397 autem
1515 1370 1659 1411 magua
1678 1355 1706 1398 2

173 1427 378 1468 multitudo
394 1428 672 1482 oppidanorum
695 1428 736 1468 in
757 1435 868 1482 parte
884 1425 1090 1477 Caesaris,
1115 1440 1229 1480 quam
1253 1424 1460 1466 domiciliis
1482 1425 1658 1479 ipsorum

173 1509 250 1535 non
272 1502 474 1546 mouerat,
508 1497 609 1549 quod
644 1510 690 1536 ea
721 1509 764 1537 se
787 1496 937 1536 fidelem
961 1495 1088 1550 palam
1111 1493 1258 1535 nostris
1281 1507 1369 1534 esse
1391 1492 1600 1535 simulabat
1622 1500 1661 1534 et

172 1564 387 1604 desciuisse
409 1578 432 1603 a
452 1565 534 1605 suis
559 1564 787 1605 uidebatur:
812 1572 855 1605 ut
875 1564 970 1605 mihi
992 1562 1228 1604 defendendi
1246 1560 1660 1603 essentAlexandrini

171 1645 298 1685 neque
321 1632 478 1673 fallaces
502 1647 591 1673 esse
614 1647 740 1687 neque
763 1633 979 1682 temerarii,
1003 1632 1203 1685 multaque
1225 1630 1354 1671 oratio
1376 1629 1523 1670 frustra
1544 1630 1661 1671 absu-

170 1707 368 1750 meretur3
404 1714 489 1740 cum
520 1715 616 1742 uero
641 1716 717 1742 uno
741 1709 917 1756 tempore
939 1707 977 1741 et
1000 1700 1107 1740 natio
1131 1713 1268 1740 eorum
1290 1705 1330 1739 et
1351 1704 1490 1738 natura
1513 1712 1659 1752 cogno·
1680 1698 1706 1739 3

170 1774 327 1818 scatur,
361 1768 601 1822 aptissimum
633 1783 722 1810 esse
746 1769 818 1809 hoc
839 1782 964 1823 genus
988 1769 1035 1809 ad
1057 1767 1318 1822 proditionem
1342 1766 1520 1806 dubitare
1543 1780 1659 1807 nemo

171 1843 317 1891 potest.
344 1833 498 1877 Caesar
520 1851 682 1878 suorum
704 1837 885 1878 timorem
908 1836 1179 1877 consolatione
1201 1842 1240 1876 et
1260 1835 1414 1875 ratione
1436 1834 1652 1875 minuebat.
1676 1834 1706 1879 8

171 1902 277 1944 Nam
300 1905 426 1958 puteis
449 1906 567 1946 fossis
590 1920 728 1959 aquam
752 1906 903 1946 dulcem
924 1904 1091 1959 reperiri
1115 1917 1231 1958 posse
1243 1902 1486 1943 adfirmabat.
1513 1900 1659 1944 Omnia

171 1971 287 2011 litora
309 1973 544 2013 naturaliter
565 1987 692 2027 aquae
715 1973 839 2013 dulcis
861 1987 984 2014 uenas
1007 1973 1165 2013 habere.
1227 1969 1342 2024 Quod
1374 1970 1408 2010 si
1439 1970 1517 2010 alia
1550 1978 1658 2011 esset
1678 1971 1706 2012 2

170 2039 297 2080 litoris
318 2039 507 2095 Aegyptii
530 2048 671 2081 natura
692 2048 809 2095 atque
831 2041 1002 2081 omnium
1021 2040 1279 2093 reliquorum,
1305 2047 1450 2089 tamen,
1475 2039 1659 2091 quoniam

168 2122 278 2149 mare
299 2108 423 2149 libere
446 2116 656 2161 tenerent,
688 2123 816 2163 neque
848 2109 984 2150 hostes
1018 2108 1184 2149 classem
1207 2107 1422 2156 haberent,
1459 2106 1659 2161 prohiberi

311 2195 333 2227 4
351 2204 487 2226 causam
506 2205 526 2227 α
541 2195 570 2235 b,
593 2205 664 2227 rem
682 2206 718 2228 u.
862 2195 880 2227 6
900 2204 970 2226 rem
989 2204 1010 2225 a
1024 2194 1053 2234 b,
1076 2202 1212 2224 causam
1231 2203 1266 2224 u.
1408 2190 1425 2223 7
1446 2191 1605 2232 diget-ent
1621 2202 1654 2233 α,

170 2245 368 2287 digererent
385 2247 415 2277 b.
556 2252 659 2279 antea
680 2248 709 2279 b.
852 2248 872 2279 8
885 2250 1115 2278 consuescent
1132 2255 1211 2277 cum
1227 2246 1363 2286 puncto
1381 2244 1445 2275 sub
1460 2244 1578 2277 altera
1592 2256 1608 2277 c
1620 2255 1656 2277 a.

312 2298 331 2330 9
352 2296 512 2329 dill'erent
529 2309 562 2330 α.
753 2297 789 2330 11
812 2298 877 2329 iam
895 2308 964 2329 om.
988 2298 1017 2328 b.
1197 2295 1460 2338 repperiebatur
1476 2306 1511 2327 a.

169 2349 209 2381 14
227 2349 386 2380 iuberent
404 2360 437 2380 a.
578 2349 717 2389 grauius
738 2348 852 2390 codd„
874 2350 1069 2389 grauiorem
1088 2347 1127 2378 P.
1148 2346 1334 2378 Manutius
1352 2356 1388 2378 u.
1540 2356 1657 2380 casum

168 2400 220 2431 M.
238 2400 390 2442 Hauptll
405 2410 513 2432 suasu
534 2400 677 2431 inclusi.
699 2400 738 2431 P.
761 2400 838 2432 1239.
1023 2399 1062 2431 15
1082 2398 1308 2430 Alexandrini
1327 2408 1387 2438 ac,
1407 2397 1655 2432 Alexandrinis

173 2451 351 2492 ‘7·el1'quz'⁷.
490 2451 667 2494 possiuta.
812 2450 961 2483 millia.
1106 2449 1352 2481 inminentibus
1362 2460 1396 2480 a.
1533 2450 1573 2482 19
1590 2460 1655 2482 non

171 2507 313 2534 nouerat
330 2513 364 2534 α.
504 2504 547 2537 20
567 2508 603 2534 ut
621 2502 700 2534 mihi
720 2513 740 2534 α
760 2505 795 2534 et
812 2502 942 2543 reliqui
954 2501 1130 2543 plerique,
1154 2505 1189 2532 ut
1207 2502 1235 2533 si
1254 2500 1335 2532 mihi
1354 2500 1393 2532 P.
1411 2500 1600 2533 Manutius
1618 2512 1653 2534 u.

310 2555 349 2589 21
373 2566 481 2597 neque
509 2554 655 2587 fallaces
681 2554 804 2594 codsa,
834 2554 920 2596 quod
949 2564 1056 2595 neque
1084 2552 1228 2584 fallaces
1247 2563 1269 2583 u
1289 2551 1431 2592 (faciles
1452 2551 1508 2593 b).

170 2615 246 2636 esse
265 2615 340 2646 ego,
363 2611 481 2638 essent
499 2606 599 2638 codd.
785 2605 947 2637 temerari
966 2614 999 2635 α.
1182 2603 1356 2646 multaque
1375 2614 1396 2635 a
1410 2604 1427 2635 b
1440 2614 1467 2644 c,
1489 2604 1595 2636 multa
1613 2614 1648 2637 u.

311 2654 353 2689 23
372 2655 526 2688 dubitare
547 2667 641 2688 nemo
661 2667 681 2688 α
701 2656 922 2698 Stephanus,
955 2665 1049 2686 nemo
1069 2655 1226 2687 dubitare
1246 2654 1409 2696 reliquae
1427 2654 1507 2686 edd.

168 2707 211 2739 24
230 2706 478 2748 consolatione]
498 2708 682 2740 collatione
702 2709 757 2740 bc.
896 2709 938 2743 25
958 2712 1080 2750 puteus
1100 2717 1134 2739 α.
1278 2706 1424 2748 reperiri
1443 2716 1543 2748 posse
1561 2716 1582 2738 a
1601 2706 1650 2748 (is

170 2757 281 2799 repp.)
299 2757 516 2799 Stephanus,
538 2769 637 2800 posse
654 2759 798 2802 reperiri
817 2759 976 2800 reliquae
994 2758 1072 2790 edd.
1251 2756 1453 2789 adfirmabat
1470 2767 1504 2788 a.

170 2809 281 2840 omnia
299 2820 333 2850 a,
354 2809 464 2840 omnia
482 2810 570 2842 enim
589 2810 667 2843 edd.
804 2812 847 2847 27
866 2811 1011 2855 Aegypti
1029 2821 1051 2843 α
1071 2815 1167 2843 ‘mss.
1188 2808 1285 2852 ΨΜ)
1408 2810 1451 2843 28
1470 2809 1649 2852 habereut]

169 2864 327 2892 tenerent
344 2870 376 2901 a,
398 2870 467 2892 om.
489 2861 519 2892 b.
659 2862 836 2905 prohibere
855 2873 875 2894 a
893 2863 924 2894 b.

1336 2912 1392 2955 40
1404 2913 1423 2935 ⁸
