1835 3240
669 162 1094 203 —171—

147 299 208 333 eo,
233 282 295 335 qui
320 278 471 334 ‘paene'
496 291 574 317 non
596 276 644 317 ad
670 275 882 326 ‘insul-dns,
909 277 975 316 sed
999 277 1046 315 ad
1071 275 1230 315 uerbum
1246 276 1443 328 pertinere
1461 278 1628 318 arbitra-

145 359 266 391 retur.
311 345 525 400 Superiora
546 344 666 384 uerba
688 351 871 397 corrupta
893 357 981 384 esse
1004 343 1104 383 idem
1129 340 1366 383 Ciaeconius
1391 345 1502 393 uidit,
1535 346 1630 385 nihil

145 427 289 466 tamen,
315 414 416 468 quod
439 412 640 467 probabile
663 411 788 452 uideri
811 412 947 465 possit,
974 412 1117 452 effecit.
1152 409 1265 463 Quod
1289 411 1408 450 uerba
1432 409 1504 451 ‘lv
1527 412 1630 452 bire-

142 499 224 525 mes
247 485 285 523 iu
308 481 533 522 interiorem
557 487 706 534 partem
730 479 926 519 traduxit'
949 480 1033 520 sine
1056 480 1194 532 copula
1216 480 1498 532 adiunguntur,
1534 479 1632 519 indi-

143 553 202 592 cio
225 558 286 591 est
309 551 404 590 11366
429 564 514 589 cum
537 547 809 603 superioribus
834 547 965 587 uerbis
980 562 1095 588 unam
1110 547 1287 587 effecisse
1301 547 1628 587 enuntiationem.

140 619 284 672 Neque
307 632 417 668 uero,
443 618 476 658 si
498 618 581 671 quis
604 622 769 670 poneret
793 620 847 654 ‘et
870 623 1054 668 quattuor
1075 616 1245 656 biremes
1268 640 1315 645 —--
1342 616 1382 655 in
1403 615 1633 655 interiorem

142 697 292 742 partem
322 685 529 735 traduxit',
561 685 661 737 quod
684 681 845 724 Clarkio
875 682 1001 722 uisum
1024 691 1099 732 est,
1125 684 1327 736 superiora
1350 690 1460 724 recta
1481 689 1631 723 essent.

142 754 249 795 Nam
273 769 357 794 cum
380 754 502 793 moles
526 753 723 793 diceretur
753 753 931 800 obiecta,
968 766 1047 791 non
1077 759 1233 805 poterat
1263 752 1312 791 iis
1345 751 1475 792 uerbis
1498 765 1634 804 super-

143 823 231 864 addi
253 822 486 862 adiectiuum
512 820 747 870 ‘naturalis',
773 820 842 860 sed
867 820 1005 860 ‘moles
1029 820 1265 860 naturaliter
1280 820 1444 859 obiecta'
1468 819 1635 859 dicenda

144 898 243 931 erat.
288 888 426 943 Itaque
454 890 509 929 ita
538 889 725 943 scriptum
750 889 872 928 fuisse
895 888 1079 928 arbitror:
1118 888 1346 941 ‘eodemque
1375 895 1550 942 tempore
1583 901 1635 927 ex

143 959 268 999 altera
290 965 400 1012 parte
422 956 524 996 mole
546 957 655 996 tenui
679 957 914 997 naturaliter
935 955 1088 996 obiecta
1110 981 1164 985 —
1186 963 1370 1009 quattuor
1392 957 1561 996 biremes
1581 980 1636 986 —

142 1027 184 1067 in
204 1027 435 1067 interiorem
457 1032 607 1079 partem
633 1024 836 1065 traduxit⁷.
871 1023 938 1064 Ex
961 1024 1020 1064 his
1044 1038 1104 1073 ea,
1131 1038 1227 1076 quae
1252 1025 1567 1079 nuucleguntur,
1583 1024 1638 1064 ita

144 1101 229 1135 orta
251 1101 365 1144 sunt,
399 1101 440 1134 ut
461 1093 627 1148 primum
650 1093 783 1133 exitus
806 1093 1086 1132 uocabulorum
1121 1093 1251 1132 ‘tenui
1274 1093 1526 1133 naturaliter'
1550 1107 1639 1146 per-

144 1169 410 1213 mutarentur,
446 1161 544 1215 quod
576 1160 666 1200 item
699 1161 736 1201 b.
765 1159 869 1201 Gall.
896 1159 970 1210 VI,
1003 1160 1074 1211 21,
1107 1158 1131 1200 5
1164 1162 1393 1201 factumest
1420 1162 1461 1201 in
1491 1161 1637 1214 optimo

147 1228 370 1284 Bong.pr.,
397 1237 438 1270 ut
463 1230 662 1270 ‘feminam
687 1229 863 1269 notitiae⁷
887 1229 1143 1279 scriberetur,
1169 1243 1253 1268 cum
1278 1229 1638 1269 deberet‘feminae

148 1299 356 1339 notitiam'.
384 1297 536 1338 Deinde
550 1313 636 1338 cum
649 1312 718 1352 pro
735 1297 910 1338 ‘tenuis’
932 1298 959 1338 i.
977 1312 1012 1338 e.
1031 1296 1231 1337 ‘tenuiter'
1245 1297 1434 1350 scriptum
1447 1304 1554 1337 esset
1567 1302 1640 1337 ‘te-

152 1365 248 1406 nuit'
278 1366 392 1419 idque
424 1365 586 1405 uerbum
610 1366 825 1415 uideretur,
851 1366 1067 1405 accusatiui
1101 1366 1263 1406 ‘molem
1288 1366 1508 1406 naturalem
1533 1365 1640 1405 obie-

153 1434 265 1474 ctam'
281 1433 399 1476 efficti
431 1440 539 1473 sunt,
575 1430 684 1484 Quos
707 1433 958 1473 accusatiuos
981 1433 1068 1473 ideo
1092 1448 1168 1473 non
1192 1434 1353 1483 retinui,
1381 1434 1468 1487 qnia
1487 1434 1640 1473 adiecto

150 1502 260 1551 loco,
293 1503 333 1542 in
365 1515 478 1554 quem
511 1500 657 1553 aliquid
687 1500 906 1540 traductum
930 1508 1051 1549 esset,
1084 1499 1241 1540 Latinis
1273 1502 1407 1541 durum
1432 1502 1558 1541 uisum
1582 1507 1642 1541 est

149 1570 338 1623 duplicem
371 1569 639 1609 accusatiuum
672 1581 843 1621 ponere,
880 1569 947 1608 sed
979 1576 1045 1608 aut
1076 1583 1120 1608 ea
1155 1570 1278 1609 forma
1303 1570 1360 1609 nsi
1385 1576 1492 1616 sunt,
1528 1582 1642 1621 quam

149 1637 260 1691 posui
291 1637 472 1688 (eandem
506 1643 635 1676 autem
659 1636 803 1676 habent
825 1636 919 1676 llaec
941 1634 1048 1676 Liuii
1071 1635 1258 1684 XXXV,
1283 1637 1338 1677 48
1363 1642 1372 1660 ‘
1389 1636 1560 1690 equitum
1583 1636 1644 1675 in-

149 1704 431 1744 numerabilem
453 1704 530 1743 uim
554 1704 666 1744 traici
682 1703 940 1758 Hellesponto
962 1704 1002 1744 in
1014 1704 1264 1758 Europam'),
1291 1712 1356 1745 aut
1377 1706 1518 1754 altera,
1544 1718 1643 1757 quae

150 1779 211 1813 est
241 1773 340 1826 apud
375 1769 494 1812 Caes.
526 1772 563 1812 b.
600 1770 704 1812 Gall.
729 1771 763 1823 I,
789 1772 857 1822 35,
893 1772 917 1812 3
951 1777 1026 1813 ‘ne
1058 1788 1172 1826 quam
1203 1773 1490 1814 multitudinem
1522 1772 1645 1813 homi·

150 1855 241 1880 num
265 1840 428 1893 amplius
451 1847 562 1879 trans
583 1838 767 1880 Rhenum
790 1841 831 1880 in
850 1838 1020 1880 Galliam
1042 1841 1295 1882 traduceret'.
1333 1840 1514 1894 Denique
1540 1847 1644 1880 ‘scu-

152 1907 262 1958 tula',
288 1908 428 1962 quibus
451 1922 573 1949 naues
596 1909 800 1949 traductae
824 1910 1023 1959 dicuntur,
1049 1909 1176 1962 qualia
1200 1910 1390 1956 fuissent,
1416 1923 1532 1949 nemo
1555 1922 1647 1962 pro-

150 1976 334 2018 babiliter
355 1977 583 2030 explicauit.
627 1975 716 2018 Hoc
748 1992 899 2032 quoque
926 1979 1150 2018 emendauit
1173 1976 1412 2018 ciacconius
1444 1977 1601 2018 suculas
1624 1990 1646 2015 a

153 2043 329 2086 Caesare
350 2045 499 2098 positas
523 2060 610 2087 esse
633 2047 794 2088 docens.
830 2044 1003 2087 Suculae
1026 2047 1127 2087 enim
1153 2053 1268 2087 erant
1289 2046 1328 2085 in
1351 2046 1542 2086 machinis
1565 2051 1646 2085 tor-

152 2112 348 2153 cularibus
370 2113 477 2167 ligna
498 2115 688 2165 rotunda,
722 2130 820 2168 quae
843 2116 1024 2156 uectibus
1047 2115 1325 2164 uersabantur,
1361 2114 1461 2167 quod
1484 2119 1647 2167 apparet

152 2195 203 2221 ex
224 2178 384 2221 Vitruu.
409 2180 443 2233 I,
475 2182 515 2232 1,
542 2182 583 2224 8.
618 2180 675 2233 Χ,
699 2182 741 2233 2,
775 2184 803 2224 2
830 2183 1040 2237 multisque
1060 2183 1148 2223 aliis
1172 2183 1256 2224 eius
1278 2183 1367 2223 libri
1388 2182 1503 2222 locis.
1537 2179 1647 2221 Idem

150 2250 349 2298 mendum,
384 2251 484 2303 quod
514 2251 574 2291 hic
603 2252 703 2305 apud
727 2249 941 2292 Caesarem
974 2252 1167 2300 uidimus,
1202 2251 1301 2305 apud
1326 2248 1519 2291 Catonem
1552 2264 1647 2303 quo-

152 2331 225 2370 que
247 2319 293 2358 de
315 2332 359 2359 re
381 2326 481 2359 rust.
507 2317 561 2360 68
583 2327 690 2360 recte
714 2320 861 2360 criticis
884 2320 1098 2360 tollendum
1123 2321 1249 2360 uisum
1273 2328 1348 2360 est.

263 2385 403 2427 Eiusd.
431 2402 466 2427 6.
490 2387 560 2436 40,
586 2387 611 2428 5
634 2389 730 2428 11366
753 2389 793 2428 in
817 2388 928 2428 codd.
955 2389 1163 2442 leguntur:
1200 2388 1304 2429 ‘Hoc
1327 2389 1506 2430 confecto
1526 2401 1647 2441 nego-

157 2453 207 2494 tio
229 2452 280 2494 D.
305 2454 487 2496 Laelium
509 2456 556 2497 ab
578 2456 759 2497 Asiatica
783 2457 908 2497 classe
930 2456 1138 2496 abductum
1160 2457 1334 2511 reliquit,
1366 2456 1431 2511 qui
1454 2469 1646 2496 commea-

156 2527 218 2560 tus
240 2520 393 2564 Bullide
415 2531 533 2577 atque
557 2523 741 2566 Amantia
769 2525 974 2578 importari
1002 2525 1043 2565 in
1065 2526 1245 2579 oppidum
1268 2524 1527 2579 prohibebat'.
1568 2521 1648 2564 Sed

157 2588 189 2627 si
210 2586 372 2630 Laelius
394 2591 471 2631 iam
494 2600 733 2634 commeatus
758 2590 921 2634 Oricum
943 2593 1148 2646 importari
1171 2594 1452 2647 prohibuisset,
1487 2607 1566 2633 non
1588 2591 1646 2631 in-

159 2655 378 2709 tellegitur,
409 2673 479 2699 cur
508 2674 596 2700 eum
616 2659 828 2714 Pompeius
861 2660 907 2701 ab
930 2659 1109 2701 Asiatica
1142 2661 1270 2702 classe
1302 2661 1511 2702 abductum
1535 2659 1647 2701 Orici

159 2722 363 2775 reliquisse
386 2726 552 2768 dicatur.
585 2728 778 2783 Apertum
802 2736 861 2769 est
884 2743 973 2769 eum
994 2729 1175 2769 relictum
1197 2743 1301 2778 esse,
1327 2737 1369 2770 ut
1391 2737 1470 2770 tum
1493 2729 1646 2768 demum

159 2798 397 2832 commeatus
408 2794 610 2848 importari
623 2797 862 2850 prohiberet.
878 2795 1015 2850 Itaque
1030 2798 1262 2851 ‘prohibeat'
1274 2797 1524 2838 scribendum
1541 2802 1642 2835 erat.

161 2854 466 2901 Coniunctiuum
488 2865 708 2916 praesentis
722 2864 910 2919 temporis
925 2862 1077 2906 Caesar
1086 2866 1204 2907 etiam
1226 2865 1264 2905 h.
1280 2866 1308 2906 l.
1324 2880 1359 2905 c.
1371 2863 1426 2905 20
1439 2870 1544 2905 extr.
1558 2875 1647 2917 per-
