1835 3240
655 180 1082 221 --241—-

121 300 383 356 peraddantur
404 298 529 337 altera
555 295 674 336 ‘omni
697 294 890 335 auxilio'?
931 293 1082 347 Itaque,
1118 307 1204 333 cum
1228 293 1267 332 iu
1289 291 1384 332 Par.
1409 305 1491 332 sec.
1515 294 1612 333 scri—

121 375 224 421 ptum
248 367 299 406 sit
323 365 439 418 ‘quod
462 363 666 411 subsidio'‚
692 363 786 402 illud
809 362 1041 402 uocabulum
1064 361 1152 401 huic
1173 361 1389 414 postposui.
1422 358 1613 401 Similiter

121 442 263 475 auctor
284 433 443 486 scripsit
465 447 500 471 c.
525 430 604 481 40,
636 430 662 471 8
687 434 810 483 ‘quae
833 444 898 469 res
922 443 1057 469 eorum
1082 429 1185 468 uitae
1209 428 1282 468 suit
1301 428 1514 468 subsidio’.

238 499 286 541 C.
311 501 382 548 25,
406 499 433 539 2
456 500 589 540 eodem
614 499 726 537 modo
749 497 888 550 scripsi
905 505 1022 549 atque
1035 495 1326 536 Schneiderus:
1356 493 1472 535 ‘Cum
1488 495 1614 535 nostri

121 570 161 609 iu
185 582 302 621 opere
326 575 481 617 essent,
516 567 690 619 equitum
723 565 858 619 copiae
883 578 1099 604 concursus
1130 566 1261 604 facere
1290 570 1529 617 coeperunt,
1565 563 1615 602 si-

122 637 276 688 mulque
300 634 609 675 uociferantibus
633 632 885 686 legionariis,
919 646 1003 671 cum
1027 632 1154 671 locum
1178 632 1440 686 efflagitarent
1461 638 1503 670 ut
1524 645 1617 670 con—

120 703 223 743 sueti
256 704 411 756 insequi
438 702 668 742 existimare
698 714 836 754 posses
860 699 1134 753 paratissimos
1157 713 1245 739 esse
1266 700 1314 739 ad
1337 699 1613 748 dimicandum,

124 772 250 810 nostri
273 785 323 810 ex
348 770 481 810 humili
503 769 683 809 conualle
704 770 806 808 bene
828 768 944 820 longe
967 767 1238 819 suntegressi'
1263 774 1356 808 cett.
1389 765 1495 807 Nam
1519 767 1617 807 scri-

122 845 237 890 ptura
258 836 349 877 Par.
373 851 456 877 sec.
487 836 733 876 ‘existimare
756 850 870 889 posse
893 835 1186 889 speratissimos
1209 835 1309 874 esse'
1332 842 1373 876 et
1393 833 1510 876 Leid.
1536 849 1614 888 pr.,

121 905 162 945 in
185 920 258 958 quo
283 906 418 945 eadem
441 905 586 957 scripta
609 911 700 944 sunt
724 904 871 944 omisso
894 911 1025 943 tamen
1051 903 1203 950 ί6556’,
1229 903 1324 942 satis
1347 910 1481 956 aperte
1505 908 1515 926 ⁶
1531 902 1617 943 exi-

120 973 285 1012 stimare
307 986 444 1025 posses
466 972 739 1026 paratissimos
763 972 862 1011 esse'
887 972 1127 1024 significant.
1163 968 1303 1024 Longe
1319 978 1450 1011 tamen
1463 972 1614 1019 absum,

123 1047 162 1079 ut
185 1040 252 1080 illa
274 1040 395 1079 uerba
419 1040 491 1080 hac
506 1040 708 1080 rationein
721 1040 917 1094 integrum
933 1039 1119 1080 restituta
1134 1039 1309 1088 credam,
1335 1040 1436 1092 quod
1451 1036 1619 1078 Schnei-

123 1108 240 1148 derus
263 1108 415 1147 minore
438 1107 691 1147 distinctione
715 1116 803 1161 post
827 1113 836 1131 ‘
853 1107 1028 1161 insequi'
1053 1114 1092 1146 et
1123 1107 1271 1147 maiore
1295 1114 1382 1159 post
1407 1107 1619 1146 ‘dimican-

124 1176 224 1215 dum'
250 1176 376 1229 posita
398 1189 441 1216 se
463 1183 736 1216 assecuturum
760 1189 945 1229 sperasse
969 1175 1137 1215 uidetur.
1171 1173 1354 1215 Ridicule
1377 1174 1478 1213 enim
1496 1173 1620 1227 legio-

125 1243 226 1283 narii
249 1244 376 1283 locum
398 1244 680 1298 efflagitarent,
715 1245 815 1296 quod
838 1258 879 1284 se
902 1250 1113 1284 consuetos
1136 1256 1225 1283 esse
1247 1242 1402 1295 insequi
1425 1242 1616 1281 dicerent.

128 1309 188 1350 Ea
221 1311 324 1350 enim
347 1311 516 1350 omnium
535 1342 544 1360 ,
569 1312 608 1350 ni
639 1312 770 1360 fallor,
795 1312 1039 1351 consuetudo
1062 1318 1171 1360 erat,
1196 1311 1387 1364 siquidem
1410 1309 1617 1350 uicissent.

128 1377 181 1417 Et
201 1378 318 1431 longe
340 1378 592 1418 uerisimilius
616 1385 677 1418 est
699 1376 966 1418 Caesarianos
989 1379 1230 1418 uociferatos
1254 1392 1343 1418 esse
1359 1409 1368 1427 ,
1395 1392 1482 1418 cum
1503 1375 1620 1417 Pom—

129 1446 283 1498 peiani,
318 1459 414 1498 quos
438 1442 706 1485 Schneiderus
734 1446 772 1486 id
803 1446 946 1486 fecisse
969 1447 1131 1495 statuit,
1167 1445 1280 1485 initio
1302 1445 1440 1499 capitis
1464 1451 1622 1498 praeter

129 1514 282 1565 equites
306 1514 411 1552 nullo
433 1514 520 1552 loco
543 1527 668 1565 aequo
691 1527 734 1553 se
757 1513 1002 1554 commisisse
1026 1515 1219 1553 dicantur.

243 1577 354 1631 Quae
376 1580 466 1620 inde
487 1594 509 1619 a
531 1582 564 1633 ἓ.
593 1579 619 1619 6
641 1581 813 1620 eiusdem
837 1580 975 1633 capitis
997 1582 1206 1634 leguntur,
1231 1582 1286 1621 ita
1309 1581 1494 1630 exhibui,
1519 1588 1561 1620 ut
1581 1580 1622 1620 in

132 1646 222 1686 Par.
253 1661 331 1687 sec.
360 1654 398 1686 et
429 1647 589 1698 reliquis
623 1648 778 1700 optimis
811 1649 923 1687 codd.
959 1649 1107 1702 scripta
1137 1656 1244 1689 sunt.
1289 1647 1335 1688 In
1367 1649 1506 1701 quibus
1536 1649 1623 1701 ipsa

129 1715 242 1755 codd.
268 1715 463 1767 scriptura
487 1715 696 1754 manifesto
726 1715 820 1754 duas
852 1716 1013 1756 lacunas
1036 1717 1212 1770 aperuit,
1249 1730 1362 1756 unam
1387 1723 1480 1756 ante
1501 1715 1624 1755 uerba

131 1793 310 1836 ‘quorum
336 1796 464 1835 pugna
488 1789 594 1822 esset
615 1797 734 1836 prope
757 1784 932 1836 profecto
956 1783 1184 1837 dirempta',
1225 1785 1387 1825 alteram
1411 1791 1503 1824 ante
1524 1784 1624 1823 iufe-

130 1852 233 1892 riora
271 1855 427 1889 ‘castra
460 1849 701 1890 constituit'.
752 1850 970 1891 Praeterea
1003 1851 1121 1891 uerba
1173 1852 1251 1892 ‘ita
1282 1853 1385 1892 auidi
1418 1851 1623 1905 cupidique

131 1932 289 1959 suarum
321 1918 484 1970 quisque
515 1932 567 1958 ex
597 1918 763 1971 partium
794 1919 970 1959 uirorum
1005 1920 1278 1972 fautorumque
1302 1919 1484 1960 uoluntas
1506 1919 1625 1960 habe—

132 1986 257 2027 batur'
281 1985 386 2026 omni
409 1986 608 2025 sententia
631 1987 817 2026 destituta
837 1994 943 2026 sunt.
990 1984 1100 2026 Satis
1132 1994 1260 2027 autem
1294 1987 1416 2027 multa
1438 1987 1499 2027 hic
1523 1987 1626 2027 desi-

133 2054 260 2094 derari
285 2053 398 2094 facile
421 2061 481 2093 est
502 2053 718 2094 intellectu.
757 2053 862 2094 Nam
893 2062 1097 2108 postquam
1129 2056 1166 2108 §-
1191 2056 1217 2095 4
1239 2055 1404 2095 relatum
1428 2062 1487 2095 est
1510 2055 1627 2095 Anti-

131 2120 249 2161 stium
279 2120 520 2174 Turpionem
542 2119 828 2176 Pompeianum
860 2129 898 2162 et
929 2120 979 2174 Q.
1011 2121 1240 2176 Pompeium
1269 2122 1442 2176 Nigrum
1475 2120 1626 2164 Caesa-

131 2188 286 2229 rianum
317 2189 365 2228 ad
394 2188 597 2242 singulare
629 2197 831 2230 certamen
863 2191 1057 2243 utrimque
1079 2204 1168 2231 esse
1191 2204 1447 2245 progressos,
1473 2192 1519 2230 de
1540 2191 1626 2244 ipso

134 2256 349 2296 certamine
380 2269 513 2296 eorum
546 2270 595 2296 ne
616 2258 778 2297 uerbum
801 2257 954 2310 quidem
976 2258 1157 2312 legimus.
1203 2257 1357 2299 Deinde
1378 2258 1492 2298 initio
1516 2273 1548 2298 c.
1572 2256 1628 2298 26

135 2331 320 2364 narratur
351 2320 567 2364 Caesarem
605 2332 773 2365 turmam
814 2322 1051 2365 Cassianam
1083 2332 1122 2365 et
1152 2326 1279 2366 leuem
1309 2333 1546 2367 armaturam
1578 2326 1626 2366 ob

137 2391 317 2431 uirtutem
340 2392 524 2444 praemiis
546 2393 754 2442 affecisse,
790 2406 953 2445 quarum
984 2393 1048 2433 illa
1082 2399 1200 2433 antea
1227 2407 1276 2433 ne
1300 2401 1629 2434 commemoratur

139 2458 289 2509 quidem
304 2488 313 2506 ‚
340 2459 434 2499 haec
458 2468 787 2500 commemoratur
808 2474 842 2499 6.
868 2459 938 2510 25,
962 2460 1004 2508 7,
1031 2462 1099 2501 sed
1123 2475 1197 2514 qua
1217 2461 1257 2501 in
1280 2475 1324 2502 re
1346 2462 1502 2502 fortiter
1526 2464 1630 2503 sece-

138 2524 213 2574 rit,
244 2525 340 2566 nihil
371 2527 552 2567 traditur.
595 2526 738 2580 Neque
762 2529 798 2581 ξ.
824 2527 849 2568 7
874 2528 992 2569 uerba
1016 2533 1026 2551 ‘
1042 2535 1086 2568 ut
1107 2542 1225 2582 supra
1248 2529 1627 2570 demonstrauimus*

140 2591 343 2643 quicquam
365 2593 508 2635 habent
527 2595 566 2634 iu
588 2595 856 2648 superioribus
873 2626 883 2645 ,
919 2610 993 2649 quo
1024 2597 1166 2637 referri
1198 2597 1374 2651 possint,
1410 2596 1474 2636 ubi
1498 2604 1630 2636 tamen

141 2657 341 2710 probabile
363 2669 424 2701 est
457 2670 467 2686 ‘
483 2663 655 2716 equitum
677 2667 957 2718 congressum'
982 2664 1231 2705 scribendum
1255 2678 1344 2705 esse
1359 2695 1369 2714 ,
1404 2671 1443 2705 et
1465 2664 1561 2704 haec
1583 2664 1631 2704 ad

143 2724 331 2777 proelium
354 2736 534 2780 equestre
558 2731 781 2784 pertinere,
817 2745 893 2784 quo
923 2731 1094 2786 scriptor
1124 2739 1290 2773 turmam
1316 2730 1547 2773 Cassianam
1571 2731 1630 2770 in-

141 2792 292 2844 signem
317 2793 499 2836 uirtutem
520 2799 766 2850 praestitisse
790 2806 1040 2839 narrauerat.

258 2856 305 2898 C.
331 2858 387 2901 29
407 2861 462 2901 in.
487 2863 583 2905 haec
605 2866 844 2906 edebantur:
873 2864 1081 2907 ‘Planities
1104 2867 1209 2908 inter
1231 2874 1394 2918 utraque
1417 2873 1548 2907 castra
1573 2865 1632 2905 in-

179 2924 299 2955 Caesar,
333 2926 377 2953 ed.
402 2927 543 2964 Nipperd.
1306 2932 1357 2973 1ss
