1835 3240
110 175 191 218 334
631 171 704 214 DE
734 170 924 214 BELLO
958 169 1211 213 GALLICO

184 287 333 342 equites
355 285 559 335 baberent,
585 287 683 338 quod
705 286 731 325 ii
748 316 757 333 ,
782 285 844 338 qui
867 285 1129 325 frumentandi
1151 299 1268 325 eausa
1292 285 1421 326 ierant
1443 293 1550 326 trans
1574 282 1662 325 Mo—

184 371 282 406 sam,
308 355 478 395 nondum
499 353 725 402 redierant,
758 353 852 392 nihil
874 353 1101 392 timentibus
1123 353 1271 392 nostris
1287 382 1297 399 ,
1332 354 1431 405 quod
1454 354 1574 406 legati
1597 367 1664 393 eo-

184 438 269 464 rum
292 422 406 476 paulo
429 427 518 460 ante
541 434 562 458 a
586 418 760 459 Caesare
792 420 1061 460 discesserant
1091 426 1206 472 atque
1237 419 1268 459 is
1292 420 1373 459 dies
1396 421 1554 460 indutiis
1578 426 1664 460 erat

137 492 165 533 2
185 491 232 532 ab
255 491 314 530 his
337 490 497 543 petitus,
523 488 668 540 inipetu
691 488 794 526 facto
816 487 1000 528 celeriter
1022 494 1177 526 nostros
1200 487 1555 540 perturbauerunt3
1580 502 1667 527 rur-

186 573 254 599 sus
277 556 551 598 resistentibus
575 555 856 595 consuetudine
877 569 949 594 sua
971 555 1017 594 ad
1040 555 1157 608 pedes
1181 554 1448 604 desiluerunt,
1473 555 1664 594 subfossis
1696 561 1714 592 5

186 626 297 678 equis
321 622 648 676 conpluribusque
663 623 810 662 uostris
833 622 1177 677 deiectisreliquos
1200 621 1239 661 in
1263 621 1390 675 fugam
1415 622 1671 662 coniecerunt

188 701 303 746 atque
324 692 377 731 ita
402 689 631 744 perterritos
655 697 836 743 egerunt,
861 697 901 729 ut
924 704 999 729 non
1023 689 1130 743 prius
1155 690 1244 743 fuga
1267 689 1530 737 desisterent,
1557 703 1670 742 quain

140 759 164 800 3
187 761 225 801 in
251 765 501 813 conspectum
525 757 692 810 agminis
716 758 839 797 nostri
862 757 1079 797 uenissent.
1134 755 1177 796 In
1217 770 1262 796 eo
1286 756 1434 810 proelio
1457 770 1510 796 ex
1532 756 1675 809 equiti-

142 829 168 869 4
191 829 261 868 bus
285 827 431 867 nostris
454 825 746 865 interficiuntur
767 832 955 878 quattuor
977 832 1015 865 et
1036 824 1282 878 septuaginta
1299 855 1308 873 ,
1346 824 1385 863 in
1421 824 1479 863 his
1512 824 1573 863 uir
1594 824 1673 863 for-

189 895 363 935 tissimus
386 892 480 933 Piso
502 892 741 945 Aquitanus,
767 893 1006 945 amplissimo
1029 906 1173 946 genere
1196 899 1335 942 natus,
1370 894 1479 931 cuius
1512 904 1610 931 auus
1633 890 1673 930 in
1706 897 1747 930 10

189 963 348 1003 ciuitate
371 975 441 1002 sua
455 974 618 1014 regnum
633 960 856 1000 obtinuerat
877 960 1024 1000 amicus
1047 960 1093 1000 ab
1117 967 1257 1000 senatu
1280 965 1415 998 nostro
1438 958 1671 1012 appellatus.

144 1031 168 1072 5
191 1030 265 1071 Hic
299 1044 387 1071 curn
418 1028 530 1068 fratri
563 1028 780 1068 intercluso
813 1029 859 1067 ab
891 1028 1070 1068 hostibus
1101 1027 1291 1067 auxilium
1316 1028 1459 1076 ferret,
1493 1026 1599 1066 illum
1622 1039 1675 1065 ex

190 1099 363 1153 periculo
387 1097 542 1150 eripuit,
568 1096 653 1148 ipse
676 1109 773 1148 equo
786 1097 993 1135 uulnerato
1017 1096 1207 1144 deiectus,
1233 1095 1358 1147 quoad
1380 1094 1519 1147 potuit,
1546 1092 1677 1132 sortis-

142 1165 169 1206 6
190 1167 287 1207 sime
310 1165 477 1206 restitit:
504 1178 590 1204 cum
606 1164 899 1203 circumuentus
923 1163 1050 1202 multis
1075 1163 1302 1202 uulneribus
1317 1161 1487 1215 acceptis
1510 1160 1674 1200 cecidis-

191 1242 267 1284 set,
292 1241 409 1286 atque
431 1232 466 1270 id
491 1232 628 1280 frater,
655 1232 716 1283 qui
740 1231 813 1270 iam
838 1231 986 1284 proelio
998 1237 1245 1278 excesserat,
1271 1229 1408 1283 procul
1429 1228 1674 1268 animaduer-
1708 1234 1746 1266 15

114 1301 168 1346 13
191 1302 325 1351 tisset,
351 1300 514 1339 incitato
538 1312 636 1351 equo
659 1311 701 1338 se
725 1298 900 1338 hostibus
924 1298 1063 1351 optulit
1086 1304 1202 1350 atque
1224 1298 1458 1336 interfectus
1481 1301 1553 1334 est.
1587 1293 1673 1334 Hoc

192 1370 295 1408 facto
319 1367 468 1421 proelio
491 1364 643 1405 Caesar
665 1379 789 1418 neque
821 1366 896 1405 iam
927 1366 1000 1405 sibi
1023 1365 1175 1419 legatos
1200 1363 1412 1403 audiendos
1435 1375 1559 1415 neque
1583 1375 1676 1401 con-

192 1436 365 1476 diciones
388 1433 634 1487 accipiendas
657 1433 920 1473 arbitrabatur
941 1432 987 1472 ab
1010 1432 1081 1482 iis,
1113 1432 1177 1484 qui
1201 1445 1269 1485 per
1290 1431 1418 1470 dolum
1442 1437 1556 1483 atque
1578 1429 1674 1469 insi-

142 1503 169 1544 2
191 1504 272 1543 dias
295 1503 416 1557 petita
440 1515 533 1555 paee
558 1502 659 1540 ultro
682 1501 822 1540 bellun]
846 1500 1098 1540 intulissent:
1125 1505 1339 1553 expectare
1361 1512 1472 1548 uero,
1499 1498 1587 1537 dum
1606 1497 1674 1537 ho-

189 1570 452 1624 stiunicopiae
467 1576 707 1622 augerentur
722 1568 993 1621 equitatusque
1007 1574 1293 1617 reuerteretur,
1318 1580 1494 1607 summae
1518 1566 1671 1605 demen--
1704 1571 1748 1606 20

143 1638 167 1678 3
192 1639 268 1679 tiae
293 1638 381 1679 esse
403 1637 623 1686 iudicabat,
650 1644 688 1677 et
710 1636 868 1689 cognita
890 1634 1091 1675 Gallorum
1114 1635 1364 1684 infirmitate,
1390 1640 1573 1686 quantum
1596 1632 1672 1672 iam

191 1707 292 1760 apud
314 1720 381 1746 eos
405 1706 537 1745 hostes
560 1718 637 1744 uno
660 1704 809 1758 proelio
833 1703 1081 1743 auctoritatis
1105 1709 1240 1742 essent
1263 1700 1491 1750 consecuti,
1528 1700 1673 1740 sentie-

188 1774 281 1822 bat,
316 1773 453 1826 quibus
484 1772 530 1812 ad
555 1772 717 1811 consilia
740 1771 926 1824 capienda
959 1770 1052 1810 nibil
1075 1770 1188 1823 spatii
1212 1769 1378 1808 dandum
1402 1767 1669 1809 existimabat.

141 1841 165 1882 4
190 1840 262 1881 His
286 1841 511 1881 constitutis
535 1839 651 1879 rebus
683 1846 720 1878 et
751 1838 914 1878 consilio
938 1852 1023 1877 cuin
1046 1837 1186 1890 legatis
1208 1844 1248 1877 et
1269 1843 1479 1889 quaestore
1502 1849 1673 1875 commu-

189 1909 335 1958 nicato,
374 1921 422 1948 ne
445 1922 554 1961 quem
580 1907 679 1947 diem
702 1920 855 1960 pugnae
879 1906 1228 1960 praetermitteret,
1255 1904 1586 1957 opportunissima
1606 1917 1672 1943 res
1703 1910 1745 1945 25

189 1977 353 2026 accidit,
380 1976 479 2030 quod
503 1974 691 2030 postridie
715 1975 798 2015 eius
822 1974 897 2014 diei
921 1987 1033 2014 mane
1057 1973 1191 2013 eadem
1215 1979 1253 2013 et
1274 1973 1435 2026 perfidia
1457 1979 1494 2013 et
1516 1972 1674 2012 simula-

332 2097 347 2129 1
370 2097 456 2139 quod
477 2096 523 2128 hii
542 2106 632 2127 corr.
654 2098 689 2127 in
708 2095 782 2136 tif,
805 2096 890 2137 quod
912 2096 1033 2137 reliqui
1055 2096 1082 2126 D
1097 2095 1134 2127 E.
1297 2099 1392 2125 trans
1413 2093 1541 2126 Mosam
1560 2095 1673 2125 ierant

191 2149 282 2189 CD,
305 2155 403 2181 erant
422 2154 517 2181 trans
538 2147 664 2180 Mosam
684 2147 830 2189 profecti
850 2148 915 2189 bf.
1057 2147 1076 2179 3
1095 2146 1226 2178 inditiis
1244 2148 1293 2186 B,
1316 2146 1442 2177 inditus
1465 2147 1512 2186 C,
1534 2146 1671 2176 indutus

188 2209 267 2230 cam
285 2199 297 2230 l
313 2209 420 2241 super
438 2199 538 2240 duf,·
567 2198 713 2229 induciis
734 2209 767 2229 u.
792 2196 878 2229 Gall.
898 2197 925 2238 I,
946 2198 1002 2232 25.
1199 2198 1217 2228 4
1237 2196 1277 2227 ab
1298 2196 1349 2226 bis
1368 2196 1440 2226 AB
1457 2195 1537 2237 Cf,
1560 2195 1600 2225 ab
1620 2195 1670 2226 eis

187 2250 218 2282 E
231 2261 265 2282 ιι.
453 2251 678 2282 turbauerunt
694 2250 739 2282 A.
922 2260 1039 2281 rursus
1059 2248 1301 2280 resistentibus
1319 2248 1391 2280 AB
1405 2247 1532 2287 CDE5
1553 2257 1672 2279 rursus

188 2303 240 2335 his
260 2303 502 2335 resistentibus
523 2304 540 2334 b
554 2303 623 2344 es,
646 2313 764 2334 rursus
785 2302 1024 2334 resistentibus
1044 2301 1170 2332 nostris
1190 2311 1225 2331 η.
1421 2301 1437 2332 5
1458 2300 1672 2331 desiluerunt

186 2356 291 2396 A(B)
307 2356 396 2395 CI),
420 2356 622 2387 desilierunt
638 2355 669 2387 E
685 2358 721 2386 et
738 2354 880 2396 cor7².f.
1052 2352 1220 2385 subl'ossis
1243 2351 1380 2383 ‘ceteri'
1399 2351 1429 2382 B
1443 2351 1514 2383 CI)
1534 2354 1586 2391 et,
1609 2354 1674 2392 qut·

189 2406 282 2447 suffi,
303 2406 353 2447 E,·
373 2399 594 2447 suffossi§que
614 2406 704 2445 (Απ)
718 2408 732 2436 ?
752 2405 768 2436 b
784 2405 880 2446 esu.
1068 2403 1086 2434 6
1107 2403 1408 2445 (conpluribusque
1427 2402 1472 2442 B)
1493 2402 1672 2444 compluri-

187 2460 249 2491 bus
269 2459 298 2489 b.
429 2456 664 2498 coniecerunt]
686 2457 871 2497 coiigerunt
892 2455 949 2487 bc.
1066 2455 1086 2486 8
1106 2456 1137 2486 in
1158 2459 1341 2497 conspectu
1360 2454 1420 2484 Ea
1434 2454 1450 2485 b
1464 2453 1525 2494 es.

190 2510 296 2542 nostri
314 2520 380 2541 see.
403 2520 447 2541 m.
470 2511 535 2540 int.
558 2518 652 2539 nors.
672 2510 722 2547 B,
746 2507 778 2538 ni
799 2506 834 2538 C.
1039 2505 1057 2537 9
1079 2510 1239 2546 quattuor
1256 2505 1328 2536 AB
1344 2504 1433 2544 CI),
1456 2509 1600 2545 quatuor
1616 2504 1667 2543 Ε,

189 2563 284 2605 ¹¹¹¹s·
579 2558 796 2600 septuaginta
816 2557 875 2598 (B)
890 2557 921 2587 D
935 2556 983 2595 E,
1005 2565 1071 2586 Lxx
1091 2566 1167 2586 cum
1187 2565 1315 2587 rasura
1331 2559 1417 2596 post
1433 2556 1582 2587 alleram
1602 2557 1669 2598 xs.

330 2612 362 2643 in
383 2611 424 2642 iis
443 2610 535 2649 AB,
558 2610 590 2640 in
610 2610 637 2640 is
656 2609 696 2640 E.
906 2607 972 2648 uir]
994 2606 1056 2637 fuit
1075 2606 1155 2637 adel.
1179 2607 1209 2637 b.
1402 2606 1434 2637 ll
1464 2616 1482 2637 a
1501 2608 1668 2648 senatus.

330 2659 462 2702 nostro]
485 2670 549 2690 uon
568 2670 613 2690 m.
631 2669 688 2700 pr.
709 2658 752 2690 B.
914 2658 949 2688 1‘2
971 2667 1010 2687 ex
1030 2667 1098 2687 om.
1123 2657 1184 2688 be.
1373 2656 1412 2687 14
1431 2656 1618 2689 decidisset
1637 2657 1667 2688 b.

335 2714 371 2746 15
392 2717 426 2744 at
445 2712 476 2743 id
497 2722 542 2742 771.
560 2720 618 2752 pr.
639 2710 682 2741 B,
825 2707 942 2750 procul
961 2717 1027 2738 om.
1051 2708 1081 2738 b.
1245 2707 1389 2738 animum
1410 2708 1667 2751 aduertissetf.

332 2765 372 2798 16
392 2764 512 2806 optulit
530 2764 573 2794 B.
718 2760 758 2793 17
777 2759 990 2791 conditiones
1011 2759 1085 2800 (B).
1252 2760 1292 2791 ts
1311 2760 1351 2790 ab
1371 2760 1412 2791 iis
1434 2760 1480 2800 B,
1503 2761 1543 2792 ab
1563 2762 1615 2793 his
1635 2772 1668 2793 u.

333 2817 373 2850 10
393 2819 573 2858 expectare
592 2813 634 2845 B.
784 2812 827 2844 25
847 2811 1132 2852 opportunissima
1151 2821 1206 2842 res
1225 2811 1318 2852 (An)
1334 2814 1348 2842 Ρ
1366 2813 1435 2854 es,
1459 2814 1671 2856 opportunis-

193 2871 274 2902 sime
294 2878 349 2900 res
371 2864 528 2899 BCDE.
549 2851 604 2895 Q
625 2872 679 2907 τῷ
699 2861 848 2893 delenda
868 2862 946 2892 est?
1062 2861 1104 2895 26
1120 2863 1225 2903 prius
1244 2866 1275 2893 et
1295 2872 1362 2894 om.
1386 2863 1415 2894 b.
1534 2863 1671 2896 simula-
