1835 3240
746 152 1171 193 —146—

216 269 310 318 dite,
345 274 474 321 patres
497 266 726 320 conscripti,
759 280 819 306 mc
842 280 995 319 quoqne
1018 280 1095 305 non
1119 279 1206 305 esse.
1229 267 1487 307 offensionum
1510 269 1696 319 auidum‘,

216 350 446 390 quamquam
469 336 529 375 hic
552 349 629 374 non
653 334 915 389 neglegentia,
941 333 1009 372 sed
1027 334 1073 372 ad
1099 333 1173 372 uim
1192 335 1383 375 orationis
1405 338 1620 388 aagendam
1645 339 1698 377 ita

215 405 386 458 scripsit.
420 403 551 443 Aliam
564 403 756 443 rationem
769 400 1034 441 habentliaec:
1062 398 1178 441 Caes.
1193 401 1229 441 b.
1248 401 1353 444 Gall.
1372 403 1444 454 Vl,
1466 405 1534 453 43,
1561 405 1586 444 4
1611 410 1698 445 ‘nee

214 473 328 527 plane
347 473 464 513 etiam
487 470 616 511 abisse
638 483 690 509 ex
713 475 927 521 conspectu
951 470 1245 510 contenderem·
1262 477 1299 510 et
1316 469 1451 525 Pomp.
1468 487 1530 526 ap.
1548 472 1631 513 Cic.
1654 475 1699 513 ad

213 541 301 580 Att.
318 538 433 589 VIII,
460 536 574 587 12D,
603 536 782 589 l‘neque
794 535 927 585 etiam,
954 537 1082 588 quiex
1096 538 1309 578 delectibus
1333 540 1544 594 conscripti
1567 549 1654 581 sunt
1681 556 1699 581 a

214 608 454 654 consulibus,
470 603 771 645 conuenerunt'.
797 602 901 643 Nam
914 604 952 643 in
968 604 1026 644 his
1042 610 1184 658 ‘neque
1198 605 1326 645 etiam'
1350 612 1411 645 est
1426 611 1566 660 ‘neque
1580 609 1698 648 dum'.

326 741 487 781 Initium
508 739 596 780 libri
619 740 781 780 secundi
803 739 843 780 in
865 739 1018 794 optimis
1043 740 1154 780 codd.
1181 741 1236 780 sic
1259 742 1444 794 scriptum
1467 748 1553 781 est:
1582 739 1699 781 ‘Dum

215 813 311 852 haec
342 810 380 849 in
412 807 605 862 Hispania
645 815 860 861 geruntur,
903 805 951 848 C.
989 807 1215 848 Trebonius
1245 810 1424 862 legatus,
1459 809 1525 862 qui
1556 810 1602 849 ad
1637 824 1702 863 op-

214 878 488 932 pugnationem
511 874 720 916 Massiliae
742 876 906 916 relictus
929 883 1029 923 erat,
1056 876 1206 916 duabus
1230 890 1282 916 ex
1303 876 1477 930 partibus
1500 891 1701 930 aggerem,

214 947 352 986 uineas
385 952 592 996 turresque
624 944 671 983 ad
701 944 880 998 oppidum
914 957 1032 998 agere
1063 943 1249 984 instituit.
1292 943 1383 985 Vna
1415 952 1502 984 erat
1523 945 1700 998 proxima

215 1014 343 1068 portui
367 1011 677 1064 naualibusque,
711 1012 835 1052 altera
866 1013 911 1052 ad
944 1019 1120 1066 partem,
1152 1026 1226 1065 qua
1259 1018 1319 1052 est
1349 1013 1477 1052 aditus
1500 1026 1552 1052 ex
1575 1010 1703 1053 Gallia

214 1090 331 1134 atque
351 1079 561 1134 Hispania,
595 1080 643 1119 ad
665 1079 703 1119 id
724 1093 853 1129 mare,
890 1080 990 1132 quod
1013 1080 1135 1134 adigit
1155 1081 1201 1119 ad
1225 1080 1365 1120 ostium
1388 1079 1601 1120 Rhodani'.
1644 1078 1703 1120 Ita

215 1150 319 1190 enim
342 1149 438 1188 haec
460 1147 735 1200 distinguenda
755 1154 863 1193 sunt,
889 1154 932 1187 ut
954 1148 1084 1188 uerbis
1111 1148 1172 1188 ‘ad
1189 1155 1353 1201 partem,
1380 1148 1467 1200 qua’
1490 1155 1605 1197 cett„
1630 1162 1706 1200 quo

216 1217 442 1258 accuratius
473 1215 572 1255 situs
605 1215 778 1255 locorum
814 1214 1052 1265 declaretur,
1088 1216 1405 1269 superaddantur
1426 1216 1551 1256 altera
1576 1217 1647 1255 ‘ad
1668 1216 1704 1255 id

216 1299 340 1334 mare,
366 1282 479 1337 quod'
503 1289 597 1323 cett.
632 1282 793 1323 Aditum
817 1284 900 1337 ipsa
922 1297 988 1323 res
1015 1283 1130 1323 docet
1151 1284 1196 1323 ad
1209 1281 1430 1323 Massiliam
1445 1283 1535 1324 dici.
1569 1282 1706 1337 Inepte

217 1350 521 1405 Oudendorpius
544 1351 688 1391 aditum
712 1352 759 1391 ad
782 1365 889 1391 mare
911 1351 1196 1404 interpretatus
1219 1358 1293 1391 est:
1320 1365 1366 1390 eo
1380 1350 1483 1390 enim
1507 1365 1560 1390 ex
1578 1349 1706 1390 Gallia

216 1428 331 1473 atque
349 1418 539 1473 Hispania
563 1420 680 1472 longe
702 1433 721 1459 a
741 1418 922 1459 Massilia
946 1419 1045 1459 adiri
1067 1425 1233 1472 poterat.
1267 1417 1373 1458 Idem
1399 1418 1518 1458 uerba
1543 1419 1605 1458 ‘ad
1622 1432 1708 1472 par-

215 1488 306 1527 tem*
330 1486 494 1526 delenda
516 1487 784 1537 existimabat,
810 1487 911 1540 quod
925 1487 1020 1527 haec
1033 1493 1163 1528 mente
1186 1487 1239 1526 ita
1251 1487 1541 1540 supplerentur:
1569 1487 1707 1526 ‘altera

216 1568 307 1608 pars
321 1554 366 1593 ad
385 1556 566 1607 partem'.
599 1554 718 1608 Atqui
739 1555 778 1595 in
803 1569 864 1605 eo,
891 1556 992 1608 quod
1017 1554 1137 1609 ‘pars'
1162 1568 1240 1594 non
1254 1554 1378 1608 posita
1403 1560 1478 1600 est,
1504 1554 1571 1593 sed
1594 1554 1708 1593 intel-

216 1622 383 1678 legitur,
420 1623 561 1662 idonea
596 1623 803 1663 excusatio
843 1630 918 1662 est.
971 1622 1121 1663 Verum
1155 1621 1319 1674 ‘adigit'
1363 1627 1586 1674 corruptum
1620 1635 1707 1661 esse

217 1703 353 1730 omnes
375 1690 652 1730 consentiunt:
679 1703 746 1730 eos
769 1689 887 1739 enim,
913 1691 976 1742 qui
998 1691 1097 1730 idem
1121 1696 1238 1742 atque
1264 1688 1461 1742 ‘adigitur‘
1485 1689 1708 1741 significare

216 1759 553 1811 interpretantur,
597 1757 780 1796 omittere
821 1771 1043 1811 possumus.
1107 1755 1194 1796 Hoc
1225 1757 1350 1810 ipsum
1387 1761 1396 1779 ⁴
1413 1756 1602 1810 adigitur'
1637 1771 1706 1810 pro

219 1824 407 1867 Caesaris
438 1824 688 1878 simplicitate
721 1825 862 1865 elatius
892 1832 968 1865 est.
1023 1823 1138 1877 Quod
1170 1832 1298 1864 autem
1332 1822 1559 1878 Stephanus
1589 1825 1709 1865 edidit

220 1898 230 1917 ‘
246 1894 408 1947 attingit
428 1892 475 1933 ad
498 1892 640 1932 ostium
671 1891 894 1943 Rhodani’,
926 1893 964 1932 id
986 1892 1111 1946 poe'tis
1141 1892 1437 1945 relinquendum
1461 1899 1537 1931 est.
1581 1891 1708 1932 Recte

218 1961 409 2002 Heinsius
432 1961 532 2014 apud
555 1957 676 2000 Ouid.
702 1968 778 2000 art.
804 1975 880 2000 am.
904 1959 959 2010 ΙΙ,
984 1959 1063 2001 701
1089 1974 1140 2000 ex
1165 1960 1406 2000 ‘melioribus
1430 1960 1557 1999 codd?
1581 1961 1711 2013 posuit

222 2031 292 2070 ‘ad
314 2028 514 2070 Venerem
539 2028 771 2081 quicumque
794 2029 903 2069 uoles
925 2029 1121 2082 attingere
1144 2042 1299 2078 seram,
1334 2028 1367 2068 si
1398 2028 1511 2067 modo
1535 2028 1704 2077 duraris,

220 2100 392 2154 praemia
415 2097 532 2150 digna
554 2097 670 2137 feres*
706 2096 796 2152 (‘at'
821 2098 923 2137 enim
946 2097 997 2136 ibi
1021 2097 1190 2136 alienum
1213 2103 1288 2145 est,
1315 2110 1401 2136 eum
1425 2096 1616 2150 exemplis
1640 2111 1707 2151 po-

220 2167 307 2208 sitis
338 2180 402 2206 res
435 2165 734 2218 concludatur),
766 2165 876 2218 isque
905 2164 955 2205 ibi
987 2164 1152 2204 contulit
1180 2163 1311 2204 Plaut.
1345 2162 1473 2205 Merc.
1508 2163 1541 2212 Ι,
1581 2164 1627 2214 1,
1653 2165 1707 2206 32

223 2241 341 2288 ‘quae
362 2234 458 2274 nihil
480 2234 681 2288 attingunt
701 2234 748 2274 ad
770 2235 882 2274 rein’.
930 2232 1045 2286 Apud
1068 2232 1203 2285 script.
1228 2232 1330 2271 rhet.
1357 2231 1404 2271 ad
1426 2231 1605 2271 Herenn.
1630 2231 1703 2280 IV,

220 2302 292 2353 43,
317 2302 369 2342 55
392 2309 498 2342 recte
521 2316 623 2341 nunc
646 2302 698 2341 ita
721 2301 848 2341 oratio
871 2300 1149 2354 distinguitur:
1178 2307 1298 2338 ‘nunc
1320 2298 1511 2347 breuiter,
1538 2301 1583 2338 ad
1609 2300 1707 2339 hanc

220 2384 302 2410 rem
327 2370 427 2422 quod
451 2370 547 2410 satis
571 2377 646 2420 est,
672 2369 939 2423 attingemus'.
972 2367 1189 2409 Praeterea
1211 2381 1312 2407 unus
1335 2367 1443 2406 locus
1457 2367 1632 2420 prolatus
1648 2374 1709 2406 est

220 2436 354 2479 Melae
376 2436 410 2487 I,
436 2437 476 2488 4,
507 2438 522 2477 l
544 2437 864 2490 ‘quaadssuuiuin
879 2436 1064 2490 attingit',
1088 2436 1150 2475 ubi
1165 2434 1492 2489 praepositionem
1511 2434 1549 2473 in
1574 2435 1708 2474 codice

222 2506 388 2559 quodam
418 2519 440 2545 a
461 2519 504 2546 se
538 2506 622 2545 uiso
646 2503 948 2559 Oudendorpius
980 2503 1106 2544 omitti
1131 2509 1313 2542 testatur.
1347 2502 1462 2555 Apud
1494 2498 1707 2542 Caesarem

224 2574 403 2626 equidem
427 2573 603 2614 scribere
625 2588 704 2614 non
727 2574 903 2614 dubitaui
935 2572 1057 2625 ‘quod
1085 2571 1237 2611 adiacet
1258 2570 1304 2609 ad
1328 2570 1471 2609 ostium
1494 2568 1704 2610 Rliodani'.

225 2640 423 2682 ‘Adiacet'
447 2648 660 2695 peruagato
684 2655 820 2682 errore
842 2642 882 2681 in
907 2639 1052 2681 ‘adicit‘
1076 2645 1115 2679 et
1136 2638 1208 2678 hoc
1229 2637 1268 2677 in
1295 2638 1442 2690 ‘adigit‘
1468 2638 1638 2678 transiit.

335 2708 447 2749 Nihil
469 2709 697 2762 peruersius
720 2716 781 2749 est
798 2711 819 2747 ’.ζ
849 2709 990 2762 ,tquae
1012 2722 1044 2747 c.
1067 2706 1108 2757 ἴ),
1133 2705 1158 2745 3
1181 2707 1363 2746 eduntur:
1393 2704 1543 2746 ‘Facile
1560 2711 1645 2745 erat
1658 2718 1710 2744 ex

224 2777 364 2817 castris
389 2775 437 2817 C.
462 2775 653 2817 Trebonii
677 2784 793 2830 atque
817 2776 994 2816 omnihus
1017 2774 1284 2829 superioribus
1306 2774 1402 2814 locis
1425 2773 1648 2828 prospicere
1669 2773 1709 2812 in

224 2845 375 2896 urbem,
401 2852 443 2884 ut
465 2844 590 2885 omnis
615 2844 813 2894 inuentus,
850 2858 949 2898 quae
970 2844 1010 2885 in
1033 2843 1171 2897 oppido
1193 2849 1462 2892 remanserat,
1497 2853 1709 2893 omnesque
