1835 3240
102 907 142 940 10

102 1247 142 1279 15

604 172 787 217 COMM.
812 172 851 217 V
873 172 998 216 CAP.
1024 171 1223 216 50-53,
1648 171 1729 213 377

174 300 420 343 trorumpere
442 287 692 337 uidebantur,
719 287 783 328 alii
805 288 947 328 uallum
966 301 1083 329 manu
1095 289 1293 336 scindere,
1319 286 1384 326 alii
1410 286 1533 326 fossas
1548 301 1651 326 com-

173 360 279 414 plere
300 357 536 411 inciperent.
571 357 672 398 Tum
686 355 838 398 Caesar
850 357 1028 398 omnibus
1050 357 1173 410 portis
1197 355 1401 409 eruptione
1424 355 1527 393 facta
1548 355 1655 408 equi-
1677 352 1701 392 5

173 433 330 479 tatuque
353 426 497 465 emisso
520 426 704 466 celeriter
726 426 858 465 hostes
880 425 920 464 in
944 427 1071 479 fugam
1096 426 1186 474 dat,
1220 424 1277 465 sic
1309 423 1364 463 uti
1396 421 1555 461 omnino
1588 435 1656 473 pu-

174 493 318 547 gnandi
341 507 461 533 causa
482 493 688 533 resisteret
709 506 847 542 nemo,
880 507 1143 546 magnumque
1175 506 1226 532 ex
1249 493 1305 532 eis
1328 502 1532 531 numerum
1556 488 1659 527 occi-

177 562 228 601 dit
251 568 367 613 atque
390 575 525 601 omnes
548 561 667 600 armis
690 560 816 599 exuit.
866 559 1047 613 Longius
1071 560 1252 613 prosequi
1277 559 1442 607 ueritus,
1469 556 1569 609 quod
1592 556 1657 595 sil—
1680 556 1735 599 52

173 643 247 669 uae
269 629 506 682 paludesque
527 627 827 668 intercedebant
848 641 974 680 neque
997 627 1111 668 etiam
1135 628 1297 681 paruulo
1316 626 1551 666 detrimento
1574 623 1660 663 illo-

174 711 261 736 rum
284 697 410 737 locum
432 696 599 748 relinqui
622 695 802 743 uidebat,
837 695 1015 735 omnibus
1050 696 1131 735 suis
1163 694 1423 734 incolumibus
1447 692 1569 746 copiis
1593 705 1660 731 eo-

175 765 259 805 dem
283 765 345 805 die
367 764 414 804 ad
437 762 672 804 Ciceronem
695 763 888 816 peruenit.
934 761 1142 803 Institutas
1166 769 1310 811 turres⁷
1335 761 1554 802 testudines
1577 774 1661 799 mu-
1682 758 1709 799 2

175 832 423 885 uitionesque
446 831 613 872 hostium
625 832 863 881 admiratum
889 831 1043 885 legione
1067 831 1255 884 producta
1268 829 1472 883 cognoscit
1494 842 1573 868 non
1596 828 1661 867 de-

174 900 313 939 cimum
332 913 522 953 quemque
545 913 632 939 esse
654 899 847 952 reliquum
872 899 1034 939 militem
1056 899 1143 940 sine
1166 899 1353 939 uulnere:
1381 911 1432 937 ex
1454 897 1514 937 his
1537 895 1660 936 omni·
1682 894 1707 935 3

174 968 244 1007 bus
266 968 412 1007 iudicat
432 968 574 1016 rebus,
611 974 756 1020 quanto
781 981 868 1006 cum
891 967 1064 1020 periculo
1089 974 1126 1007 et
1150 973 1296 1020 quanta
1318 980 1404 1005 cum
1426 965 1574 1005 uirtute
1595 977 1660 1003 res

174 1036 254 1075 sint
275 1035 587 1075 administratae.
642 1033 877 1075 Ciceronem
908 1049 978 1088 pro
1001 1035 1085 1076 eius
1109 1035 1249 1075 merito
1272 1033 1546 1086 legionemque
1569 1046 1661 1072 con·
1682 1029 1709 1070 4

174 1103 330 1153 laudat3
357 1103 609 1143 centuriones
632 1102 858 1156 singillatim
883 1103 1139 1155 tribunosque
1161 1103 1326 1142 militum
1350 1101 1542 1155 appellat,
1568 1114 1663 1152 quo-

175 1186 261 1211 rum
293 1171 495 1226 egregiam
524 1171 646 1211 fuisse
676 1172 860 1211 uirtutem
895 1171 1121 1211 testimonio
1155 1168 1364 1210 Ciceronis
1398 1174 1658 1222 cognouerat.

176 1238 236 1279 De
259 1253 352 1279 casu
376 1238 514 1279 Sabini
550 1247 588 1279 et
609 1236 753 1279 Cottae
776 1239 922 1279 certius
946 1253 999 1279 ex
1022 1238 1187 1292 captiuis
1211 1238 1429 1291 cognoscit.
1492 1234 1661 1276 Postero
1685 1232 1710 1273 5

177 1307 237 1347 die
260 1308 444 1348 contione
466 1307 690 1347 habitarem
705 1315 856 1360 gestam
871 1307 1068 1361 proponit,
1095 1307 1237 1346 milites
1260 1306 1488 1346 consolatur
1509 1311 1548 1344 et
1570 1317 1663 1343 con-

178 1376 329 1415 firmat:
362 1376 461 1428 quod
484 1375 760 1415 detrimentum
783 1375 897 1429 culpa
920 1382 958 1415 et
983 1374 1203 1415 temeritate
1225 1375 1344 1427 legati
1368 1374 1419 1414 sit
1440 1381 1659 1426 acceptum,
1683 1370 1711 1411 6

177 1443 248 1483 hoc
271 1443 459 1496 aequiore
488 1443 616 1482 animo
647 1444 852 1483 ferundum
876 1444 1014 1492 docet⁷
1048 1443 1149 1495 quod
1180 1441 1370 1482 beneficio
1402 1442 1562 1481 deorum
1592 1441 1664 1481 im-

176 1511 400 1550 mortalium
433 1518 473 1550 et
503 1511 652 1551 uirtute
684 1524 821 1551 eorum
853 1511 1012 1565 expiato
1044 1510 1290 1550 incommodo
1325 1523 1453 1566 neque
1486 1509 1663 1549 hostibus

176 1579 323 1619 diutina
345 1579 507 1619 laetatio
531 1592 656 1631 neque
678 1579 774 1632 ipsis
796 1579 953 1633 longior
975 1579 1086 1618 dolor
1107 1578 1368 1630 relinquatur.
1427 1576 1590 1617 Interim
1615 1577 1661 1616 ad
1684 1575 1742 1620 53

174 1644 394 1686 Labienum
418 1660 487 1699 per
507 1645 655 1686 Remos
677 1647 897 1686 incredibili
922 1647 1126 1687 celeritate
1150 1647 1195 1686 de
1218 1646 1385 1686 uictoria
1397 1642 1586 1685 Caesaris
1610 1645 1666 1684 fa-

174 1728 235 1754 ma
258 1715 478 1768 perfertur,
511 1722 577 1761 ut,
603 1729 688 1754 cum
711 1715 757 1755 ab
782 1714 955 1754 hibernis
981 1713 1189 1755 Ciceronis
1213 1714 1314 1754 milia
1344 1727 1529 1767 passuum
1552 1712 1665 1753 abes-

176 1789 236 1822 set
257 1782 415 1822 circiter
434 1790 510 1831 LX,
537 1796 662 1835 eoque
684 1790 772 1836 post
795 1783 929 1823 horam
952 1797 1094 1823 nonam
1118 1783 1194 1823 diei
1218 1779 1371 1822 Caesar
1398 1780 1662 1835 peruenisset,

177 1857 268 1891 ante
299 1851 466 1891 mediam
499 1858 653 1891 noctem
687 1852 733 1891 ad
767 1858 899 1904 portas
923 1859 1145 1892 castrorum
1168 1851 1317 1891 clamor
1339 1856 1547 1899 oreretur,
1589 1862 1665 1901 quo

127 1949 135 1958 .
177 1919 348 1959 clamore
371 1918 605 1972 significatio
627 1920 820 1961 uictoriae
842 1919 1133 1974 gratulatioque
1165 1920 1212 1959 ab
1234 1918 1372 1959 Remis
1395 1916 1576 1957 Labieno
1599 1917 1666 1956 fie-

177 1994 253 2027 ret.
296 1985 382 2027 Hac
405 1988 507 2027 fama
529 1988 576 2028 ad
596 1986 799 2028 Treueros
822 1989 971 2041 perlata
994 1986 1285 2028 Indutiomarus
1300 2019 1310 2037 ,
1335 1987 1400 2040 qui
1423 1992 1583 2040 postero
1605 1985 1666 2025 die
1687 1983 1714 2025 2

178 2062 307 2095 castra
337 2054 506 2096 Labieni
537 2070 762 2110 oppugnare
795 2057 1053 2106 decreuerat,
1096 2063 1214 2096 noctu
1246 2055 1421 2110 profugit
1452 2053 1665 2107 copiasque

178 2137 312 2164 omnes
334 2124 374 2164 in
396 2123 600 2165 Treueros
622 2124 791 2166 reducit.
860 2122 1014 2166 Caesar
1033 2123 1201 2165 Fabium
1224 2138 1309 2164 cum
1333 2137 1404 2164 sua
1424 2121 1580 2176 legione
1602 2134 1664 2161 re-
1686 2119 1712 2160 3

322 2263 335 2295 1
357 2272 457 2294 manu
476 2273 545 2295 om.
565 2274 612 2296 m.
630 2273 687 2305 pr.
710 2265 740 2296 b.
882 2264 902 2298 2
920 2264 1163 2305 aequitatuque
1182 2262 1224 2294 B.
1383 2260 1401 2292 3
1421 2260 1454 2291 in
1475 2258 1588 2300 sugam
1608 2258 1667 2290 dat

179 2313 208 2344 B
224 2313 301 2345 edd.
322 2317 405 2345 ante
423 2314 523 2355 Ald„
544 2315 602 2346 dat
620 2316 652 2346 iu
673 2314 784 2355 fugam
805 2314 917 2346 Aldus
937 2324 971 2345 u.
1112 2313 1177 2355 sic]
1198 2317 1253 2345 set
1269 2314 1353 2343 ante
1373 2320 1464 2342 corr.
1478 2311 1520 2342 B.

181 2366 199 2396 4
218 2365 268 2396 eis
286 2365 347 2406 (B)
364 2366 434 2397 CD
454 2366 615 2407 ‘aliique'
635 2377 678 2406 u,
698 2367 751 2398 his
770 2366 846 2397 edd.
867 2369 951 2397 ante
969 2376 1004 2397 u.
1185 2366 1201 2397 5
1222 2364 1381 2407 prosequi
1403 2363 1512 2395 noluit
1530 2362 1664 2393 ueritus

184 2415 270 2446 bce.
410 2417 428 2449 6
449 2428 556 2460 neque
576 2418 679 2449 etiam
696 2418 736 2450 P.
761 2419 837 2450 145.
979 2418 997 2450 7
1016 2418 1127 2449 locum
1146 2428 1203 2449 eos
1223 2418 1368 2459 relinqui
1390 2417 1448 2448 bc.
1613 2425 1667 2446 co-

182 2467 245 2508 piis
264 2478 331 2499 om.
355 2469 438 2501 bce.
580 2472 598 2503 9
619 2471 752 2512 legione
772 2471 936 2513 producta
954 2472 984 2503 B
1002 2471 1080 2502 edd.
1102 2474 1184 2502 ante
1203 2481 1244 2511 u,
1266 2481 1356 2512 quae
1377 2472 1486 2502 tacita
1501 2470 1668 2512 producta

185 2520 328 2560 legione.
469 2524 509 2556 10
529 2534 729 2566 quemquam
751 2525 810 2555 bc.
952 2525 1121 2565 reliquum
1138 2524 1169 2556 B
1189 2521 1343 2564 ‘ccte7·z''‚
1364 2523 1521 2554 relictum
1542 2522 1662 2554 bede.

325 2583 367 2603 ex
384 2574 426 2605 iis
445 2575 486 2606 B.
630 2576 665 2608 11
690 2580 816 2617 quanta
836 2575 964 2608 uirtute
985 2577 1002 2608 b
1016 2587 1072 2607 ce.
1216 2577 1256 2608 12
1275 2576 1460 2608 conlaudat
1478 2576 1520 2607 B.

188 2622 226 2654 14
245 2623 379 2663 egregie
396 2625 441 2655 D.
629 2627 667 2658 16
686 2627 851 2658 concione
871 2627 945 2667 (B).
1132 2628 1173 2660 18
1194 2627 1373 2659 ferundum
1391 2628 1425 2659 A
1439 2627 1521 2659 CD-

184 2675 227 2706 20
247 2675 386 2706 laetatio
405 2677 475 2708 AB
489 2678 577 2718 CD,
598 2678 732 2710 laetitIa
751 2689 768 2708 e
787 2679 899 2710 ‘alz'z'’.
1056 2680 1099 2713 22
1118 2680 1211 2711 milia
1232 2689 1392 2721 passuum
1411 2679 1549 2710 abesset
1567 2678 1666 2709 circi-

185 2732 237 2758 ter
256 2737 296 2757 Lx
315 2728 346 2758 A
359 2727 418 2767 (B)
432 2728 459 2759 C
473 2729 514 2768 b,·
533 2729 626 2761 milia
646 2740 804 2771 passuum
824 2741 865 2761 xc
884 2730 1025 2762 abesset
1042 2741 1080 2771 e,
1103 2734 1137 2762 et
1166 2732 1173 2746 ‘
1186 2731 1324 2762 circiter
1341 2741 1409 2762 om.
1431 2739 1568 2771 quoqne
1593 2728 1662 2759 ccl’

186 2779 379 2819 (sexaginta
398 2779 486 2821 (B))·
648 2783 692 2815 24
711 2782 767 2824 ad]
789 2787 868 2814 ante
890 2783 920 2813 b.
1100 2787 1257 2814 oreretur
1274 2782 1348 2814 AB
1362 2782 1402 2813 C.
1563 2780 1605 2814 26
1625 2790 1664 2810 ac

187 2832 274 2862 fama
296 2831 334 2862 B.
476 2831 648 2864 Treueros
666 2832 707 2864 B.
849 2833 1100 2865 indutiomarus
1120 2835 1198 2875 (B),
1222 2833 1475 2865 induciomarus
1494 2842 1529 2862 u.

187 2888 323 2925 postera
345 2883 374 2914 b.
544 2885 586 2917 28
604 2883 775 2916 Treueros
795 2885 837 2917 B.
1011 2896 1084 2918 cum
1103 2896 1165 2918 sua
1183 2886 1316 2927 legione
1337 2885 1482 2917 remittit
1499 2884 1530 2916 in
1552 2883 1665 2916 hiber—
