1835 3240
587 126 770 171 COMM.
795 126 814 167 I
845 123 969 169 CAP.
993 124 1195 166 48—51.
1621 126 1705 169 287

149 245 378 288 ercitatione
400 242 583 284 celeritas
599 273 609 292 ,
642 248 684 282 ut
704 240 805 282 iubis
828 253 1016 293 equorum
1038 236 1234 278 subleuati
1255 250 1415 276 cursum
1437 239 1630 293 adaequa-

147 321 250 355 rent.
305 309 384 353 Vbi
413 324 500 351 eum
532 310 674 350 eastris
706 323 748 349 se
781 316 919 349 tenere
953 304 1109 348 Caesar
1139 303 1365 354 intellexit,
1409 318 1456 344 ne
1482 306 1624 348 diutius
1647 309 1705 353 49

146 386 363 421 commeatu
395 379 698 433 prohiberetur,
734 378 836 418 ultra
869 390 957 416 eum
987 375 1140 422 locum,
1174 387 1249 426 quo
1271 372 1311 412 in
1334 372 1420 411 loco
1443 371 1633 414 Germani

148 448 422 497 consederant,
448 447 606 487 circiter
628 459 766 500 passus
789 450 1003 485 sexcentos
1027 442 1074 483 ab
1096 441 1170 491 iis,
1206 440 1349 480 castris
1371 440 1554 480 idoneum
1578 442 1634 482 lo-

102 525 120 555 5
143 530 227 555 cum
251 515 395 569 delegit
416 515 576 567 acieque
601 513 743 567 triplici
764 512 960 552 instructa
983 511 1029 550 ad
1054 524 1140 550 eum
1164 509 1288 549 locum
1313 508 1436 547 uenit.
1462 506 1634 549 Primam
1656 509 1681 549 2

149 591 188 625 et
220 583 433 623 secundam
466 583 591 622 aciem
622 582 663 621 in
695 579 815 620 armis
845 593 959 627 esse,
991 578 1145 618 tertiam
1179 584 1308 617 castra
1332 575 1484 616 munire
1505 576 1634 616 iussit.

149 650 224 692 Hic
247 652 357 691 loeus
380 651 426 691 ab
452 652 562 691 hoste
585 649 746 690 circiter
767 661 905 702 passus
928 653 1159 695 sexcentos,
1184 647 1241 686 uti
1264 646 1406 685 dictum
1430 650 1514 695 est,
1547 644 1637 685 abe·
1659 644 1684 684 3

149 727 227 760 rat.
280 718 342 759 Eo
373 719 532 759 circiter
563 717 761 757 hominum
795 729 959 755 numero
990 714 1161 754 sedecim
1195 713 1300 754 milia
1333 711 1519 766 expedita
1551 726 1638 751 cum

151 788 256 827 omni
278 787 454 840 equitatu
475 786 705 826 Ariouistus
728 784 857 834 misit,
891 797 990 837 quae
1013 783 1148 836 copiae
1180 789 1339 822 nostros
1368 786 1641 834 perterrerent

81 863 119 895 10
153 863 191 896 et
213 855 429 896 munitione
452 854 719 908 prohiberent.
761 851 901 892 Nihilo
924 852 1054 891 secius
1085 848 1260 899 Caesar,
1296 856 1338 889 ut
1369 855 1460 888 ante
1491 847 1640 888 consti·
1662 846 1687 886 4

151 931 296 973 tuerat,
322 923 415 962 duas
437 922 543 962 acies
566 923 716 961 hostem
739 920 983 973 propulsare,
1010 918 1164 959 tertiam
1189 916 1488 971 opusperlicere
1505 915 1635 955 iussit.

152 990 320 1032 Munitis
347 990 490 1030 eastris
522 990 617 1029 duas
649 988 700 1028 ibi
730 988 907 1041 legiones
941 987 1099 1039 reliquit
1129 993 1167 1027 et
1199 992 1348 1039 partem
1381 983 1635 1031 auxiliorum,
1661 982 1685 1023 5

153 1067 338 1114 quattuor
359 1059 529 1111 reliquas
552 1057 591 1097 in
614 1063 745 1097 castra
767 1056 915 1096 maiora
936 1055 1113 1095 reduxit.
1157 1052 1349 1093 Proximo
1373 1052 1434 1092 die
1457 1052 1638 1092 instituto
1660 1051 1718 1095 50

153 1143 223 1169 suo
247 1126 398 1169 Caesar
420 1140 440 1166 e
464 1125 605 1166 castris
627 1125 804 1177 utrisque
826 1124 958 1178 copias
987 1136 1080 1163 suas
1103 1122 1241 1162 eduxit
1262 1122 1496 1175 paulumque
1518 1134 1540 1159 a
1562 1134 1643 1159 ma-

86 1206 120 1237 15
153 1196 302 1237 ioribus
326 1195 466 1236 castris
490 1207 726 1249 progressus
749 1193 873 1233 aciem
895 1191 1112 1240 instruxit,
1148 1190 1326 1230 hostibus
1357 1188 1554 1243 pugnandi
1577 1201 1643 1241 po-

156 1271 337 1305 testatem
363 1263 469 1303 fecit.
496 1262 592 1318 ,Vbi
615 1276 665 1302 ne
689 1269 766 1301 tum
790 1261 942 1314 quidem
967 1273 1034 1299 cos
1057 1259 1214 1313 prodire
1236 1257 1459 1307 intellexit,
1486 1256 1644 1296 circiter
1663 1255 1690 1296 2

157 1333 358 1373 meridiem
391 1331 611 1371 exercitum
642 1330 682 1370 in
713 1337 843 1370 eastra
874 1329 1048 1368 reduxit.
1101 1326 1206 1367 Tum
1239 1327 1390 1366 demum
1415 1324 1643 1364 Ariouistus

159 1407 308 1454 partem
331 1413 489 1439 suarum
515 1399 739 1452 copiarum,
775 1411 873 1450 quae
896 1404 1027 1437 castra
1049 1396 1200 1435 minora
1225 1401 1484 1447 oppugnaret,
1521 1392 1642 1432 misit.

157 1468 319 1508 Acriter
340 1467 533 1519 utrimque
556 1480 678 1519 usque
701 1466 747 1507 ad
770 1479 977 1518 uesperum
1001 1469 1215 1516 pugnatum
1238 1469 1313 1502 est.
1368 1459 1473 1501 Solis
1503 1474 1646 1501 occasu
1667 1459 1692 1500 3

80 1544 122 1575 ‘20
154 1551 246 1576 suas
270 1537 401 1589 copias
424 1534 652 1574 Ariouistus
675 1534 806 1573 multis
839 1540 878 1573 et
908 1532 1040 1573 inlatis
1068 1538 1107 1571 et
1135 1531 1308 1584 acceptis
1342 1529 1574 1570 uulneribus
1606 1529 1645 1568 in

162 1610 293 1644 eastra
314 1603 489 1643 reduxit.
544 1600 645 1642 Cum
680 1616 732 1642 ex
764 1601 929 1655 captiuis
964 1606 1173 1653 quaereret
1195 1596 1362 1647 Caesar,
1396 1596 1649 1650 quamobrem
1671 1595 1698 1635 4

158 1671 386 1711 Ariouistus
409 1670 557 1724 proelio
580 1684 658 1710 non
682 1671 932 1718 decertaret,
960 1668 1058 1707 hanc
1081 1666 1305 1721 reperiebat
1327 1678 1485 1705 causam
1502 1694 1512 1713 ,
1545 1664 1647 1717 qnod

159 1739 259 1793 apud
296 1737 517 1779 Germanos
548 1752 594 1778 ea
627 1736 868 1778 consuetudo
901 1743 1032 1785 esset,
1077 1742 1120 1775 ut
1157 1733 1480 1774 matresfamiliae
1512 1746 1647 1772 eornm

159 1806 330 1847 sortibus
354 1813 393 1846 et
414 1806 759 1846 uaticinationibus
784 1805 1055 1853 declararent,
1091 1810 1221 1843 utrum
1244 1801 1434 1856 proelium
1458 1800 1649 1840 committi

84 1882 124 1912 ¹25
159 1888 210 1913 ex
231 1888 303 1914 usu
326 1881 447 1924 esset,
483 1888 630 1924 necne3
665 1888 731 1913 eas
754 1873 810 1913 ita
843 1874 997 1913 dicere:
1033 1886 1112 1912 non
1135 1885 1224 1912 esse
1246 1872 1306 1911 fas
1340 1868 1562 1910 Germanos
1586 1883 1650 1908 su-
1672 1867 1696 1907 5

159 1955 314 1995 perare,
340 1943 373 1982 si
396 1950 487 1983 ante
510 1956 650 1983 nouam
673 1942 805 1982 lunam
829 1941 978 1995 proelio
993 1939 1305 1980 contendissent.
1343 1936 1543 1978 Postridie
1566 1937 1650 1977 eius
1673 1935 1723 1980 51

164 2010 239 2050 diei
272 2007 424 2051 Caesar
454 2011 690 2065 praesidium
724 2010 900 2064 utrisque
934 2008 1103 2059 castris,
1139 2007 1242 2060 quod
1273 2006 1371 2046 satis
1403 2019 1492 2046 esse
1523 2005 1652 2045 uisum

283 2125 303 2159 2
323 2136 399 2157 sese
420 2136 467 2157 m.
488 2137 557 2158 sec,
578 2127 620 2164 B,
642 2126 737 2169 quod
757 2125 844 2158 ond.
868 2124 1060 2166 ‘mss.sere
1079 2121 1209 2155 omncs'
1229 2124 1372 2152 secutus
1390 2122 1563 2151 mutauit.

159 2175 177 2207 4
196 2185 332 2217 passum
354 2177 384 2208 b.
481 2182 660 2209 sescentos
680 2188 725 2209 m.
745 2187 802 2218 pr.
824 2176 866 2208 B.
946 2175 987 2208 ab
1002 2175 1053 2206 his
1072 2172 1224 2214 ABEJ,
1246 2172 1347 2203 abeis
1370 2169 1542 2203 Clarlfius
1561 2173 1599 2201 et
1613 2179 1649 2201 u.

305 2227 323 2259 6
343 2228 466 2259 muniri
485 2229 527 2260 A.
710 2228 728 2260 7
749 2227 815 2269 hic]
837 2228 865 2258 is
886 2227 904 2258 b
924 2237 954 2258 e.
1127 2227 1305 2256 sescentos
1323 2233 1370 2254 m.
1387 2232 1447 2265 pr.
1465 2222 1508 2253 Β.

162 2279 182 2310 8
201 2288 338 2310 numero
357 2289 425 2310 om.
447 2280 504 2321 ef.
652 2279 670 2312 9
692 2283 866 2311 terrerent
882 2278 914 2309 D
934 2280 970 2309 et
986 2287 1033 2308 m.
1049 2286 1110 2318 pr.
1130 2275 1171 2307 B.
1333 2274 1374 2306 10
1393 2273 1599 2304 munitiones
1621 2273 1652 2303 b.

316 2330 356 2362 13
376 2335 539 2371 quattuor
557 2331 609 2371 A,
631 2334 778 2372 quatuor
796 2328 856 2370 (B)
871 2328 920 2368 E,
941 2338 991 2359 1111
1007 2327 1044 2369 f.
1209 2324 1374 2366 reliquas]
1396 2324 1550 2365 legiones
1570 2323 1653 2355 add.

166 2379 261 2411 ‘mss.
282 2381 458 2413 nonnulli'
478 2385 513 2413 et
530 2392 574 2413 m.
595 2393 663 2413 sec.
685 2382 727 2413 B.
856 2380 896 2412 14
915 2379 1119 2421 paulumque
1139 2378 1171 2409 A
1186 2377 1312 2417 CDE,
1333 2376 1551 2418 paullumque
1572 2375 1653 2416 (B);

165 2432 403 2474 paululumque
420 2434 562 2474 s‘mss.
584 2431 628 2465 4‘.
806 2431 845 2463 15
862 2431 986 2462 castris
1005 2441 1073 2462 om.
1094 2429 1152 2471 ef
1165 2439 1200 2459 u.
1343 2427 1500 2458 hostibus
1519 2428 1551 2458 A
1561 2427 1593 2458 Ι)
1607 2427 1652 2465 Ε,

169 2482 390 2525 hostibusque
408 2485 438 2516 B
456 2485 603 2526 (diserto
623 2483 842 2524 testimonio)
863 2482 928 2525 (f)
949 2493 983 2513 u.
1011 2482 1051 2513 Ρ.
1073 2481 1129 2513 69.
1272 2479 1312 2512 17
1332 2479 1364 2510 in
1385 2489 1453 2511 om.
1474 2489 1522 2510 m.
1538 2488 1596 2520 pr.
1614 2479 1654 2509 ('.

312 2535 351 2567 18
370 2536 469 2579 quae]
489 2542 527 2569 ut
546 2538 576 2568 b.
688 2537 727 2568 19
747 2535 918 2577 utrimque
938 2534 1023 2576 As,
1043 2533 1205 2574 utrinque
1225 2531 1300 2573 (B).
1410 2540 1590 2572 uesperam
1609 2530 1652 2561 I).

309 2586 352 2619 20
372 2587 488 2618 inlatis
506 2588 665 2630 ABEs.
784 2587 827 2621 22
846 2585 1066 2628 repperiebat
1083 2585 1125 2616 B.
1268 2582 1310 2616 23
1331 2591 1370 2614 ea
1390 2592 1458 2613 om.
1480 2582 1511 2612 b.

174 2636 450 2669 matresfamilias
469 2640 514 2671 D.
658 2649 773 2671 eorum
793 2649 862 2670 om.
879 2638 924 2669 D.
1051 2637 1094 2671 24
1112 2635 1263 2667 sortibus
1281 2633 1654 2673 uaticinationibusqu(⁸

172 2686 348 2719 declarent
362 2699 408 2720 m.
424 2699 484 2730 pr.
508 2691 538 2721 b.
686 2691 729 2723 25
750 2694 845 2721 esset
863 2691 930 2720 int.
951 2698 1046 2720 vers.
1070 2688 1110 2719 C.
1263 2687 1305 2718 2ss
1326 2695 1447 2717 nonam
1466 2686 1519 2716 C?
1538 2684 1652 2715 Οιιτοη.

172 2740 206 2768 ct
223 2747 270 2768 m.
285 2748 354 2768 sec.
377 2739 418 2771 Β.
581 2741 622 2775 27
642 2740 850 2783 praesidium
870 2739 956 2780 (Ao)
974 2739 1004 2771 B
1020 2739 1077 2770 Ee
1097 2737 1199 2779 (⁴secl,
1220 2741 1261 2769 ut
1278 2737 1435 2773 uidetur,
1455 2735 1531 2766 alia
1551 2734 1656 2764 lectio

177 2790 229 2821 ibi
242 2791 570 2833 priussuz‘tpostea
590 2792 667 2824 ead.
687 2803 733 2824 m.
754 2791 906 2824 mutata'
926 2790 1078 2831 Elberl.)
1097 2791 1142 2832 ,ἢ
1174 2789 1347 2832 praesidio
1367 2787 1486 2829 (Aa).p
1509 2786 1536 2816 ('
1557 2786 1593 2823 b,
1622 2787 1659 2815 et

174 2845 209 2873 in
234 2843 259 2873 B
278 2843 412 2874 litteris
431 2844 496 2874 ium
512 2846 658 2884 punctis
677 2846 812 2876 notatis
829 2843 905 2874 ead.
927 2852 972 2873 m.
996 2852 1013 2873 o
1032 2851 1193 2884 supr-ase.
1306 2849 1382 2871 esse
1402 2848 1468 2869 om.
1491 2845 1606 2877 vnpr.
1622 2835 1653 2867 b.

1730 1790 1751 1811 *x
