1835 3240
745 204 857 209 -—-
921 177 998 219 19⁵2
1061 203 1170 208 -—

213 305 308 331 uero
339 305 420 332 sec.
458 298 497 331 et
520 291 634 332 Leid.
661 306 718 346 pr.
747 293 831 332 ‘in'.
868 292 969 332 Hinc
993 298 1154 345 apparet
1175 292 1376 332 librarium
1401 293 1616 333 orationem
1639 294 1696 333 sic

211 360 529 399 conformandam
552 367 736 413 putasse:
775 359 950 412 ‘imponit
982 359 1020 398 in
1043 359 1205 399 alteram
1227 360 1379 400 insulae
1401 360 1578 412 partem'.
1616 359 1693 400 lta-

213 440 286 479 que
308 428 636 481 praepositionem
662 427 728 465 ‘in'
754 427 896 466 deleui.

325 492 437 546 Quae
460 501 692 546 sequuntur,
719 494 771 533 ita
795 508 815 533 a
839 494 1107 548 superioribus
1130 493 1231 534 edita
1251 501 1368 533 sunt:
1398 494 1473 534 ‘Ac
1488 495 1609 547 primo
1625 496 1693 534 im*-

211 568 338 614 petum
372 569 593 601 nostrorum
625 561 773 614 pariter
807 563 1104 601 sustinuerunt:
1141 576 1218 601 uno
1250 562 1351 600 enim
1384 568 1559 614 tempore
1582 570 1694 603 etex

212 630 327 669 tectis
350 628 615 668 aedificiorum
640 628 936 682 propugnabant
958 636 997 668 et
1017 629 1151 669 littora
1164 630 1301 668 armati
1317 629 1593 679 defendebant,
1619 644 1693 682 quo

212 703 372 750 propter
394 696 645 748 asperitatem
669 697 743 736 loci
768 710 844 735 non
871 696 994 736 facilis
1018 696 1164 736 nostris
1187 697 1313 736 aditus
1337 696 1514 745 dabutur,
1550 703 1587 735 et
1610 710 1695 736 sca-

212 764 296 817 phis
320 763 563 816 nauibusque
586 764 712 818 longis
736 764 905 816 quinque
929 764 1125 804 mobiliter
1147 771 1185 803 et
1207 764 1378 803 scienter
1396 763 1597 817 angustias
1621 765 1696 804 loci

212 830 438 870 tuebantur.
483 829 562 871 Sed
599 832 658 870 ubi
693 832 858 884 primum
888 831 983 870 locis
1018 831 1184 884 cognitis
1217 831 1404 883 uadisque
1427 832 1694 884 pertemptatis

212 898 324 951 pauci
358 898 480 937 nostri
512 899 551 937 iu
584 899 714 938 littore
747 899 1011 938 constiterunt
1034 905 1148 952 atque
1181 899 1251 938 hos
1284 906 1374 938 sunt
1407 898 1470 938 alii
1495 899 1695 939 subsecuti

211 972 514 1018 constanterque
536 966 576 1006 in
599 979 681 1014 eos,
709 967 769 1018 qui
793 967 832 1005 in
855 966 987 1006 littore
1020 980 1143 1018 aequo
1166 966 1408 1015 institerant,
1435 966 1617 1018 impetum
1641 967 1696 1007 fe-

211 1040 368 1083 cerunt,
403 1047 538 1073 omnes
570 1031 755 1072 Pharitae
780 1040 889 1086 terga
912 1040 1130 1073 uerterunt.
1165 1032 1238 1073 His
1260 1034 1381 1087 pulsis
1409 1033 1583 1072 custodia
1608 1048 1696 1087 por·-

209 1108 273 1140 tus
307 1101 445 1141 relicta
476 1101 521 1140 ad
551 1102 682 1141 littora
715 1108 753 1140 et
783 1101 912 1140 uicum
948 1101 1191 1155 applicarunt
1221 1115 1341 1154 seque
1372 1115 1425 1141 ex
1456 1101 1696 1141 nauibus-ad

211 1169 355 1208 tuenda
387 1169 561 1208 aedilicia
594 1168 826 1208 eiecerunt'.
863 1167 1053 1221 Apertum
1077 1176 1160 1218 est,
1195 1169 1260 1221 qui
1281 1169 1327 1208 ad
1351 1168 1483 1207 littora
1506 1175 1545 1207 et
1567 1169 1693 1208 uicum

210 1237 510 1290 applicauerunt
532 1249 652 1289 seque
676 1250 728 1276 ex
750 1236 916 1275 nauibus
941 1236 1159 1285 eiecerunt,
1186 1250 1253 1276 eos
1280 1235 1566 1288 intellegendos
1590 1250 1693 1285 esse,

210 1304 273 1356 qui
298 1318 412 1356 supra
444 1304 598 1357 scaphis
632 1304 874 1356 nauibusque
896 1303 1024 1357 longis
1047 1305 1217 1356 quinque
1240 1302 1436 1342 mobiliter
1465 1309 1504 1342 et
1525 1302 1700 1342 scienter

210 1372 412 1424 angustias
435 1371 509 1411 loci
534 1371 647 1410 tutati
670 1384 758 1410 esse
780 1372 976 1411 dicuntur.
1010 1369 1148 1423 Itaque
1172 1371 1272 1410 male
1289 1371 1328 1410 in
1341 1370 1569 1423 quibusdam
1593 1370 1700 1409 dete—

209 1439 381 1478 rioribus
404 1439 515 1478 codd.
541 1439 724 1492 scriptum
749 1445 810 1478 est
833 1438 887 1478 ‘hi
910 1437 1041 1491 pulsi'.
1075 1436 1153 1478 Sed
1176 1439 1239 1491 qui
1260 1438 1315 1478 ita
1329 1438 1474 1491 posuit,
1499 1437 1701 1491 perspexit

212 1506 401 1546 extremis
436 1507 565 1546 uerbis
599 1506 818 1546 subiectum
842 1506 1058 1545 addendum
1083 1506 1219 1546 fuisse.
1255 1504 1298 1545 ln
1322 1505 1469 1545 duobus
1493 1505 1699 1545 deteriori—

211 1574 282 1614 bus
315 1575 446 1622 codd.‚
486 1574 590 1627 Reg.
624 1581 663 1614 et
683 1573 834 1623 Noru.,
866 1573 1012 1625 legitur
1044 1573 1235 1613 ‘custodia
1260 1579 1394 1626 portus
1417 1572 1554 1612 relicta
1577 1586 1698 1612 naues

212 1642 258 1681 ad
292 1642 423 1682 littora
456 1649 495 1682 et
527 1643 654 1681 uicum
687 1640 1022 1694 applicauerunt’:
1063 1641 1177 1693 idque
1209 1638 1513 1692 Oudendorpius
1545 1639 1584 1678 in
1615 1639 1697 1679 suis

211 1723 365 1761 quoque
389 1709 582 1762 plerisque
606 1709 718 1748 codd.
745 1708 821 1762 legi
845 1708 914 1754 ait,
950 1708 984 1747 si
1007 1708 1207 1761 excerptis
1229 1707 1277 1747 sit
1302 1707 1396 1747 fides
1421 1706 1610 1746 habenda.
1645 1704 1698 1746 Se

212 1775 337 1829 ipsum
360 1790 456 1816 uero
488 1789 612 1828 neque
642 1776 682 1816 in
701 1774 816 1815 Leid.
843 1789 901 1828 pr.
925 1788 1050 1830 neque
1072 1775 1111 1814 in
1135 1775 1268 1828 primis
1297 1775 1383 1814 edd.
1413 1774 1563 1813 ‘naues'
1588 1774 1699 1813 inue—

212 1844 318 1884 nisse
332 1845 511 1884 affirmat.
546 1841 663 1882 Nunc
675 1843 713 1882 in
727 1843 886 1895 reliquis
901 1842 1054 1895 optimis
1066 1843 1140 1896 legi
1158 1857 1239 1882 mea
1256 1842 1412 1882 collatio
1426 1840 1518 1881 Par.
1536 1855 1617 1881 sec.
1632 1841 1698 1879 do-

213 1918 289 1950 cet.
325 1908 403 1950 Sed
425 1911 532 1960 licet,
559 1924 642 1949 cum
667 1924 788 1950 naues
811 1909 1067 1963 applicauisse
1091 1909 1287 1956 dicuntur,
1313 1909 1569 1962 primauerba
1590 1915 1700 1947 recta

213 1979 308 2028 sint,
345 1986 474 2018 tamen
506 1985 583 2018 tum
615 1978 762 2030 reliqua
796 1977 894 2017 adici
919 1991 996 2016 non
1028 1983 1209 2030 poterant
1234 1982 1368 2028 ‘seque
1392 1990 1444 2015 ex
1466 1976 1630 2015 nauibus
1653 1977 1700 2016 ad

215 2046 358 2086 tuenda
389 2046 564 2086 aedilicia
599 2044 815 2085 eiecerunt'
847 2045 951 2084 nullo
974 2051 1083 2084 certo
1106 2044 1281 2083 subiecto
1304 2044 1539 2096 significato.
1573 2042 1700 2083 Recte

215 2114 310 2154 haee
332 2127 353 2153 a
376 2112 525 2153 Iurinio
549 2114 604 2153 ita
626 2113 827 2152 emendata
851 2119 965 2151 sunt:
995 2111 1083 2151 ‘His
1107 2111 1227 2164 pulsis
1251 2110 1450 2149 custodiae
1464 2117 1597 2161 portus
1609 2110 1701 2150 reli-

215 2182 267 2221 cti
291 2196 412 2222 naues
435 2182 480 2222 ad
505 2181 639 2220 littora
660 2187 698 2220 et
720 2180 847 2220 uicum
863 2179 1234 2233 applicaruntseque
1249 2191 1301 2218 ex
1315 2176 1481 2216 nauibus
1496 2177 1542 2215 ad
1557 2177 1698 2215 tuenda

215 2249 389 2289 aedilicia
415 2248 645 2289 eiecerunt'.

328 2315 445 2356 Initio
479 2330 513 2356 c.
548 2316 599 2355 21
636 2316 730 2355 haec
761 2315 1018 2368 legebantur:
1057 2311 1241 2363 ‘Caesar,
1267 2313 1390 2367 quoad
1415 2311 1538 2366 potuit
1561 2310 1698 2350 cobor-

220 2385 336 2424 tando
367 2398 459 2425 suos
493 2383 539 2423 ad
572 2391 727 2437 pontem
760 2397 805 2423 ac
829 2383 1069 2423 munitiones
1093 2381 1345 2430 contendere,
1381 2380 1515 2420 eodem
1538 2378 1578 2418 in
1600 2378 1703 2431 peri-

217 2451 303 2491 culo
327 2459 509 2491 uersatus
533 2459 608 2501 est,
633 2459 835 2505 postquam
850 2451 1057 2491 uniuersos
1071 2449 1209 2489 cedere
1223 2448 1513 2495 animaduertit,
1540 2447 1579 2486 in
1591 2460 1701 2485 suum

217 2519 415 2573 nauigium
440 2533 482 2558 se
505 2518 682 2572 recepit'.
721 2516 799 2558 Sed
824 2518 944 2559 uerba
965 2514 1570 2571 ‘quoadpotuitsscontendere*
1595 2513 1701 2553 nullo

219 2586 332 2626 modo
355 2593 463 2625 recte
486 2586 642 2625 habent.
680 2583 775 2626 Siue
799 2587 900 2626 enim
924 2584 1138 2626 Caesarem
1161 2583 1400 2624 cohortando
1422 2596 1512 2621 suos
1530 2612 1539 2630 ,
1575 2581 1701 2633 quoad

217 2654 426 2707 potuisset,
452 2660 493 2692 ut
516 2654 562 2692 ad
586 2661 741 2706 pontem
765 2655 1065 2702 contenderent,
1091 2652 1129 2691 in
1151 2650 1286 2690 eodem
1309 2649 1482 2702 periculo
1506 2654 1700 2688 uersatum

218 2734 305 2762 esse
328 2721 402 2761 dici
426 2721 633 2760 statuimus
649 2752 658 2768 ,
694 2721 777 2760 siue
807 2722 934 2774 quoad
966 2720 1159 2774 potuisset
1187 2717 1269 2771 ipse
1293 2717 1337 2756 ad
1362 2724 1519 2771 pontem
1541 2722 1703 2756 conten—

218 2789 334 2839 dere,
366 2796 569 2841 utrumque
600 2788 772 2841 ineptum
797 2795 881 2837 est,
914 2802 998 2828 cum
1033 2788 1067 2828 ei
1090 2800 1217 2839 neque
1240 2784 1470 2825 cohortandi
1503 2796 1627 2835 neque
1656 2782 1702 2822 ad

218 2863 375 2910 pontem
407 2855 667 2896 contendendi
699 2856 863 2895 facultas
896 2869 1076 2908 umquam
1107 2854 1338 2907 eriperetur.
1395 2851 1546 2892 Deinde
1581 2851 1702 2903 ipsum
