1835 3240
94 558 112 589 5

68 895 107 929 10

71 1234 111 1266 15

68 1571 111 1606 20

575 162 756 206 COMM.
781 160 887 212 Vnt·
903 159 1026 211 CAP.
1051 159 1195 202 6-8,
1615 160 1697 202 465

143 281 270 323 silium
294 292 442 328 eorum,
466 277 716 319 inueniebat:
742 276 981 317 Bellouacos
1003 287 1139 315 omnes
1157 304 1167 323 ,
1192 273 1257 326 qui
1278 287 1386 313 arma
1410 274 1514 315 ferre
1534 288 1621 329 pos·
1643 274 1670 315 4

142 355 252 396 sent,
288 347 328 387 in
350 360 466 386 unum
490 346 617 386 locum
641 344 878 395 conuenisse
894 375 905 394 ,
939 343 1109 396 itemque
1129 341 1348 381 Ambianos
1364 371 1374 390 ‚
1409 341 1620 393 Aulercos,

141 412 327 464 Caletos,
351 412 638 463 Velliocassis,
663 412 900 462 Atrebatas3
925 413 1053 452 locum
1076 410 1217 450 castris
1240 409 1441 448 excelsum
1464 408 1504 447 in
1526 409 1623 449 silua

141 482 379 524 circumdata
402 481 538 535 palude
561 481 754 534 delegisse
770 510 780 528 ,
814 479 1089 533 impedimenta
1113 477 1239 518 omnia
1263 477 1304 517 in
1326 475 1536 516 ulteriores
1559 477 1626 516 sil-

144 564 213 590 uas
236 549 466 589 contulisse.
511 546 732 602 Conplures
755 561 843 587 esse
866 547 1060 600 principes
1084 546 1174 586 belli
1197 551 1379 585 auctores
1395 574 1405 593 ,
1439 543 1507 584 sed
1530 544 1627 584 mul-

140 617 345 657 titudinem
370 616 540 657 maxime
564 613 717 656 Correo
740 622 1012 668 optemperare
1027 645 1038 663 ,
1073 613 1173 666 quod
1196 613 1228 653 ei
1252 626 1404 653 summo
1427 624 1515 652 esse
1537 612 1626 652 odio

143 700 285 726 nomen
310 685 439 738 populi
461 683 631 724 Romani
652 682 960 722 intellexissent.
1014 679 1158 721 Paucis
1190 687 1280 720 ante
1313 679 1449 720 diebus
1481 693 1534 718 ex
1565 679 1625 719 his
1648 677 1673 719 5

144 754 285 794 castris
309 752 537 792 Atrebatem
562 748 782 792 Commium
813 749 1047 789 discessisse
1076 749 1125 788 ad
1156 747 1305 787 auxilia
1336 746 1625 787 Germanorum

141 821 391 870 adducenda3
426 833 590 873 quorum
621 826 660 859 et
682 818 865 858 uicinitas
889 817 1104 870 propinqua
1126 822 1165 855 et
1186 815 1390 855 multitudo
1414 821 1520 855 esset
1539 815 1627 854 infi-

141 889 236 929 nita.
283 886 552 929 Constituisse
573 892 700 926 autem
716 883 952 925 Bellouacos
976 884 1146 924 omnium
1172 882 1387 937 principum
1410 896 1624 934 consensu,
1648 881 1675 923 6

142 970 290 996 summa
315 955 438 1009 plebis
462 954 693 1008 cupiditate,
730 954 789 1003 si,
827 959 866 992 ut
889 953 1111 1001 diceretur,
1145 947 1298 991 Caesar
1321 964 1405 989 cum
1427 951 1550 990 tribus
1573 951 1628 990 le-

141 1023 321 1077 gionibus
344 1023 516 1072 ueniret,
541 1022 686 1062 offerre
708 1035 749 1061 se
764 1021 810 1061 ad
826 1020 1102 1069 dimicandum,
1129 1032 1177 1059 ne
1189 1018 1397 1058 miseriore
1412 1031 1457 1058 ac
1470 1018 1627 1058 duriore

142 1101 278 1144 postea
300 1090 531 1130 condicione
553 1104 640 1130 cum
665 1095 746 1129 toto
769 1089 951 1128 exercitu
974 1088 1178 1127 decertare
1203 1092 1467 1140 cogerentur,
1493 1086 1526 1126 si
1548 1100 1628 1126 ma-
1649 1085 1675 1127 7

143 1159 248 1199 iores
271 1159 402 1212 copias
425 1158 637 1198 adduceret
654 1188 664 1207 ,
698 1157 737 1196 in
769 1170 815 1196 eo
845 1156 931 1196 loco
954 1168 1209 1210 permanere,
1234 1168 1346 1207 quem
1370 1153 1627 1208 delegissent,

146 1226 393 1280 pabulatione
416 1233 562 1275 autem,
588 1239 685 1278 quae
708 1232 868 1279 propter
889 1224 982 1263 anni
1005 1230 1154 1276 tempus
1178 1236 1262 1262 cum
1286 1222 1431 1277 exigua
1447 1229 1528 1261 tuin
1551 1222 1629 1262 dis-

144 1294 246 1334 iecta
269 1301 400 1343 esset,
426 1302 463 1334 et
486 1293 791 1334 frumentatione
815 1300 853 1332 et
875 1293 1027 1345 reliquo
1051 1297 1270 1331 commeatu
1293 1303 1346 1330 ex
1366 1290 1519 1330 insidiis
1542 1305 1631 1344 pro-

146 1361 278 1401 bibere
301 1360 519 1401 Romanos.
564 1359 677 1413 Quae
701 1358 854 1401 Caesar
884 1358 1222 1400 consentientibus
1253 1357 1428 1411 pluribus
1458 1372 1545 1398 cum
1568 1372 1634 1398 eo·
1656 1357 1685 1402 8

144 1435 309 1482 gnosset
330 1436 446 1482 atque
469 1443 539 1479 ea,
575 1443 672 1482 quae
703 1435 1041 1482 proponerentur,
1076 1426 1240 1466 consilia
1262 1425 1376 1479 plena
1400 1426 1630 1480 prudentiae

144 1497 337 1551 longeque
360 1512 383 1537 a
404 1497 627 1537 temeritate
649 1496 901 1537 harbarorum
926 1502 1074 1536 remota
1099 1508 1187 1534 esse
1209 1494 1427 1544 iudicaret,
1453 1494 1631 1534 omnibus

142 1565 260 1605 rebus
283 1564 581 1605 inseruiendum
604 1564 757 1613 statuit,
782 1578 856 1616 quo
880 1564 1046 1604 celerius
1071 1562 1194 1602 bostis
1210 1568 1430 1615 contempta
1455 1576 1524 1602 sua
1538 1576 1632 1616 pau-

147 1633 266 1673 citate
287 1633 462 1686 prodiret
491 1632 531 1672 in
564 1633 703 1672 aciem.
748 1629 970 1685 Singularis
1002 1630 1103 1671 enim
1138 1629 1297 1669 uirtutis
1320 1630 1554 1670 ueterrimas
1577 1630 1632 1670 le·-
1653 1629 1681 1671 2

291 1815 304 1847 1
326 1815 542 1858 inueniebat]
563 1816 792 1857 cognoscebat
811 1826 827 1847 e
846 1817 940 1848 And.
963 1816 1078 1848 Owen.
1098 1816 1175 1848 eod.
1198 1816 1282 1848 l'rs.
1434 1813 1635 1847 2Aulu1·cos

144 1864 175 1896 B
193 1867 230 1896 et
243 1867 296 1896 sic
313 1870 380 1897 aut
397 1866 619 1906 ‘Autem-eos,
650 1867 798 1899 Amuras
812 1893 820 1908 ,
851 1867 1031 1900 Muloritos
1050 1867 1160 1908 mss),
1193 1868 1336 1899 Alurcos
1355 1866 1454 1908 apud
1473 1866 1635 1898 Orosinm

145 1927 229 1948 mss.
250 1918 397 1959 quidam
417 1920 666 1961 Hauercampz'.
792 1920 811 1951 3
832 1919 983 1959 Caletos,
1004 1930 1073 1951 non
1093 1919 1245 1959 Caletes,
1266 1919 1323 1950 Be
1344 1917 1554 1959 ‘plerique’,·
1575 1917 1636 1949 Sa-

145 1969 234 2000 letos
253 1969 350 2010 apud
369 1969 529 2001 Orosinm
549 1981 632 2001 mss.
653 1970 753 2012 quid.
772 1971 1013 2012 Hauereampi
1025 1974 1061 2002 et
1072 1971 1267 2002 Portensis.
1411 1968 1635 2001 Velliocassis

145 2020 176 2052 B
194 2024 228 2052 et
240 2019 472 2054 Velliocasses
495 2023 591 2053 ‘mss.
606 2021 796 2064 plerique',
817 2021 1038 2054 Veliocasses
1058 2032 1074 2052 e
1093 2025 1126 2052 el
1143 2023 1195 2052 sie
1214 2021 1271 2052 uel
1281 2019 1484 2051 Velocarses
1503 2019 1637 2052 uelVe-

146 2072 311 2104 liocarses
330 2074 391 2105 uel
407 2073 606 2106 Veliocasos
626 2074 723 2115 apud
742 2074 908 2106 Orosium
927 2085 1009 2106 mss
1029 2074 1172 2115 quidam
1192 2074 1453 2113 Haueream7n·,-
1471 2071 1635 2104 Velocas-

145 2133 199 2155 ses
221 2124 297 2156 ‘aL’
317 2128 354 2156 et
371 2126 530 2157 Orosius.
550 2127 590 2158 P.
614 2127 691 2158 108.
856 2127 1041 2158 Atrebatas
1060 2126 1090 2157 B
1111 2126 1205 2156 ‘mss.
1225 2124 1400 2166 pleriqne'
1419 2128 1453 2155 et
1469 2135 1527 2166 ap.
1551 2125 1635 2156 Oro-

145 2179 236 2208 sium
259 2181 330 2209 tres
347 2177 540 2210 Lez‘denses
559 2181 593 2209 el
604 2179 801 2218 Por-tensis,
826 2178 1007 2209 Atrebatos
1026 2177 1058 2208 A
1076 2180 1110 2208 et
1131 2176 1244 2214 ‘alii'5
1264 2175 1447 2207 Atrebates
1467 2187 1484 2206 e
1503 2180 1537 2207 et
1550 2176 1635 2208 Oro-

144 2230 232 2259 sius.
375 2230 408 2261 in
430 2229 517 2261 silua
536 2229 748 2261 circumdata
766 2229 889 2271 palude
907 2229 982 2260 AB
995 2228 1071 2259 cde
1093 2224 1247 2267 (θεῖεν-Γ,
1269 2227 1429 2268 impedita
1448 2227 1638 2258 circumda-

145 2284 214 2312 tum
242 2280 365 2323 palude
384 2282 478 2313 And.
503 2282 616 2313 Ooeon.
774 2282 793 2312 4
812 2280 1052 2322 impedimenta
1073 2279 1184 2310 omnia
1204 2279 1234 2310 B
1252 2277 1330 2309 edd.
1350 2281 1436 2310 ante
1454 2278 1539 2310 Αἶά.
1560 2277 1638 2310 Ste-

143 2333 306 2375 plzanm,
335 2335 445 2366 omnia
466 2335 702 2377 impedimenta
722 2333 838 2366 Aldus
858 2344 892 2364 v.
1069 2333 1086 2364 5
1107 2330 1288 2373 conplures
1308 2330 1349 2361 B.
1515 2330 1534 2361 6
1554 2329 1637 2361 Cor-

147 2395 204 2416 reo
224 2386 282 2417 hic
300 2386 400 2429 A(B)
419 2388 474 2420 Cb
488 2387 550 2418 cd.
721 2390 959 2427 optemperare
979 2384 1020 2416 B.
1187 2382 1205 2414 7
1226 2391 1354 2412 nomem
1373 2381 1416 2413 B.
1579 2391 1636 2423 po-

148 2436 216 2476 puli
235 2447 302 2468 om.
325 2438 355 2468 b.
588 2439 608 2471 8
627 2437 819 2469 Atrebatem
840 2436 941 2467 ABe
963 2435 1054 2465 ‘mss
1075 2431 1218 2472 omnes’,
1240 2441 1309 2463 om.
1336 2441 1353 2462 e
1374 2431 1490 2462 Oaron.

149 2485 187 2517 11
210 2486 387 2519 dicebatur
405 2499 480 2520 cum
501 2489 519 2520 3
540 2488 629 2520 dett.
648 2499 683 2519 u.
842 2486 972 2518 Caesar
989 2488 1073 2517 ante
1090 2488 1127 2515 ut
1147 2484 1323 2514 diceretur
1337 2484 1445 2523 ponit
1461 2493 1491 2514 e.

151 2536 192 2568 12
211 2536 332 2569 offerre
352 2538 412 2580 (B)
427 2541 442 2571 ?
455 2540 472 2570 b
485 2550 502 2569 c
515 2539 576 2579 de,
599 2539 761 2570 offerrent
778 2537 927 2578 reliqui.
1124 2544 1202 2566 sese
1222 2535 1240 2565 b
1259 2537 1307 2574 et,
1327 2536 1492 2575 quiante
1511 2533 1634 2565 offerre

145 2590 264 2629 ponit,
287 2599 315 2619 e·
475 2590 515 2623 13
534 2589 730 2622 conditione
752 2588 823 2630 (B).
982 2588 1023 2619 14
1043 2587 1232 2618 adduceret
1249 2591 1283 2618 et
1300 2586 1333 2617 in
1353 2596 1390 2618 eo
1411 2587 1484 2618 loeo
1506 2596 1636 2629 perma-

152 2643 247 2670 neret
268 2639 311 2671 B.
476 2641 514 2673 17
527 2641 659 2673 Caesar
677 2650 751 2672 cum
770 2638 1000 2670 sentientibus
1014 2648 1041 2669 e.
1209 2647 1283 2669 cum
1303 2647 1371 2669 om.
1392 2648 1420 2668 e.
1579 2647 1636 2667 co-

151 2695 291 2732 gnosset
303 2691 333 2722 A
345 2691 374 2722 Β
389 2691 459 2723 OD
479 2692 575 2725 ‘ms-s,
590 2693 634 2734 7',
654 2691 875 2733 cognouisset
893 2689 942 2731 (e)
955 2700 991 2721 u.
1135 2690 1176 2721 19
1196 2693 1292 2720 esset
1307 2699 1353 2720 m.
1372 2699 1428 2730 pr.
1448 2689 1490 2719 B.

151 2743 194 2778 20
214 2743 317 2774 rebus
337 2752 404 2774 om.
427 2753 443 2773 e
464 2743 558 2775 And.
761 2742 870 2774 bostis
890 2741 941 2782 A,
964 2741 1079 2773 hostes
1097 2741 1196 2772 BDe
1214 2740 1362 2781 reliqui.
1572 2748 1635 2769 sua

150 2794 212 2827 Ab
227 2805 242 2825 e
256 2819 265 2834 ,
294 2802 431 2824 suarum
453 2793 501 2833 C,·
523 2804 659 2826 suorum
678 2793 742 2837 (B)
768 2793 914 2834 reliqui.
1070 2791 1107 2826 21
1131 2791 1285 2833 prodiret
1303 2789 1437 2829 ABD,
1459 2789 1635 2830 prodirent

150 2856 167 2875 c
185 2845 329 2885 reliqui.

173 2914 293 2946 Caesar,
309 2911 354 2939 ed.
370 2910 510 2947 Nipperd.
1354 2920 1408 2962 30
