1835 3240
94 170 177 215 528
663 169 738 212 DE
770 169 958 214 BELLO
990 167 1166 215 CIVILI

120 284 147 325 4
168 283 348 335 uideret,
373 283 511 325 collem
534 283 725 339 quendam
748 291 887 324 nactus
910 284 963 324 ibi
986 286 1176 327 constitit.
1239 286 1305 327 Ex
1328 301 1373 328 eo
1395 285 1481 328 loco
1504 295 1564 328 1111
1587 301 1649 330 ce-

164 359 357 393 tratorum
375 351 547 392 cohortis
568 351 607 391 in
625 357 811 400 montem,
837 352 899 404 qui
923 360 1009 393 erat
1029 353 1068 393 in
1090 361 1304 407 conspectu
1326 356 1496 396 omnium
1516 356 1649 398 excel-

165 419 370 469 sissimus,
409 419 544 458 mittit.
588 416 704 457 Hunc
736 432 879 473 magno
912 434 1032 460 cursu
1063 421 1278 461 concitatos
1309 421 1416 462 iubet
1437 437 1647 478 occupare⁷

168 500 215 527 eo
239 487 402 527 consilio
418 517 428 535 ‚
462 485 518 525 uti
540 485 624 538 ipse
647 485 782 525 eodem
806 487 985 527 omnibus
1007 488 1129 541 copiis
1152 488 1410 528 contenderet
1440 498 1479 531 et
1500 499 1648 532 mutato

121 555 147 597 5
168 555 308 597 itinere
329 553 429 606 iugis
453 550 691 605 Octogesam
714 554 956 607 perueniret.
994 554 1111 595 Hunc
1133 569 1219 595 cum
1243 556 1398 609 obliquo
1419 557 1560 600 itinere
1583 573 1646 600 ce-

169 623 261 663 trati
284 627 478 676 peterent,
507 619 757 674 conspicatus
780 622 976 674 equitatus
1001 621 1188 663 Caesaris
1211 624 1251 664 in
1273 623 1446 664 cohortis
1467 625 1651 679 impetum

169 690 286 739 secit3
312 702 384 728 nec
398 688 593 728 minimam
617 695 766 743 partem
789 690 976 743 temporis
999 691 1170 743 equitum
1193 692 1271 732 uim
1294 692 1432 732 cetrati
1454 693 1651 734 sustinere

170 763 379 812 potuerunt
410 769 625 812 omnesque
666 757 712 796 ab
753 757 809 797 eis
843 757 1103 799 circumuenti
1133 759 1173 799 in
1203 765 1416 813 conspectu
1449 760 1653 813 utriusque

92 825 145 870 ’71
168 823 370 864 exercitus
392 824 699 864 interficiuntur.
742 823 843 864 Erat
865 826 1021 866 occasio
1044 826 1142 867 bene
1165 828 1364 882 gerendae
1386 827 1460 867 rei.
1510 825 1654 880 Neque

171 906 268 933 uero
289 892 326 932 id
351 889 565 933 Caesarem
590 891 787 946 fugiebat,
823 899 933 933 tanto
965 894 1035 934 sub
1068 896 1192 935 oculis
1224 903 1385 949 accepto
1418 895 1653 936 detrimento

171 959 426 1014 perterritum
450 960 667 1000 exercitum
690 960 886 1001 sustinere
910 976 988 1002 non
1011 976 1151 1015 posse,
1184 963 1414 1017 praesertim
1438 963 1654 1003 circumda-

171 1032 252 1067 tum
275 1027 445 1080 undique
467 1027 640 1081 equitatu
655 1058 665 1078 ,
699 1042 786 1068 cum
808 1027 848 1067 in
869 1029 956 1069 loco
978 1043 1103 1083 aequo
1125 1037 1242 1084 atque
1264 1038 1400 1085 aperto
1423 1030 1653 1083 confligere-

123 1094 150 1137 2
171 1103 258 1145 tur3
282 1094 399 1148 idque
422 1109 474 1135 ex
495 1095 675 1135 omnibus
698 1096 872 1148 partibus
895 1097 942 1136 ab
966 1111 1011 1137 eo
1034 1098 1299 1151 flagitabatur.
1351 1095 1655 1138 Concurrebant

170 1161 316 1216 legati,
358 1163 610 1203 centuriones
642 1163 865 1217 tribunique
898 1165 1085 1205 militum:
1128 1165 1196 1206 Ne
1237 1166 1434 1206 dubitaret
1463 1165 1652 1219 proelium

124 1227 149 1269 3
173 1230 434 1271 committere.
479 1228 661 1271 Omnium
687 1244 778 1271 esse
800 1231 961 1271 militum
985 1232 1257 1286 paratissimos
1281 1234 1447 1273 animos.
1471 1233 1654 1273 Afrania-

171 1311 244 1338 nos
267 1304 404 1337 contra
426 1298 557 1338 multis
580 1298 697 1338 rebus
720 1298 781 1338 sui
804 1298 954 1338 timoris
976 1300 1090 1353 signa
1111 1300 1291 1341 misisse:
1332 1300 1431 1353 quod
1463 1300 1543 1340 suis
1576 1314 1655 1340 non

171 1364 467 1414 subuenissent,
493 1365 592 1418 quod
616 1365 662 1406 de
685 1366 784 1406 colle
806 1380 883 1406 non
907 1367 1157 1418 decederent,
1188 1369 1288 1421 quod
1312 1368 1381 1408 uix
1403 1368 1573 1421 equitum
1595 1367 1656 1407 in-

172 1446 311 1473 cursus
335 1432 579 1473 sustinerent
601 1433 846 1487 conlatisque
876 1435 916 1474 in
947 1449 1066 1475 unum
1098 1436 1225 1476 locum
1248 1436 1373 1490 signis
1396 1435 1564 1476 conferti
1587 1449 1655 1476 ne-

123 1499 151 1541 4
173 1514 247 1554 que
269 1500 427 1541 ordines
450 1513 576 1553 neque
598 1501 711 1555 signa
733 1509 954 1543 seruarent.
987 1501 1101 1555 Quod
1125 1504 1159 1544 si
1180 1504 1424 1557 iniquitatem
1446 1504 1523 1544 loci
1546 1503 1656 1544 time-

171 1575 258 1618 ret,
283 1568 411 1607 datum
434 1568 483 1608 iri
506 1575 637 1609 tamen
660 1569 789 1623 aliquo
811 1570 898 1610 loco
921 1572 1117 1625 pugnandi
1141 1572 1364 1612 facultatem
1381 1603 1391 1621 ‚
1427 1572 1528 1626 quod
1549 1579 1657 1612 certe

171 1636 263 1677 inde
285 1636 548 1677 decedendum
581 1645 689 1678 esset
709 1637 877 1678 Afranio
907 1653 979 1680 nec
1010 1640 1095 1680 sine
1126 1654 1225 1694 aqua
1256 1653 1485 1694 permanere
1508 1646 1653 1694 posset.

94 1704 152 1749 '72
174 1701 325 1745 Caesar
345 1704 385 1744 in
408 1717 493 1744 eam
515 1719 623 1759 spem
646 1713 837 1757 uenerat,
870 1721 913 1747 sc
944 1708 1031 1747 sine
1062 1721 1188 1761 pugna
1211 1715 1249 1748 et
1272 1708 1358 1748 sine
1381 1708 1544 1747 uolnere
1566 1720 1656 1747 suo-

173 1786 257 1812 rum
281 1785 365 1812 rem
388 1773 582 1813 conficere
605 1787 743 1826 posse,
777 1775 879 1828 quod
908 1789 952 1815 re
984 1775 1238 1816 frumentaria
1262 1774 1513 1815 aduersarios
1534 1774 1657 1814 iuter-

123 1838 153 1881 2
174 1838 372 1880 clusisset.
418 1837 503 1880 Cur
534 1840 650 1881 etiam
683 1843 855 1883 secundo
887 1842 1036 1897 proelio
1068 1843 1218 1896 aliquos
1251 1857 1303 1884 ex
1325 1843 1407 1883 suis
1430 1842 1657 1882 amitteret?

172 1921 242 1947 cur
263 1908 466 1948 uulnerari
488 1915 692 1961 pateretur
713 1910 857 1964 optime
879 1911 926 1951 de
949 1925 991 1951 se
1013 1911 1175 1951 meritos
1198 1911 1370 1951 milites?
1399 1924 1468 1950 cur
1491 1910 1658 1963 denique
1715 1917 1729 1926 '

174 1976 369 2016 fortunam
392 1975 713 2029 periclitaretur?
743 1979 977 2032 praesertim
1001 1993 1085 2019 cum
1110 1994 1187 2019 non
1211 1979 1339 2019 minus
1363 1985 1470 2019 esset
1490 1979 1658 2032 impera-

125 2040 150 2083 3
175 2044 271 2083 toris
294 2042 460 2083 consilio
482 2057 672 2097 superare
694 2059 806 2098 quam
830 2046 975 2099 gladio.
1031 2045 1272 2087 Mouebatur
1295 2046 1412 2087 etiam
1434 2046 1658 2086 misericor-

174 2112 234 2152 dia
259 2111 399 2151 ciuium
419 2141 428 2161 ‚
455 2126 552 2165 quos
574 2112 867 2155 interficiendos
889 2114 1072 2166 uidebat3
1107 2114 1245 2168 quibus
1268 2114 1388 2154 saluis
1411 2121 1528 2168 atque
1548 2113 1657 2154 inco-

124 2180 151 2221 4
174 2179 340 2219 lumibus
363 2193 444 2219 rem
467 2180 646 2233 optinere
667 2181 853 2222 malebat.
909 2182 995 2223 Hoc
1018 2183 1225 2223 consilium
1248 2181 1437 2223 Caesaris
1459 2181 1657 2236 plerisque

173 2261 250 2287 non
274 2246 534 2301 probabatur,
560 2248 703 2290 milites
727 2264 822 2290 uero
845 2250 970 2304 palam
992 2252 1099 2291 inter
1110 2264 1154 2291 se
1175 2250 1447 2304 loquebantur,
1475 2248 1658 2302 quoniam

173 2315 262 2355 talis
285 2315 442 2356 occasio
465 2316 657 2357 uictoriae
680 2317 957 2369 dimitteretur,
984 2319 1101 2359 etiam
1123 2332 1209 2359 cum
1231 2318 1351 2359 uellet
1373 2315 1540 2368 Caesar,
1569 2330 1659 2357 sese

317 2449 337 2482 2
356 2448 505 2480 cohortis
524 2458 544 2480 a
559 2449 591 2481 b.
733 2450 1046 2483 excellentissimus
1065 2452 1096 2484 b.
1241 2452 1258 2483 5
1278 2451 1504 2491 Octogensam
1525 2450 1556 2490 b,
1577 2449 1658 2481 Oto-

175 2510 311 2542 gensam
331 2510 364 2531 a.
507 2501 525 2532 6
545 2500 695 2532 cohortis
715 2511 734 2532 a
751 2502 782 2534 b.
948 2504 966 2535 7
987 2502 1069 2535 fecit
1087 2504 1104 2535 b
1123 2503 1202 2535 edd.
1222 2507 1304 2536 ant-e
1321 2504 1418 2543 Ald.5
1443 2503 1527 2535 facit
1543 2502 1658 2535 Aldus

173 2563 219 2592 u,-
239 2562 307 2583 om.
327 2562 361 2583 α.
526 2551 662 2583 nimiam
681 2562 715 2583 α.
879 2554 1003 2585 cetrati
1021 2564 1088 2585 om».
1110 2555 1141 2586 b.
1284 2555 1324 2587 10
1345 2555 1431 2586 idem
1449 2565 1470 2586 α
1483 2555 1513 2586 b.

176 2603 213 2636 11
235 2603 420 2635 exercitum
440 2613 508 2634 om.
531 2603 562 2633 b.
728 2604 769 2637 12
787 2604 975 2646 equitatum
994 2616 1028 2637 α.
1204 2607 1246 2640 14
1263 2607 1463 2639 dubitarent
1482 2607 1514 2639 b.

176 2655 216 2687 15
234 2654 398 2687 Afranios
417 2664 451 2686 α.
608 2654 648 2686 16
668 2655 828 2688 misissed
846 2667 879 2697 α,
901 2657 1036 2689 misisse
1056 2657 1191 2690 scilicet
1211 2659 1241 2691 b.
1399 2660 1439 2692 17
1458 2659 1659 2691 recederent

174 2717 194 2738 α
209 2707 239 2738 b.
384 2706 424 2738 18
443 2705 656 2748 conlatisque
675 2717 707 2738 α.
850 2709 1002 2741 conferri
1020 2713 1104 2741 ante
1123 2721 1215 2743 corr.
1236 2722 1268 2744 α.
1407 2712 1544 2746 20irea
1560 2713 1656 2744 ‘nl-58.

175 2756 221 2790 5'.
383 2757 427 2791 22
446 2757 587 2788 uolnere
607 2760 689 2788 ante
708 2768 802 2790 corr.
823 2769 858 2791 a.
1021 2761 1063 2795 24
1083 2760 1138 2803 ex]
1159 2762 1199 2794 de
1220 2763 1252 2793 b.
1423 2764 1577 2796 mitteret
1592 2765 1657 2796 ab.

317 2809 360 2842 25
379 2819 439 2840 cur
457 2808 634 2840 uulnerari
652 2827 697 2832 —-
714 2809 841 2841 milites
861 2820 929 2842 om.
951 2821 984 2842 α.
1126 2813 1168 2847 29
1189 2813 1343 2856 optinere
1362 2824 1396 2846 a.
1538 2815 1659 2858 pleris-

174 2870 238 2904 que
257 2870 277 2892 α
292 2859 322 2901 b,
344 2869 362 2891 a
380 2859 554 2903 plerisque
573 2870 607 2892 u.
750 2861 792 2894 30
811 2862 1096 2905 colloquebantur
1115 2865 1147 2898 b.
1288 2866 1327 2900 31
1349 2872 1383 2899 et
1401 2877 1474 2900 cum
1495 2868 1527 2901 b.

1687 902 1727 935 10

1687 1239 1728 1272 15

1690 2255 1732 2289 30
