1835 3240
755 182 943 228 CAPVT
970 183 1040 226 42.
1629 183 1713 226 743

155 302 339 342 uirtutem
369 298 449 339 ullo
480 305 657 353 tempore
687 299 862 340 retinere
892 296 1090 353 potuistis.
1132 294 1321 338 Priuatus
1352 309 1404 336 ex
1433 296 1526 351 fuga
1557 294 1637 339 Cn.
1660 296 1688 338 6

153 367 366 421 Pompeius
388 367 620 408 adulescens
643 380 666 407 a
687 366 801 407 uobis
824 373 1006 420 receptus
1029 366 1158 406 fasces
1179 363 1463 418 imperiumque
1485 365 1560 405 sibi
1578 379 1641 406 ar-

153 435 289 489 ripuit,
313 435 445 476 multis
466 435 688 476 intersectis
712 433 862 474 ciuibus
885 433 1034 474 auxilia
1056 439 1195 474 contra
1215 431 1400 486 populum
1416 430 1640 473 Romanum

154 503 413 558 conparauit,
449 516 566 556 agros
598 501 919 556 prouinciamque
949 508 1085 541 uestro
1107 500 1263 554 inpulsu
1284 499 1551 553 depopulauit.
1593 498 1640 541 In
1660 500 1688 542 7

158 585 234 625 quo
256 585 328 612 uos
350 571 524 612 uictores
547 569 865 611 existimabatis?
895 568 961 608 An
991 582 1053 609 me
1082 568 1213 609 deleto
1246 581 1325 608 non
1353 567 1642 608 animaduerte-

153 639 255 680 batis
279 639 452 694 [decem]
475 637 620 678 habere
642 637 819 692 legiones
843 636 1021 691 populum
1035 635 1275 686 Romanum,
1291 649 1390 689 quae
1411 650 1492 676 non
1513 635 1642 676 solum

154 707 268 748 uobis
292 706 501 756 obsistere,
525 706 595 747 sed
618 705 734 746 etiam
757 704 908 746 caelum
930 704 1086 746 diruere
1107 705 1299 759 possent?
1321 701 1498 757 Quarum
1518 702 1643 744 laudi-

155 774 226 816 bus
242 781 282 816 et
296 774 444 814 uirtute
469 803 620 813 ......

301 888 761 930 1‘Aduocemtempore
781 883 1412 929 desicitmanusantiquab’.
1574 884 1642 927 pri-

156 940 246 972 uatis
265 950 300 972 α.
431 940 667 977 2adulescens
684 950 718 971 α.
852 938 1031 982 imperium
1042 947 1077 969 a.
1211 938 1230 970 4
1244 935 1447 979 conparauit
1462 946 1497 969 α.

156 990 296 1034 inpulsu
311 1001 348 1024 u.
505 992 523 1024 5
542 1001 606 1034 quo
623 991 704 1032 uos]
724 1000 807 1032 quos
825 999 860 1022 a.
1011 987 1265 1021 existimabatis
1281 987 1409 1028 Aldus,
1430 987 1603 1021 extabatis
1622 999 1645 1021 a

159 1042 178 1074 b
196 1052 226 1074 c.
381 1042 528 1075 animum
546 1040 782 1073 aduertebatis
800 1050 822 1073 a
840 1042 876 1072 et
891 1049 971 1072 cum
988 1040 1010 1075 2
1028 1038 1118 1071 dett.
1137 1048 1173 1070 u.
1332 1038 1351 1071 6
1371 1039 1489 1072 decem
1508 1049 1572 1082 ego
1590 1041 1643 1072 in-

157 1093 261 1126 clusi.
280 1093 323 1126 P.
343 1094 423 1129 251.
578 1091 702 1135 solum]
721 1092 819 1124 modo
840 1093 871 1125 b.
1012 1090 1033 1125 7
1051 1096 1087 1124 et
1105 1090 1137 1123 b.
1283 1090 1416 1123 eoelum
1434 1091 1498 1133 (a).

157 1145 179 1178 8
192 1145 338 1189 uirtute]
352 1151 471 1180 cetera
488 1144 731 1179 desiderantur
747 1144 833 1178 add.
851 1143 887 1187 d,
900 1148 994 1178 totus
1011 1142 1047 1176 in
1066 1142 1146 1176 orbe
1164 1147 1334 1177 terrarum
1351 1143 1496 1178 mundus
1514 1143 1647 1178 exultat

160 1197 244 1230 add.
264 1198 295 1230 b.
