1835 3240
95 135 179 179 634
621 134 794 179 BELLI
814 135 1058 178 ALEXAN
1062 134 1198 178 DRIN
1204 136 1222 178 1

170 262 285 303 pares
307 262 396 290 esse
418 249 686 300 confidebant,
717 251 818 290 idem
842 249 1043 303 perterriti
1064 249 1153 303 fuga
1175 263 1334 292 suorum
1357 258 1397 292 et
1418 251 1537 293 caede
1559 265 1652 306 pau-

171 331 306 358 corum
327 324 429 358 XXX
449 319 586 372 pedum
610 318 816 358 altitudine
840 317 879 357 in
902 317 1090 357 aedificiis
1113 318 1332 359 consistere
1354 319 1439 360 ausi
1461 333 1539 360 11011
1562 326 1654 360 sunt

171 399 290 439 seque
312 399 382 440 per
402 386 542 426 molem
565 386 604 426 in
627 399 735 425 mare
757 385 1120 439 praecipitauerunt
1141 392 1181 426 et
1197 393 1308 426 DCCC
1331 400 1514 440 passuum
1530 388 1653 428 inter-

167 454 312 495 uallum
343 455 389 494 ad
420 454 599 508 oppidum
633 459 909 493 enatauerunt.
952 451 1070 493 Multi
1099 459 1230 493 tamen
1251 466 1304 494 ex
1325 453 1384 494 his
1407 456 1507 508 capti
1528 456 1652 495 inter-

91 521 146 567 19
167 523 338 576 fectique
361 528 476 571 sunt3
493 521 562 561 sed
584 534 770 561 numerus
793 521 1036 575 captiuorum
1058 521 1216 560 omnino
1233 521 1309 561 fuit
1325 523 1521 562 sexcenti.
1546 520 1649 564 Cae-

168 605 237 631 sar
257 589 400 645 praeda
422 588 608 629 militibus
631 602 821 629 concessa
843 589 1018 630 aedilicia
1041 589 1154 643 diripi
1176 588 1293 629 iussit
1310 589 1591 644 castellumque
1605 592 1654 631 ad

167 666 322 714 pontem
340 688 350 707 ‚
375 657 438 710 qui
461 656 620 711 propior
641 663 728 696 erat
748 655 878 697 Pharo
894 687 904 707 ,
930 657 1186 698 communiuit
1206 664 1322 710 atque
1343 656 1395 696 ibi
1418 658 1654 711 praesidium

119 725 147 768 2
168 727 311 781 posuit.
356 724 472 765 Hunc
502 726 593 778 fuga
615 723 806 766 Pharitae
833 725 1102 779 reliquerant3
1136 725 1347 766 certiorem
1368 725 1476 766 illum
1499 726 1655 779 propio-

168 807 328 847 remque
350 793 491 847 oppido
511 792 775 834 Alexandrini
799 793 1022 834 tuebantur.
1063 791 1141 834 Sed
1164 807 1249 834 eum
1272 801 1433 848 postero
1457 793 1517 833 die
1537 793 1655 833 simili

166 862 321 903 ratione
343 861 594 916 adgreditur,
629 862 730 915 quod
762 861 821 902 his
853 861 1024 916 optentis
1055 860 1206 902 duobus
1229 875 1384 902 omnem
1406 861 1654 914 nauigiorum

119 930 144 971 3
167 944 382 971 excursum
422 936 459 970 et
488 930 696 983 repentina
727 929 935 971 latrocinia
966 929 1159 970 sublatum
1190 929 1239 970 iri
1270 929 1444 970 uidebat.
1494 927 1654 982 Iamque

166 1011 234 1039 eos
249 1029 259 1048 ‚
285 998 351 1051 qui
373 997 569 1052 praesidio
593 1010 679 1037 eum
701 998 830 1038 locum
854 997 1065 1048 tenebant,
1099 997 1306 1038 tormentis
1329 1011 1381 1037 ex
1403 997 1569 1038 nauibus
1592 1011 1656 1038 sa-

165 1066 352 1120 gittisque
377 1066 580 1120 depulerat
601 1073 719 1119 atque
739 1065 779 1105 in
803 1065 981 1119 oppidum
1002 1066 1212 1119 redegerat
1233 1072 1273 1106 et
1293 1065 1512 1106 cohortium
1534 1066 1655 1106 trium

165 1134 294 1175 instar
313 1135 352 1174 in
375 1141 522 1174 terram
546 1141 785 1188 exposuerat
811 1137 908 1185 (non
931 1134 1033 1174 enim
1056 1134 1185 1187 plures
1208 1133 1427 1174 consistere
1449 1133 1655 1186 angustiae

165 1202 242 1243 loci
264 1201 554 1256 patiebantur);
574 1202 751 1257 reliquae
773 1202 908 1256 copiae
929 1201 970 1241 in
992 1201 1159 1241 nauibus
1181 1201 1393 1241 stationem
1411 1201 1652 1254 optinebant.

118 1268 146 1310 4
168 1267 258 1321 Quo
291 1270 395 1311 facto
425 1270 590 1324 imperat
622 1277 779 1323 pontem
812 1269 1003 1309 aduersus
1035 1268 1187 1309 hostem
1218 1268 1455 1322 praeuallari
1486 1274 1545 1318 et,
1581 1282 1655 1322 qua

167 1338 299 1378 exitus
322 1337 489 1378 nauibus
512 1344 599 1378 erat
620 1337 771 1378 fornice
793 1343 997 1378 exstructo
1015 1367 1025 1387 ,
1051 1350 1126 1390 quo
1148 1350 1245 1390 pons
1269 1335 1564 1387 sustinebatur,
1598 1336 1656 1377 la-

118 1404 143 1445 5
166 1405 318 1460 pidibus
350 1406 496 1460 oppleri
529 1413 647 1459 atque
678 1405 845 1446 obstrui.
899 1403 1076 1458 Quorum
1108 1405 1235 1445 altero
1266 1418 1384 1459 opere
1415 1405 1577 1454 effecto,
1613 1411 1658 1445 ut

164 1473 269 1514 nulla
292 1473 450 1514 omnino
473 1474 617 1528 scapha
641 1474 775 1527 egredi
798 1480 946 1527 posset,
968 1474 1094 1514 altero
1116 1473 1297 1514 instituto
1320 1485 1455 1513 omnes
1477 1472 1658 1513 Alexan-

167 1542 368 1582 drinorum
393 1542 530 1596 copiae
553 1556 605 1583 ex
627 1542 766 1597 oppido
789 1555 832 1583 se
854 1542 1058 1582 eiecerunt
1078 1548 1118 1582 et
1139 1548 1277 1582 contra
1299 1541 1539 1582 munitiones
1561 1554 1657 1595 pon-

1688 868 1729 901 10

1689 1208 1729 1240 15

1687 1547 1730 1582 20

166 1610 216 1651 tis
239 1610 381 1651 latiore
402 1611 488 1651 loco
512 1611 792 1658 constiterunt,
811 1611 1027 1664 eodemque
1049 1617 1224 1664 tempore
1247 1623 1346 1663 quae
1365 1616 1658 1650 consueuerant
1682 1624 1686 1627 “

166 1679 325 1733 nauigia
359 1692 429 1733 per
459 1686 598 1734 pontes
630 1680 677 1720 ad
707 1678 889 1720 incendia
920 1679 1193 1719 onerariarum
1226 1678 1407 1719 emittere
1436 1678 1483 1718 ad
1512 1677 1653 1718 molem

119 1744 146 1786 6
169 1747 476 1788 constituerunt.
520 1745 778 1802 pugnabatur
805 1762 827 1788 a
849 1748 997 1788 nostris
1021 1761 1073 1788 ex
1095 1753 1212 1801 ponte
1228 1777 1238 1796 ‚
1274 1760 1327 1787 ex
1348 1746 1475 1796 mole3
1507 1745 1554 1785 ab
1575 1745 1655 1786 illis

169 1828 221 1855 ex
242 1829 354 1865 area,
369 1829 468 1869 quae
491 1823 576 1856 erat
597 1816 788 1856 aduersus
812 1823 985 1869 pontem,
1010 1823 1050 1857 et
1072 1829 1125 1856 ex
1145 1814 1312 1855 nauibus
1335 1820 1474 1854 contra
1495 1812 1652 1854 molem.

93 1882 153 1926 20
169 1879 215 1922 Ι11
247 1883 307 1923 1115
339 1883 458 1924 rebus
489 1891 680 1938 occupato
703 1880 879 1924 Caesare
910 1883 1131 1937 militesque
1161 1883 1343 1923 hortante
1365 1881 1557 1934 remigum
1579 1894 1659 1921 ma-

167 1965 268 2005 gnus
290 1965 477 1992 numerus
499 1959 538 1992 et
559 1952 853 1993 classiariorum
876 1965 928 1992 ex
948 1951 1077 2005 longis
1099 1950 1266 1991 nauibus
1288 1949 1435 1990 nostris
1457 1949 1497 1989 111
1518 1949 1659 1989 molem

119 2019 147 2061 2
169 2033 212 2060 58
243 2020 373 2061 eiecit.
417 2018 518 2060 Pars
548 2034 682 2061 eorum
704 2020 833 2061 studio
855 2020 1058 2074 spectandi
1080 2018 1306 2069 ferebatur,
1339 2032 1429 2072 pars
1452 2017 1568 2058 etiam
1593 2031 1659 2058 cu-

169 2087 329 2142 piditate
351 2088 564 2143 pugnandi.
613 2087 667 2128 Hi
690 2089 854 2143 primum
875 2088 1035 2142 nauigia
1056 2087 1225 2128 hostium
1247 2085 1439 2141 lapidibus
1461 2099 1506 2125 ac
1528 2085 1659 2125 fundis

169 2170 192 2196 a
223 2157 324 2197 mole
355 2156 600 2211 repellebant
629 2171 674 2197 ac
696 2158 859 2198 multum
881 2157 1071 2211 proficere
1093 2155 1338 2196 multitudine
1361 2154 1528 2194 telorum
1551 2153 1659 2194 uide—

124 2223 149 2265 3
170 2223 330 2265 bantur.
374 2222 454 2266 Sed
483 2232 689 2280 postquam
720 2226 824 2266 ultra
856 2239 943 2265 eum
974 2224 1101 2265 locum
1132 2223 1179 2264 ab
1210 2224 1336 2264 latere
1367 2236 1502 2263 eorum
1525 2227 1659 2276 aperto

171 2293 258 2334 ausi
279 2300 371 2333 sunt
393 2294 526 2348 egredi
550 2307 603 2335 ex
625 2293 792 2335 nauibus
814 2292 1080 2334 Alexandrini
1101 2292 1230 2347 pauci,
1257 2298 1301 2332 ut
1321 2290 1407 2332 sine
1429 2289 1552 2345 signis
1574 2302 1658 2329 cer—

317 2439 332 2471 1
354 2438 442 2470 idem
461 2448 493 2479 α,
515 2438 614 2470 iidem
633 2448 670 2470 u.
812 2437 833 2471 2
846 2436 982 2479 pedum]
997 2436 1028 2468 iu
1041 2435 1124 2468 add.
1139 2436 1171 2468 b.
1308 2437 1467 2466 constare
1483 2433 1513 2464 b.

172 2489 191 2522 3
210 2489 330 2533 seque]
350 2490 410 2522 sed
428 2500 457 2522 c.
601 2488 822 2521 interuallum
843 2489 860 2520 b
879 2488 956 2520 cod.
970 2487 1196 2527 Vrs.2dett.,
1218 2484 1403 2517 interuallo
1416 2483 1513 2525 (a)u.

171 2543 191 2575 4
209 2542 261 2574 1115
280 2553 301 2574 α
321 2542 400 2574 edd.
414 2544 568 2584 priores,
590 2542 632 2574 iis
651 2542 688 2574 P.
710 2541 900 2574 Manutius
918 2551 953 2573 u.
1153 2539 1170 2571 5
1189 2538 1343 2570 sexcenti
1364 2537 1467 2577 edd.;
1487 2548 1519 2569 vi
1539 2546 1660 2579 super-

172 2593 282 2626 ducta
301 2593 396 2625 linea
414 2603 436 2624 a
454 2595 489 2624 et
505 2594 558 2624 sic
577 2592 673 2624 ‘mss.
694 2593 755 2624 uel
772 2602 833 2624 sex
852 2591 923 2623 mil.
944 2601 1005 2623 seu
1022 2590 1166 2632 milium,
1186 2592 1227 2621 ut
1245 2589 1309 2621 dat
1325 2588 1379 2621 d’.
1534 2588 1552 2620 7
1573 2598 1662 2619 com-

172 2646 282 2678 munit
301 2645 331 2677 b.
472 2645 492 2676 8
511 2644 693 2676 certiorem
712 2654 733 2675 α
748 2644 766 2675 b
779 2654 807 2684 c,
831 2643 1009 2675 fortiorem
1026 2641 1143 2675 Aldus
1161 2650 1196 2672 n.
1344 2641 1384 2673 10
1403 2639 1606 2681 adgreditur
1622 2649 1655 2670 α.

318 2696 405 2738 quod
423 2705 492 2727 om.
513 2704 533 2725 α
547 2696 578 2726 b.
721 2694 870 2738 optentis
889 2704 923 2726 a.
1077 2692 1116 2725 11
1138 2691 1278 2724 uidebat
1301 2690 1362 2724 Th.
1385 2691 1589 2729 Bentle2·us;
1609 2687 1659 2720 ui-

176 2747 345 2780 debantur
362 2757 382 2778 a
396 2747 428 2785 b,
447 2745 630 2777 uidebatur
646 2745 764 2777 Aldus
782 2755 817 2777 u.
961 2743 1001 2776 15
1020 2742 1223 2785 optinebant
1240 2752 1272 2774 a.
1432 2741 1470 2775 17
1490 2741 1659 2772 instructo

178 2801 209 2832 b.
375 2798 414 2831 19
434 2798 584 2840 schapha
602 2808 636 2830 α.
801 2796 843 2832 23
862 2805 881 2828 a
901 2795 997 2828 nobis
1017 2795 1118 2829 codd.
1137 2796 1176 2829 P.
1200 2795 1253 2829 11.
1441 2795 1482 2828 24
1503 2793 1606 2826 archa
1627 2792 1658 2824 b.

321 2851 362 2885 25
385 2850 561 2891 remigium
579 2859 613 2881 a.

1689 1888 1732 1920 25

1691 2227 1733 2260 30
