<?xml version="1.0" encoding="UTF-8"?>
<!DOCTYPE html PUBLIC "-//W3C//DTD XHTML 1.0 Transitional//EN"
    "http://www.w3.org/TR/xhtml1/DTD/xhtml1-transitional.dtd">
<html xmlns="http://www.w3.org/1999/xhtml" xml:lang="en" lang="en">
 <head>
  <title>
</title>
<meta http-equiv="Content-Type" content="text/html;charset=utf-8" />
  <meta name='ocr-system' content='tesseract 3.04.00' />
  <meta name='ocr-capabilities' content='ocr_page ocr_carea ocr_par ocr_line ocrx_word'/>
</head>
<body>
  <div class='ocr_page' id='page_1' title='image "./commentarii00caesuoft_0278.png"; bbox 0 0 1835 3240; ppageno 0'>
   <div class='ocr_carea' id='block_1_1' title="bbox 79 154 1182 205">
    <p class='ocr_par' dir='ltr' id='par_1_1' title="bbox 79 154 1182 205">
     <span class='ocr_line' id='line_1_1' title="bbox 79 154 1182 205; baseline -0.005 -2"><span class='ocrx_word' id='word_1_1' title='bbox 79 161 163 205; x_wconf 74' lang='lat'>268</span> <span class='ocrx_word' id='word_1_2' title='bbox 603 158 677 202; x_wconf 92' lang='lat' dir='ltr'>DE</span> <span class='ocrx_word' id='word_1_3' title='bbox 709 157 898 201; x_wconf 90' lang='lat' dir='ltr'>BELLO</span> <span class='ocrx_word' id='word_1_4' title='bbox 932 154 1182 199; x_wconf 88' lang='lat' dir='ltr'>GALLICO</span> 
     </span>
    </p>
   </div>
   <div class='ocr_carea' id='block_1_2' title="bbox 157 271 1640 531">
    <p class='ocr_par' dir='ltr' id='par_1_2' title="bbox 157 271 1640 531">
     <span class='ocr_line' id='line_1_2' title="bbox 157 271 1638 329; baseline -0.002 -14"><span class='ocrx_word' id='word_1_5' title='bbox 157 276 242 329; x_wconf 91' lang='lat' dir='ltr'>ipse</span> <span class='ocrx_word' id='word_1_6' title='bbox 264 274 484 329; x_wconf 74' lang='lat' dir='ltr'>intellegat,</span> <span class='ocrx_word' id='word_1_7' title='bbox 509 288 606 329; x_wconf 89' lang='lat' dir='ltr'>quac</span> <span class='ocrx_word' id='word_1_8' title='bbox 629 273 770 313; x_wconf 87' lang='lat' dir='ltr'>ciuitas</span> <span class='ocrx_word' id='word_1_9' title='bbox 793 279 996 325; x_wconf 73' lang='lat' dir='ltr'><strong>queratur,</strong></span> <span class='ocrx_word' id='word_1_10' title='bbox 1022 271 1229 326; x_wconf 72' lang='lat' dir='ltr'>proponit,</span> <span class='ocrx_word' id='word_1_11' title='bbox 1269 278 1416 322; x_wconf 90' lang='lat' dir='ltr'>monet,</span> <span class='ocrx_word' id='word_1_12' title='bbox 1454 278 1494 312; x_wconf 91' lang='lat' dir='ltr'>ut</span> <span class='ocrx_word' id='word_1_13' title='bbox 1514 272 1554 312; x_wconf 92' lang='lat' dir='ltr'>in</span> <span class='ocrx_word' id='word_1_14' title='bbox 1576 285 1638 312; x_wconf 85' lang='lat' dir='ltr'>re·</span> 
     </span>
     <span class='ocr_line' id='line_1_3' title="bbox 157 337 1640 397; baseline -0.003 -14"><span class='ocrx_word' id='word_1_15' title='bbox 157 343 302 396; x_wconf 92' lang='lat' dir='ltr'>liquum</span> <span class='ocrx_word' id='word_1_16' title='bbox 336 350 485 397; x_wconf 85' lang='lat' dir='ltr'>tempus</span> <span class='ocrx_word' id='word_1_17' title='bbox 516 356 651 383; x_wconf 89' lang='lat' dir='ltr'>omnes</span> <span class='ocrx_word' id='word_1_18' title='bbox 682 339 928 393; x_wconf 83' lang='lat' dir='ltr'><strong>suspiciones</strong></span> <span class='ocrx_word' id='word_1_19' title='bbox 959 339 1082 388; x_wconf 69' lang='lat' dir='ltr'>uitet,</span> <span class='ocrx_word' id='word_1_20' title='bbox 1125 340 1339 392; x_wconf 88' lang='lat' dir='ltr'>praeterita</span> <span class='ocrx_word' id='word_1_21' title='bbox 1369 353 1412 380; x_wconf 92' lang='lat' dir='ltr'>se</span> <span class='ocrx_word' id='word_1_22' title='bbox 1441 337 1640 379; x_wconf 89' lang='lat' dir='ltr'>Diuitiaco</span> 
     </span>
     <span class='ocr_line' id='line_1_4' title="bbox 158 406 1636 462; baseline -0.002 -11"><span class='ocrx_word' id='word_1_23' title='bbox 158 411 270 451; x_wconf 89' lang='lat' dir='ltr'>fratri</span> <span class='ocrx_word' id='word_1_24' title='bbox 293 411 518 451; x_wconf 88' lang='lat' dir='ltr'>condonare</span> <span class='ocrx_word' id='word_1_25' title='bbox 539 410 646 450; x_wconf 87' lang='lat' dir='ltr'>dicit.</span> <span class='ocrx_word' id='word_1_26' title='bbox 688 407 921 462; x_wconf 79' lang='lat' dir='ltr'>Dumnorigi</span> <span class='ocrx_word' id='word_1_27' title='bbox 944 407 1128 447; x_wconf 81' lang='lat' dir='ltr'><strong>custodes</strong></span> <span class='ocrx_word' id='word_1_28' title='bbox 1151 406 1284 461; x_wconf 91' lang='lat' dir='ltr'>ponit,</span> <span class='ocrx_word' id='word_1_29' title='bbox 1311 414 1375 457; x_wconf 86' lang='lat' dir='ltr'>ut,</span> <span class='ocrx_word' id='word_1_30' title='bbox 1399 421 1498 460; x_wconf 87' lang='lat' dir='ltr'>quae</span> <span class='ocrx_word' id='word_1_31' title='bbox 1521 414 1636 461; x_wconf 86' lang='lat' dir='ltr'>agat,</span> 
     </span>
     <span class='ocr_line' id='line_1_5' title="bbox 159 475 906 531; baseline -0.007 -13"><span class='ocrx_word' id='word_1_32' title='bbox 159 477 388 531; x_wconf 86' lang='lat' dir='ltr'>quibuscum</span> <span class='ocrx_word' id='word_1_33' title='bbox 419 479 617 531; x_wconf 86' lang='lat' dir='ltr'>loquatur,</span> <span class='ocrx_word' id='word_1_34' title='bbox 641 475 745 516; x_wconf 88' lang='lat' dir='ltr'>scire</span> <span class='ocrx_word' id='word_1_35' title='bbox 767 475 906 528; x_wconf 85' lang='lat' dir='ltr'>possit.</span> 
     </span>
    </p>
   </div>
   <div class='ocr_carea' id='block_1_3' title="bbox 81 553 1649 1898">
    <p class='ocr_par' dir='ltr' id='par_1_3' title="bbox 82 553 1643 676">
     <span class='ocr_line' id='line_1_6' title="bbox 82 553 1639 608; baseline -0.001 -12"><span class='ocrx_word' id='word_1_36' title='bbox 82 556 137 601; x_wconf 76' lang='grc'>21</span> <span class='ocrx_word' id='word_1_37' title='bbox 270 555 422 598; x_wconf 90' lang='lat' dir='ltr'>Eodem</span> <span class='ocrx_word' id='word_1_38' title='bbox 444 556 506 596; x_wconf 92' lang='lat' dir='ltr'>die</span> <span class='ocrx_word' id='word_1_39' title='bbox 527 555 574 594; x_wconf 92' lang='lat' dir='ltr'>ab</span> <span class='ocrx_word' id='word_1_40' title='bbox 597 553 913 608; x_wconf 82' lang='lat' dir='ltr'>exploratoribus</span> <span class='ocrx_word' id='word_1_41' title='bbox 937 554 1084 594; x_wconf 87' lang='lat' dir='ltr'>certior</span> <span class='ocrx_word' id='word_1_42' title='bbox 1104 556 1230 595; x_wconf 86' lang='lat' dir='ltr'>factus</span> <span class='ocrx_word' id='word_1_43' title='bbox 1254 555 1386 594; x_wconf 90' lang='lat' dir='ltr'>hostes</span> <span class='ocrx_word' id='word_1_44' title='bbox 1419 554 1489 594; x_wconf 93' lang='lat' dir='ltr'>sub</span> <span class='ocrx_word' id='word_1_45' title='bbox 1507 562 1639 596; x_wconf 81' lang='lat' dir='ltr'>monte</span> 
     </span>
     <span class='ocr_line' id='line_1_7' title="bbox 159 621 1643 676; baseline -0.001 -12"><span class='ocrx_word' id='word_1_46' title='bbox 159 625 386 664; x_wconf 81' lang='lat' dir='ltr'>consedisse</span> <span class='ocrx_word' id='word_1_47' title='bbox 408 622 515 662; x_wconf 87' lang='lat' dir='ltr'>milia</span> <span class='ocrx_word' id='word_1_48' title='bbox 536 636 718 676; x_wconf 86' lang='lat' dir='ltr'>passuum</span> <span class='ocrx_word' id='word_1_49' title='bbox 741 621 788 662; x_wconf 92' lang='lat' dir='ltr'>ab</span> <span class='ocrx_word' id='word_1_50' title='bbox 810 621 934 675; x_wconf 92' lang='lat' dir='ltr'>ipsius</span> <span class='ocrx_word' id='word_1_51' title='bbox 957 622 1100 663; x_wconf 88' lang='lat' dir='ltr'>castris</span> <span class='ocrx_word' id='word_1_52' title='bbox 1117 629 1222 669; x_wconf 82' lang='lat' dir='ltr'>octo,</span> <span class='ocrx_word' id='word_1_53' title='bbox 1248 621 1372 674; x_wconf 86' lang='lat' dir='ltr'>qualis</span> <span class='ocrx_word' id='word_1_54' title='bbox 1386 629 1643 662; x_wconf 84' lang='lat' dir='ltr'>essetnatura</span> 
     </span>
    </p>

    <p class='ocr_par' dir='ltr' id='par_1_4' title="bbox 109 688 1643 948">
     <span class='ocr_line' id='line_1_8' title="bbox 109 688 1643 745; baseline -0.003 -12"><span class='ocrx_word' id='word_1_55' title='bbox 109 693 137 733; x_wconf 76' lang='lat'>2</span> <span class='ocrx_word' id='word_1_56' title='bbox 158 692 302 733; x_wconf 90' lang='lat' dir='ltr'>montis</span> <span class='ocrx_word' id='word_1_57' title='bbox 324 698 363 731; x_wconf 92' lang='lat' dir='ltr'>et</span> <span class='ocrx_word' id='word_1_58' title='bbox 385 691 509 744; x_wconf 84' lang='lat' dir='ltr'>qualis</span> <span class='ocrx_word' id='word_1_59' title='bbox 531 690 570 730; x_wconf 90' lang='lat' dir='ltr'>in</span> <span class='ocrx_word' id='word_1_60' title='bbox 586 690 753 730; x_wconf 87' lang='lat' dir='ltr'>circuitu</span> <span class='ocrx_word' id='word_1_61' title='bbox 771 703 976 739; x_wconf 86' lang='lat' dir='ltr'>ascensus,</span> <span class='ocrx_word' id='word_1_62' title='bbox 1002 690 1382 745; x_wconf 86' lang='lat' dir='ltr'>quicognoscerent,</span> <span class='ocrx_word' id='word_1_63' title='bbox 1407 690 1531 730; x_wconf 85' lang='lat' dir='ltr'>misit.</span> <span class='ocrx_word' id='word_1_64' title='bbox 1563 688 1643 729; x_wconf 88' lang='lat' dir='ltr'>Re-</span> 
     </span>
     <span class='ocr_line' id='line_1_9' title="bbox 160 755 1641 812; baseline -0.002 -12"><span class='ocrx_word' id='word_1_65' title='bbox 160 760 381 800; x_wconf 70' lang='lat' dir='ltr'>nuntiatum</span> <span class='ocrx_word' id='word_1_66' title='bbox 412 766 472 798; x_wconf 88' lang='lat' dir='ltr'>est</span> <span class='ocrx_word' id='word_1_67' title='bbox 501 758 654 798; x_wconf 84' lang='lat' dir='ltr'>facilem</span> <span class='ocrx_word' id='word_1_68' title='bbox 686 771 791 798; x_wconf 88' lang='lat' dir='ltr'>csse.</span> <span class='ocrx_word' id='word_1_69' title='bbox 844 756 906 797; x_wconf 91' lang='lat' dir='ltr'>De</span> <span class='ocrx_word' id='word_1_70' title='bbox 939 759 1055 798; x_wconf 87' lang='lat' dir='ltr'>tertia</span> <span class='ocrx_word' id='word_1_71' title='bbox 1084 758 1217 812; x_wconf 83' lang='lat' dir='ltr'>uigilia</span> <span class='ocrx_word' id='word_1_72' title='bbox 1239 756 1372 798; x_wconf 86' lang='lat' dir='ltr'>Titum</span> <span class='ocrx_word' id='word_1_73' title='bbox 1402 755 1641 807; x_wconf 83' lang='lat' dir='ltr'>Labienum,</span> 
     </span>
     <span class='ocr_line' id='line_1_10' title="bbox 158 825 1643 881; baseline -0.002 -13"><span class='ocrx_word' id='word_1_74' title='bbox 158 828 327 881; x_wconf 85' lang='lat' dir='ltr'>legatum</span> <span class='ocrx_word' id='word_1_75' title='bbox 351 840 420 880; x_wconf 90' lang='lat' dir='ltr'>pro</span> <span class='ocrx_word' id='word_1_76' title='bbox 442 834 642 880; x_wconf 87' lang='lat' dir='ltr'>praetore,</span> <span class='ocrx_word' id='word_1_77' title='bbox 676 839 763 865; x_wconf 88' lang='lat' dir='ltr'>cum</span> <span class='ocrx_word' id='word_1_78' title='bbox 795 825 942 866; x_wconf 85' lang='lat' dir='ltr'>duabus</span> <span class='ocrx_word' id='word_1_79' title='bbox 974 826 1195 880; x_wconf 85' lang='lat' dir='ltr'>legionibus</span> <span class='ocrx_word' id='word_1_80' title='bbox 1228 833 1266 867; x_wconf 87' lang='lat' dir='ltr'>et</span> <span class='ocrx_word' id='word_1_81' title='bbox 1287 826 1334 865; x_wconf 92' lang='lat' dir='ltr'>iis</span> <span class='ocrx_word' id='word_1_82' title='bbox 1357 825 1518 866; x_wconf 87' lang='lat' dir='ltr'>ducibus</span> <span class='ocrx_word' id='word_1_83' title='bbox 1535 856 1545 876; x_wconf 92' lang='lat'>,</span> <span class='ocrx_word' id='word_1_84' title='bbox 1579 825 1643 878; x_wconf 89' lang='lat' dir='ltr'>qui</span> 
     </span>
     <span class='ocr_line' id='line_1_11' title="bbox 157 893 1643 948; baseline -0.001 -13"><span class='ocrx_word' id='word_1_85' title='bbox 157 898 236 935; x_wconf 88' lang='lat' dir='ltr'>iter</span> <span class='ocrx_word' id='word_1_86' title='bbox 258 901 554 948; x_wconf 83' lang='lat' dir='ltr'>cognouerant,</span> <span class='ocrx_word' id='word_1_87' title='bbox 588 908 780 933; x_wconf 90' lang='lat' dir='ltr'>summum</span> <span class='ocrx_word' id='word_1_88' title='bbox 811 893 940 947; x_wconf 85' lang='lat' dir='ltr'>iugum</span> <span class='ocrx_word' id='word_1_89' title='bbox 976 894 1121 934; x_wconf 87' lang='lat' dir='ltr'>montis</span> <span class='ocrx_word' id='word_1_90' title='bbox 1144 894 1358 934; x_wconf 81' lang='lat' dir='ltr'>ascendere</span> <span class='ocrx_word' id='word_1_91' title='bbox 1380 893 1515 943; x_wconf 85' lang='lat' dir='ltr'>iubet3</span> <span class='ocrx_word' id='word_1_92' title='bbox 1552 893 1643 946; x_wconf 89' lang='lat' dir='ltr'>quid</span> 
     </span>
    </p>

    <p class='ocr_par' dir='ltr' id='par_1_5' title="bbox 111 959 1644 1082">
     <span class='ocr_line' id='line_1_12' title="bbox 111 959 1644 1015; baseline -0.002 -11"><span class='ocrx_word' id='word_1_93' title='bbox 111 963 136 1004; x_wconf 89' lang='lat'><strong>3</strong></span> <span class='ocrx_word' id='word_1_94' title='bbox 159 963 219 1004; x_wconf 91' lang='lat' dir='ltr'>sui</span> <span class='ocrx_word' id='word_1_95' title='bbox 243 962 398 1002; x_wconf 88' lang='lat' dir='ltr'>consilii</span> <span class='ocrx_word' id='word_1_96' title='bbox 420 962 487 1013; x_wconf 81' lang='lat' dir='ltr'>sit,</span> <span class='ocrx_word' id='word_1_97' title='bbox 512 962 699 1002; x_wconf 79' lang='lat' dir='ltr'>ostendit.</span> <span class='ocrx_word' id='word_1_98' title='bbox 734 959 823 1015; x_wconf 88' lang='lat' dir='ltr'>Ipse</span> <span class='ocrx_word' id='word_1_99' title='bbox 847 961 891 1001; x_wconf 83' lang='lat' dir='ltr'>de</span> <span class='ocrx_word' id='word_1_100' title='bbox 915 969 1051 1014; x_wconf 87' lang='lat' dir='ltr'>quarta</span> <span class='ocrx_word' id='word_1_101' title='bbox 1076 962 1207 1015; x_wconf 84' lang='lat' dir='ltr'>uigilia</span> <span class='ocrx_word' id='word_1_102' title='bbox 1233 962 1367 1002; x_wconf 88' lang='lat' dir='ltr'>eodem</span> <span class='ocrx_word' id='word_1_103' title='bbox 1386 962 1544 1011; x_wconf 87' lang='lat' dir='ltr'>itinere,</span> <span class='ocrx_word' id='word_1_104' title='bbox 1569 975 1644 1013; x_wconf 86' lang='lat' dir='ltr'>quo</span> 
     </span>
     <span class='ocr_line' id='line_1_13' title="bbox 159 1028 1641 1082; baseline -0.003 -10"><span class='ocrx_word' id='word_1_105' title='bbox 159 1032 293 1072; x_wconf 90' lang='lat' dir='ltr'>hostes</span> <span class='ocrx_word' id='word_1_106' title='bbox 314 1031 458 1080; x_wconf 84' lang='lat' dir='ltr'>ierant,</span> <span class='ocrx_word' id='word_1_107' title='bbox 483 1031 530 1071; x_wconf 92' lang='lat' dir='ltr'>ad</span> <span class='ocrx_word' id='word_1_108' title='bbox 553 1044 621 1070; x_wconf 91' lang='lat' dir='ltr'>eos</span> <span class='ocrx_word' id='word_1_109' title='bbox 647 1029 850 1070; x_wconf 80' lang='lat' dir='ltr'>contendit</span> <span class='ocrx_word' id='word_1_110' title='bbox 872 1030 1162 1082; x_wconf 81' lang='lat' dir='ltr'>equitatumque</span> <span class='ocrx_word' id='word_1_111' title='bbox 1178 1043 1332 1069; x_wconf 89' lang='lat' dir='ltr'>omnem</span> <span class='ocrx_word' id='word_1_112' title='bbox 1345 1037 1436 1070; x_wconf 88' lang='lat' dir='ltr'>ante</span> <span class='ocrx_word' id='word_1_113' title='bbox 1449 1042 1492 1069; x_wconf 92' lang='lat' dir='ltr'>se</span> <span class='ocrx_word' id='word_1_114' title='bbox 1509 1028 1641 1069; x_wconf 86' lang='lat' dir='ltr'>mittit.</span> 
     </span>
    </p>

    <p class='ocr_par' dir='ltr' id='par_1_6' title="bbox 81 1097 1647 1422">
     <span class='ocr_line' id='line_1_14' title="bbox 112 1097 1645 1151; baseline -0.003 -11"><span class='ocrx_word' id='word_1_115' title='bbox 112 1099 140 1140; x_wconf 88' lang='grc'>4</span> <span class='ocrx_word' id='word_1_116' title='bbox 159 1097 209 1139; x_wconf 92' lang='grc' dir='ltr'>Ρ.</span> <span class='ocrx_word' id='word_1_117' title='bbox 228 1098 459 1148; x_wconf 78' lang='lat' dir='ltr'>Considius,</span> <span class='ocrx_word' id='word_1_118' title='bbox 486 1099 549 1151; x_wconf 86' lang='lat' dir='ltr'>qui</span> <span class='ocrx_word' id='word_1_119' title='bbox 573 1098 631 1138; x_wconf 91' lang='lat' dir='ltr'>rei</span> <span class='ocrx_word' id='word_1_120' title='bbox 654 1098 835 1138; x_wconf 83' lang='lat' dir='ltr'>militaris</span> <span class='ocrx_word' id='word_1_121' title='bbox 859 1097 1119 1151; x_wconf 86' lang='lat' dir='ltr'>peritissimus</span> <span class='ocrx_word' id='word_1_122' title='bbox 1143 1097 1359 1137; x_wconf 79' lang='lat' dir='ltr'>habebatur</span> <span class='ocrx_word' id='word_1_123' title='bbox 1391 1105 1429 1138; x_wconf 87' lang='lat' dir='ltr'>et</span> <span class='ocrx_word' id='word_1_124' title='bbox 1461 1097 1501 1137; x_wconf 91' lang='lat' dir='ltr'>in</span> <span class='ocrx_word' id='word_1_125' title='bbox 1526 1110 1645 1137; x_wconf 88' lang='lat' dir='ltr'>exer-</span> 
     </span>
     <span class='ocr_line' id='line_1_15' title="bbox 158 1162 1643 1219; baseline -0.002 -12"><span class='ocrx_word' id='word_1_126' title='bbox 158 1167 236 1207; x_wconf 88' lang='lat' dir='ltr'>citu</span> <span class='ocrx_word' id='word_1_127' title='bbox 266 1164 317 1206; x_wconf 93' lang='lat' dir='ltr'>L.</span> <span class='ocrx_word' id='word_1_128' title='bbox 345 1165 477 1206; x_wconf 78' lang='lat' dir='ltr'>Sullae</span> <span class='ocrx_word' id='word_1_129' title='bbox 500 1173 539 1207; x_wconf 89' lang='lat' dir='ltr'>et</span> <span class='ocrx_word' id='word_1_130' title='bbox 561 1173 696 1219; x_wconf 89' lang='lat' dir='ltr'>postea</span> <span class='ocrx_word' id='word_1_131' title='bbox 716 1165 754 1205; x_wconf 90' lang='lat' dir='ltr'>in</span> <span class='ocrx_word' id='word_1_132' title='bbox 779 1163 837 1204; x_wconf 86' lang='lat' dir='ltr'>M.</span> <span class='ocrx_word' id='word_1_133' title='bbox 866 1162 1005 1205; x_wconf 79' lang='lat' dir='ltr'>Crassi</span> <span class='ocrx_word' id='word_1_134' title='bbox 1028 1166 1179 1215; x_wconf 81' lang='lat' dir='ltr'>fuerat,</span> <span class='ocrx_word' id='word_1_135' title='bbox 1206 1180 1291 1205; x_wconf 90' lang='lat' dir='ltr'>cum</span> <span class='ocrx_word' id='word_1_136' title='bbox 1324 1164 1643 1219; x_wconf 81' lang='lat' dir='ltr'>exploratoribus</span> 
     </span>
     <span class='ocr_line' id='line_1_16' title="bbox 81 1231 1641 1290; baseline -0.003 -14"><span class='ocrx_word' id='word_1_137' title='bbox 81 1235 136 1280; x_wconf 73' lang='grc'>22</span> <span class='ocrx_word' id='word_1_138' title='bbox 156 1234 436 1290; x_wconf 86' lang='lat' dir='ltr'>praemittitur.</span> <span class='ocrx_word' id='word_1_139' title='bbox 470 1232 603 1274; x_wconf 85' lang='lat' dir='ltr'>Prima</span> <span class='ocrx_word' id='word_1_140' title='bbox 626 1235 727 1282; x_wconf 81' lang='lat' dir='ltr'>luce,</span> <span class='ocrx_word' id='word_1_141' title='bbox 754 1248 839 1273; x_wconf 91' lang='lat' dir='ltr'>cum</span> <span class='ocrx_word' id='word_1_142' title='bbox 863 1247 1037 1272; x_wconf 84' lang='lat' dir='ltr'>summus</span> <span class='ocrx_word' id='word_1_143' title='bbox 1061 1247 1172 1272; x_wconf 89' lang='lat' dir='ltr'>mons</span> <span class='ocrx_word' id='word_1_144' title='bbox 1192 1248 1213 1273; x_wconf 85' lang='lat' dir='ltr'>a</span> <span class='ocrx_word' id='word_1_145' title='bbox 1229 1231 1407 1273; x_wconf 84' lang='lat' dir='ltr'>Labieno</span> <span class='ocrx_word' id='word_1_146' title='bbox 1421 1238 1641 1283; x_wconf 86' lang='lat' dir='ltr'>teneretur,</span> 
     </span>
     <span class='ocr_line' id='line_1_17' title="bbox 157 1299 1646 1358; baseline -0.003 -15"><span class='ocrx_word' id='word_1_147' title='bbox 157 1303 242 1358; x_wconf 83' lang='lat' dir='ltr'>ipse</span> <span class='ocrx_word' id='word_1_148' title='bbox 272 1302 319 1342; x_wconf 89' lang='lat' dir='ltr'>ab</span> <span class='ocrx_word' id='word_1_149' title='bbox 352 1302 521 1342; x_wconf 88' lang='lat' dir='ltr'>hostium</span> <span class='ocrx_word' id='word_1_150' title='bbox 554 1302 695 1342; x_wconf 70' lang='lat' dir='ltr'>castris</span> <span class='ocrx_word' id='word_1_151' title='bbox 728 1316 806 1341; x_wconf 89' lang='lat' dir='ltr'>non</span> <span class='ocrx_word' id='word_1_152' title='bbox 839 1300 994 1353; x_wconf 83' lang='lat' dir='ltr'>longius</span> <span class='ocrx_word' id='word_1_153' title='bbox 1025 1300 1130 1340; x_wconf 83' lang='lat' dir='ltr'>mille</span> <span class='ocrx_word' id='word_1_154' title='bbox 1160 1307 1198 1340; x_wconf 90' lang='lat' dir='ltr'>et</span> <span class='ocrx_word' id='word_1_155' title='bbox 1219 1300 1444 1353; x_wconf 81' lang='lat' dir='ltr'>quingentis</span> <span class='ocrx_word' id='word_1_156' title='bbox 1466 1299 1646 1354; x_wconf 89' lang='lat' dir='ltr'>passibus</span> 
     </span>
     <span class='ocr_line' id='line_1_18' title="bbox 159 1367 1647 1422; baseline -0.001 -12"><span class='ocrx_word' id='word_1_157' title='bbox 159 1371 332 1419; x_wconf 84' lang='lat' dir='ltr'>abesset,</span> <span class='ocrx_word' id='word_1_158' title='bbox 359 1383 502 1422; x_wconf 87' lang='lat' dir='ltr'>neque,</span> <span class='ocrx_word' id='word_1_159' title='bbox 528 1377 569 1409; x_wconf 91' lang='lat' dir='ltr'>ut</span> <span class='ocrx_word' id='word_1_160' title='bbox 590 1375 726 1422; x_wconf 85' lang='lat' dir='ltr'>postea</span> <span class='ocrx_word' id='word_1_161' title='bbox 745 1382 797 1408; x_wconf 89' lang='lat' dir='ltr'>ex</span> <span class='ocrx_word' id='word_1_162' title='bbox 813 1368 979 1421; x_wconf 83' lang='lat' dir='ltr'>captiuis</span> <span class='ocrx_word' id='word_1_163' title='bbox 992 1368 1196 1421; x_wconf 87' lang='lat' dir='ltr'>comperit,</span> <span class='ocrx_word' id='word_1_164' title='bbox 1222 1375 1288 1408; x_wconf 89' lang='lat' dir='ltr'>aut</span> <span class='ocrx_word' id='word_1_165' title='bbox 1309 1368 1432 1421; x_wconf 85' lang='lat' dir='ltr'>ipsius</span> <span class='ocrx_word' id='word_1_166' title='bbox 1454 1367 1647 1408; x_wconf 87' lang='lat' dir='ltr'>aduentus</span> 
     </span>
    </p>

    <p class='ocr_par' dir='ltr' id='par_1_7' title="bbox 111 1433 1648 1626">
     <span class='ocr_line' id='line_1_19' title="bbox 111 1433 1647 1491; baseline -0.002 -12"><span class='ocrx_word' id='word_1_167' title='bbox 111 1438 139 1480; x_wconf 77' lang='lat'>2</span> <span class='ocrx_word' id='word_1_168' title='bbox 160 1445 226 1478; x_wconf 81' lang='lat' dir='ltr'>aut</span> <span class='ocrx_word' id='word_1_169' title='bbox 246 1435 416 1477; x_wconf 87' lang='lat' dir='ltr'>Labieni</span> <span class='ocrx_word' id='word_1_170' title='bbox 446 1437 626 1491; x_wconf 85' lang='lat' dir='ltr'>cognitus</span> <span class='ocrx_word' id='word_1_171' title='bbox 651 1443 773 1486; x_wconf 88' lang='lat' dir='ltr'>esset,</span> <span class='ocrx_word' id='word_1_172' title='bbox 809 1433 1021 1476; x_wconf 83' lang='lat' dir='ltr'>Considius</span> <span class='ocrx_word' id='word_1_173' title='bbox 1053 1450 1152 1489; x_wconf 90' lang='lat' dir='ltr'>equo</span> <span class='ocrx_word' id='word_1_174' title='bbox 1184 1436 1355 1476; x_wconf 85' lang='lat' dir='ltr'>admisso</span> <span class='ocrx_word' id='word_1_175' title='bbox 1386 1436 1434 1476; x_wconf 88' lang='lat' dir='ltr'>ad</span> <span class='ocrx_word' id='word_1_176' title='bbox 1464 1450 1550 1476; x_wconf 89' lang='lat' dir='ltr'>eum</span> <span class='ocrx_word' id='word_1_177' title='bbox 1582 1449 1647 1476; x_wconf 85' lang='lat' dir='ltr'>ac-</span> 
     </span>
     <span class='ocr_line' id='line_1_20' title="bbox 159 1502 1648 1557; baseline -0.001 -11"><span class='ocrx_word' id='word_1_178' title='bbox 159 1506 306 1555; x_wconf 80' lang='lat' dir='ltr'>currit,</span> <span class='ocrx_word' id='word_1_179' title='bbox 333 1505 426 1545; x_wconf 86' lang='lat' dir='ltr'>dicit</span> <span class='ocrx_word' id='word_1_180' title='bbox 449 1512 643 1555; x_wconf 86' lang='lat' dir='ltr'>montem,</span> <span class='ocrx_word' id='word_1_181' title='bbox 666 1519 812 1557; x_wconf 88' lang='lat' dir='ltr'>quema</span> <span class='ocrx_word' id='word_1_182' title='bbox 831 1502 1013 1544; x_wconf 87' lang='lat' dir='ltr'>Labieno</span> <span class='ocrx_word' id='word_1_183' title='bbox 1037 1504 1219 1557; x_wconf 87' lang='lat' dir='ltr'>occupari</span> <span class='ocrx_word' id='word_1_184' title='bbox 1244 1505 1431 1552; x_wconf 90' lang='lat' dir='ltr'>uoluerit,</span> <span class='ocrx_word' id='word_1_185' title='bbox 1456 1504 1503 1544; x_wconf 90' lang='lat' dir='ltr'>ab</span> <span class='ocrx_word' id='word_1_186' title='bbox 1528 1503 1648 1544; x_wconf 90' lang='lat' dir='ltr'>hosti-</span> 
     </span>
     <span class='ocr_line' id='line_1_21' title="bbox 159 1571 1648 1626; baseline -0.002 -12"><span class='ocrx_word' id='word_1_187' title='bbox 159 1574 232 1614; x_wconf 90' lang='lat' dir='ltr'>bus</span> <span class='ocrx_word' id='word_1_188' title='bbox 264 1573 417 1613; x_wconf 87' lang='lat' dir='ltr'>teneri:</span> <span class='ocrx_word' id='word_1_189' title='bbox 457 1573 494 1613; x_wconf 94' lang='lat' dir='ltr'>id</span> <span class='ocrx_word' id='word_1_190' title='bbox 529 1587 572 1613; x_wconf 91' lang='lat' dir='ltr'>se</span> <span class='ocrx_word' id='word_1_191' title='bbox 610 1588 632 1613; x_wconf 84' lang='lat' dir='ltr'>a</span> <span class='ocrx_word' id='word_1_192' title='bbox 655 1571 818 1613; x_wconf 89' lang='lat' dir='ltr'>Gallicis</span> <span class='ocrx_word' id='word_1_193' title='bbox 851 1572 970 1612; x_wconf 87' lang='lat' dir='ltr'>armis</span> <span class='ocrx_word' id='word_1_194' title='bbox 1000 1579 1116 1625; x_wconf 86' lang='lat' dir='ltr'>atque</span> <span class='ocrx_word' id='word_1_195' title='bbox 1147 1572 1369 1626; x_wconf 84' lang='lat' dir='ltr'>insignibus</span> <span class='ocrx_word' id='word_1_196' title='bbox 1393 1572 1648 1625; x_wconf 85' lang='lat' dir='ltr'>cognouisse.</span> 
     </span>
    </p>

    <p class='ocr_par' dir='ltr' id='par_1_8' title="bbox 112 1638 1649 1898">
     <span class='ocr_line' id='line_1_22' title="bbox 112 1638 1645 1695; baseline -0.002 -13"><span class='ocrx_word' id='word_1_197' title='bbox 112 1640 137 1681; x_wconf 89' lang='lat'>3</span> <span class='ocrx_word' id='word_1_198' title='bbox 161 1638 315 1682; x_wconf 87' lang='lat' dir='ltr'>Caesar</span> <span class='ocrx_word' id='word_1_199' title='bbox 336 1655 430 1681; x_wconf 89' lang='lat' dir='ltr'>suas</span> <span class='ocrx_word' id='word_1_200' title='bbox 454 1640 586 1694; x_wconf 92' lang='lat' dir='ltr'>copias</span> <span class='ocrx_word' id='word_1_201' title='bbox 608 1640 648 1680; x_wconf 89' lang='lat' dir='ltr'>in</span> <span class='ocrx_word' id='word_1_202' title='bbox 672 1641 893 1695; x_wconf 87' lang='lat' dir='ltr'>proximum</span> <span class='ocrx_word' id='word_1_203' title='bbox 917 1641 1055 1681; x_wconf 91' lang='lat' dir='ltr'>collem</span> <span class='ocrx_word' id='word_1_204' title='bbox 1079 1640 1285 1690; x_wconf 85' lang='lat' dir='ltr'>subducit,</span> <span class='ocrx_word' id='word_1_205' title='bbox 1322 1642 1445 1680; x_wconf 87' lang='lat' dir='ltr'>aciem</span> <span class='ocrx_word' id='word_1_206' title='bbox 1468 1639 1645 1680; x_wconf 89' lang='lat' dir='ltr'>instruit.</span> 
     </span>
     <span class='ocr_line' id='line_1_23' title="bbox 160 1705 1649 1763; baseline -0.001 -14"><span class='ocrx_word' id='word_1_207' title='bbox 160 1708 382 1759; x_wconf 87' lang='lat' dir='ltr'>Labienus,</span> <span class='ocrx_word' id='word_1_208' title='bbox 408 1716 449 1749; x_wconf 93' lang='lat' dir='ltr'>ut</span> <span class='ocrx_word' id='word_1_209' title='bbox 470 1716 556 1748; x_wconf 83' lang='lat' dir='ltr'>erat</span> <span class='ocrx_word' id='word_1_210' title='bbox 577 1709 610 1749; x_wconf 84' lang='lat' dir='ltr'>ei</span> <span class='ocrx_word' id='word_1_211' title='bbox 636 1715 884 1763; x_wconf 83' lang='lat' dir='ltr'>praeceptum</span> <span class='ocrx_word' id='word_1_212' title='bbox 907 1722 929 1747; x_wconf 90' lang='lat' dir='ltr'>a</span> <span class='ocrx_word' id='word_1_213' title='bbox 951 1705 1128 1749; x_wconf 85' lang='lat' dir='ltr'>Caesare</span> <span class='ocrx_word' id='word_1_214' title='bbox 1143 1740 1153 1759; x_wconf 93' lang='lat'>,</span> <span class='ocrx_word' id='word_1_215' title='bbox 1189 1722 1236 1748; x_wconf 90' lang='lat' dir='ltr'>ne</span> <span class='ocrx_word' id='word_1_216' title='bbox 1258 1709 1449 1763; x_wconf 86' lang='lat' dir='ltr'>proelium</span> <span class='ocrx_word' id='word_1_217' title='bbox 1472 1708 1649 1748; x_wconf 88' lang='lat' dir='ltr'>commit-</span> 
     </span>
     <span class='ocr_line' id='line_1_24' title="bbox 163 1776 1648 1830; baseline -0.002 -12"><span class='ocrx_word' id='word_1_218' title='bbox 163 1784 283 1828; x_wconf 87' lang='lat' dir='ltr'>teret,</span> <span class='ocrx_word' id='word_1_219' title='bbox 309 1777 383 1817; x_wconf 91' lang='lat' dir='ltr'>nisi</span> <span class='ocrx_word' id='word_1_220' title='bbox 405 1777 527 1830; x_wconf 89' lang='lat' dir='ltr'>ipsius</span> <span class='ocrx_word' id='word_1_221' title='bbox 550 1777 685 1830; x_wconf 87' lang='lat' dir='ltr'>copiae</span> <span class='ocrx_word' id='word_1_222' title='bbox 708 1791 827 1830; x_wconf 88' lang='lat' dir='ltr'>prope</span> <span class='ocrx_word' id='word_1_223' title='bbox 851 1776 1020 1816; x_wconf 89' lang='lat' dir='ltr'>hostium</span> <span class='ocrx_word' id='word_1_224' title='bbox 1043 1782 1173 1817; x_wconf 86' lang='lat' dir='ltr'>castra</span> <span class='ocrx_word' id='word_1_225' title='bbox 1194 1777 1304 1817; x_wconf 89' lang='lat' dir='ltr'>uisae</span> <span class='ocrx_word' id='word_1_226' title='bbox 1327 1783 1478 1826; x_wconf 89' lang='lat' dir='ltr'>essent,</span> <span class='ocrx_word' id='word_1_227' title='bbox 1515 1783 1557 1816; x_wconf 91' lang='lat' dir='ltr'>ut</span> <span class='ocrx_word' id='word_1_228' title='bbox 1579 1790 1648 1816; x_wconf 88' lang='lat' dir='ltr'>uu-</span> 
     </span>
     <span class='ocr_line' id='line_1_25' title="bbox 161 1844 1649 1898; baseline -0.001 -13"><span class='ocrx_word' id='word_1_229' title='bbox 161 1845 277 1898; x_wconf 90' lang='lat' dir='ltr'>dique</span> <span class='ocrx_word' id='word_1_230' title='bbox 298 1859 376 1885; x_wconf 90' lang='lat' dir='ltr'>uno</span> <span class='ocrx_word' id='word_1_231' title='bbox 399 1851 573 1898; x_wconf 85' lang='lat' dir='ltr'>tempore</span> <span class='ocrx_word' id='word_1_232' title='bbox 595 1844 635 1884; x_wconf 88' lang='lat' dir='ltr'>in</span> <span class='ocrx_word' id='word_1_233' title='bbox 653 1844 788 1884; x_wconf 86' lang='lat' dir='ltr'>hostes</span> <span class='ocrx_word' id='word_1_234' title='bbox 803 1844 970 1897; x_wconf 85' lang='lat' dir='ltr'>impetus</span> <span class='ocrx_word' id='word_1_235' title='bbox 985 1845 1112 1895; x_wconf 85' lang='lat' dir='ltr'>lieret,</span> <span class='ocrx_word' id='word_1_236' title='bbox 1137 1851 1269 1885; x_wconf 91' lang='lat' dir='ltr'>monte</span> <span class='ocrx_word' id='word_1_237' title='bbox 1283 1851 1473 1898; x_wconf 86' lang='lat' dir='ltr'>occupato</span> <span class='ocrx_word' id='word_1_238' title='bbox 1491 1851 1649 1884; x_wconf 90' lang='lat' dir='ltr'>nostros</span> 
     </span>
    </p>
   </div>
   <div class='ocr_carea' id='block_1_4' title="bbox 114 1910 1718 1968">
    <p class='ocr_par' dir='ltr' id='par_1_9' title="bbox 114 1910 1718 1968">
     <span class='ocr_line' id='line_1_26' title="bbox 114 1910 1718 1968; baseline -0.001 -14"><span class='ocrx_word' id='word_1_239' title='bbox 114 1912 142 1954; x_wconf 88' lang='grc'>4</span> <span class='ocrx_word' id='word_1_240' title='bbox 163 1912 402 1968; x_wconf 81' lang='lat' dir='ltr'>expectabat</span> <span class='ocrx_word' id='word_1_241' title='bbox 422 1912 649 1966; x_wconf 87' lang='lat' dir='ltr'>proelioque</span> <span class='ocrx_word' id='word_1_242' title='bbox 671 1911 904 1952; x_wconf 84' lang='lat' dir='ltr'>abstinebat.</span> <span class='ocrx_word' id='word_1_243' title='bbox 951 1910 1080 1952; x_wconf 82' lang='lat' dir='ltr'>Multo</span> <span class='ocrx_word' id='word_1_244' title='bbox 1104 1912 1270 1965; x_wconf 90' lang='lat' dir='ltr'>denique</span> <span class='ocrx_word' id='word_1_245' title='bbox 1294 1912 1354 1952; x_wconf 90' lang='lat' dir='ltr'>die</span> <span class='ocrx_word' id='word_1_246' title='bbox 1372 1926 1442 1966; x_wconf 87' lang='lat' dir='ltr'>per</span> <span class='ocrx_word' id='word_1_247' title='bbox 1464 1911 1648 1966; x_wconf 84' lang='lat' dir='ltr'>explora-</span> <span class='ocrx_word' id='word_1_248' title='bbox 1704 1919 1718 1926; x_wconf 63' lang='lat'><strong>⁸</strong></span> 
     </span>
    </p>
   </div>
   <div class='ocr_carea' id='block_1_5' title="bbox 88 1979 1651 2306">
    <p class='ocr_par' dir='ltr' id='par_1_10' title="bbox 161 1979 1650 2102">
     <span class='ocr_line' id='line_1_27' title="bbox 161 1979 1650 2034; baseline -0.001 -12"><span class='ocrx_word' id='word_1_249' title='bbox 161 1988 271 2022; x_wconf 87' lang='lat' dir='ltr'>tores</span> <span class='ocrx_word' id='word_1_250' title='bbox 295 1979 447 2022; x_wconf 88' lang='lat' dir='ltr'>Caesar</span> <span class='ocrx_word' id='word_1_251' title='bbox 468 1980 655 2034; x_wconf 86' lang='lat' dir='ltr'>cognouit</span> <span class='ocrx_word' id='word_1_252' title='bbox 676 1986 715 2019; x_wconf 91' lang='lat' dir='ltr'>et</span> <span class='ocrx_word' id='word_1_253' title='bbox 737 1985 907 2019; x_wconf 88' lang='lat' dir='ltr'>montem</span> <span class='ocrx_word' id='word_1_254' title='bbox 931 1992 950 2018; x_wconf 87' lang='lat' dir='ltr'>a</span> <span class='ocrx_word' id='word_1_255' title='bbox 974 1980 1058 2019; x_wconf 88' lang='lat' dir='ltr'>suis</span> <span class='ocrx_word' id='word_1_256' title='bbox 1080 1981 1207 2020; x_wconf 87' lang='lat' dir='ltr'>teneri</span> <span class='ocrx_word' id='word_1_257' title='bbox 1231 1987 1269 2020; x_wconf 92' lang='lat' dir='ltr'>et</span> <span class='ocrx_word' id='word_1_258' title='bbox 1292 1979 1496 2021; x_wconf 89' lang='lat' dir='ltr'>Heluetios</span> <span class='ocrx_word' id='word_1_259' title='bbox 1519 1987 1650 2021; x_wconf 88' lang='lat' dir='ltr'>castra</span> 
     </span>
     <span class='ocr_line' id='line_1_28' title="bbox 162 2046 1648 2102; baseline -0.001 -13"><span class='ocrx_word' id='word_1_260' title='bbox 162 2049 337 2089; x_wconf 88' lang='lat' dir='ltr'>mouisse</span> <span class='ocrx_word' id='word_1_261' title='bbox 359 2056 399 2089; x_wconf 90' lang='lat' dir='ltr'>et</span> <span class='ocrx_word' id='word_1_262' title='bbox 421 2046 651 2089; x_wconf 90' lang='lat' dir='ltr'>Considium</span> <span class='ocrx_word' id='word_1_263' title='bbox 676 2048 814 2087; x_wconf 91' lang='lat' dir='ltr'>timore</span> <span class='ocrx_word' id='word_1_264' title='bbox 837 2047 1104 2100; x_wconf 85' lang='lat' dir='ltr'>perterritum,</span> <span class='ocrx_word' id='word_1_265' title='bbox 1131 2049 1231 2100; x_wconf 88' lang='lat' dir='ltr'>quod</span> <span class='ocrx_word' id='word_1_266' title='bbox 1255 2063 1332 2088; x_wconf 92' lang='lat' dir='ltr'>non</span> <span class='ocrx_word' id='word_1_267' title='bbox 1357 2049 1544 2098; x_wconf 84' lang='lat' dir='ltr'>uidisset,</span> <span class='ocrx_word' id='word_1_268' title='bbox 1579 2062 1648 2102; x_wconf 83' lang='lat' dir='ltr'>pro</span> 
     </span>
    </p>

    <p class='ocr_par' dir='ltr' id='par_1_11' title="bbox 88 2114 1651 2306">
     <span class='ocr_line' id='line_1_29' title="bbox 116 2114 1651 2168; baseline -0.001 -11"><span class='ocrx_word' id='word_1_269' title='bbox 116 2117 141 2158; x_wconf 85' lang='lat'>5</span> <span class='ocrx_word' id='word_1_270' title='bbox 163 2117 249 2157; x_wconf 90' lang='lat' dir='ltr'>uiso</span> <span class='ocrx_word' id='word_1_271' title='bbox 272 2117 348 2158; x_wconf 92' lang='lat' dir='ltr'>sibi</span> <span class='ocrx_word' id='word_1_272' title='bbox 369 2115 634 2157; x_wconf 89' lang='lat' dir='ltr'>renuntiasse.</span> <span class='ocrx_word' id='word_1_273' title='bbox 686 2114 748 2156; x_wconf 92' lang='lat' dir='ltr'>Eo</span> <span class='ocrx_word' id='word_1_274' title='bbox 780 2115 841 2155; x_wconf 91' lang='lat' dir='ltr'>die</span> <span class='ocrx_word' id='word_1_275' title='bbox 863 2129 938 2168; x_wconf 92' lang='lat' dir='ltr'>quo</span> <span class='ocrx_word' id='word_1_276' title='bbox 961 2122 1173 2155; x_wconf 84' lang='lat' dir='ltr'>consuerat</span> <span class='ocrx_word' id='word_1_277' title='bbox 1194 2115 1404 2156; x_wconf 85' lang='lat' dir='ltr'>interuallo</span> <span class='ocrx_word' id='word_1_278' title='bbox 1428 2116 1564 2156; x_wconf 89' lang='lat' dir='ltr'>hostes</span> <span class='ocrx_word' id='word_1_279' title='bbox 1587 2129 1651 2156; x_wconf 89' lang='lat' dir='ltr'>se·</span> 
     </span>
     <span class='ocr_line' id='line_1_30' title="bbox 88 2181 1650 2239; baseline -0.003 -13"><span class='ocrx_word' id='word_1_280' title='bbox 88 2185 147 2231; x_wconf 74' lang='grc'>23</span> <span class='ocrx_word' id='word_1_281' title='bbox 165 2186 297 2239; x_wconf 84' lang='lat' dir='ltr'>quitur</span> <span class='ocrx_word' id='word_1_282' title='bbox 318 2193 357 2226; x_wconf 91' lang='lat' dir='ltr'>et</span> <span class='ocrx_word' id='word_1_283' title='bbox 379 2184 484 2226; x_wconf 86' lang='lat' dir='ltr'>milia</span> <span class='ocrx_word' id='word_1_284' title='bbox 506 2198 691 2239; x_wconf 88' lang='lat' dir='ltr'>passuum</span> <span class='ocrx_word' id='word_1_285' title='bbox 714 2183 790 2224; x_wconf 81' lang='lat' dir='ltr'>tria</span> <span class='ocrx_word' id='word_1_286' title='bbox 811 2183 858 2223; x_wconf 86' lang='lat' dir='ltr'>ab</span> <span class='ocrx_word' id='word_1_287' title='bbox 881 2196 1015 2223; x_wconf 87' lang='lat' dir='ltr'>eorum</span> <span class='ocrx_word' id='word_1_288' title='bbox 1035 2183 1176 2223; x_wconf 87' lang='lat' dir='ltr'>castris</span> <span class='ocrx_word' id='word_1_289' title='bbox 1190 2190 1321 2223; x_wconf 87' lang='lat' dir='ltr'>castra</span> <span class='ocrx_word' id='word_1_290' title='bbox 1334 2183 1458 2237; x_wconf 93' lang='lat' dir='ltr'>ponit.</span> <span class='ocrx_word' id='word_1_291' title='bbox 1496 2181 1650 2223; x_wconf 89' lang='lat' dir='ltr'>Postri—</span> 
     </span>
     <span class='ocr_line' id='line_1_31' title="bbox 162 2251 1646 2306; baseline -0.002 -12"><span class='ocrx_word' id='word_1_292' title='bbox 162 2254 224 2295; x_wconf 88' lang='lat' dir='ltr'>die</span> <span class='ocrx_word' id='word_1_293' title='bbox 247 2253 330 2294; x_wconf 82' lang='lat' dir='ltr'>eius</span> <span class='ocrx_word' id='word_1_294' title='bbox 354 2253 430 2294; x_wconf 89' lang='lat' dir='ltr'>diei</span> <span class='ocrx_word' id='word_1_295' title='bbox 446 2285 456 2304; x_wconf 91' lang='lat'>,</span> <span class='ocrx_word' id='word_1_296' title='bbox 490 2252 590 2306; x_wconf 89' lang='lat' dir='ltr'>quod</span> <span class='ocrx_word' id='word_1_297' title='bbox 619 2252 777 2292; x_wconf 90' lang='lat' dir='ltr'>omnino</span> <span class='ocrx_word' id='word_1_298' title='bbox 798 2251 959 2292; x_wconf 88' lang='lat' dir='ltr'>biduum</span> <span class='ocrx_word' id='word_1_299' title='bbox 980 2259 1186 2304; x_wconf 87' lang='lat' dir='ltr'>supererat</span> <span class='ocrx_word' id='word_1_300' title='bbox 1201 2283 1212 2303; x_wconf 88' lang='lat'>‚</span> <span class='ocrx_word' id='word_1_301' title='bbox 1237 2266 1324 2292; x_wconf 88' lang='lat' dir='ltr'>cum</span> <span class='ocrx_word' id='word_1_302' title='bbox 1347 2251 1544 2292; x_wconf 86' lang='lat' dir='ltr'>exercitui</span> <span class='ocrx_word' id='word_1_303' title='bbox 1567 2252 1646 2291; x_wconf 89' lang='lat' dir='ltr'>fru-</span> 
     </span>
    </p>
   </div>
   <div class='ocr_carea' id='block_1_6' title="bbox 166 2390 1570 2535">
    <p class='ocr_par' dir='ltr' id='par_1_12' title="bbox 166 2390 1570 2535">
     <span class='ocr_line' id='line_1_32' title="bbox 309 2390 1526 2426; baseline -0.002 -3"><span class='ocrx_word' id='word_1_304' title='bbox 309 2393 330 2426; x_wconf 74' lang='lat'>2</span> <span class='ocrx_word' id='word_1_305' title='bbox 348 2392 527 2423; x_wconf 85' lang='lat' dir='ltr'>Deuitiaco</span> <span class='ocrx_word' id='word_1_306' title='bbox 545 2394 630 2423; x_wconf 75' lang='lat' dir='ltr'>ante</span> <span class='ocrx_word' id='word_1_307' title='bbox 648 2401 741 2422; x_wconf 80' lang='lat' dir='ltr'>corr.</span> <span class='ocrx_word' id='word_1_308' title='bbox 760 2393 803 2422; x_wconf 89' lang='lat' dir='ltr'>B.</span> <span class='ocrx_word' id='word_1_309' title='bbox 943 2390 962 2424; x_wconf 88' lang='lat'><strong>7</strong></span> <span class='ocrx_word' id='word_1_310' title='bbox 981 2401 1144 2423; x_wconf 85' lang='lat' dir='ltr'>ascensus</span> <span class='ocrx_word' id='word_1_311' title='bbox 1165 2394 1198 2423; x_wconf 80' lang='lat' dir='ltr'>et</span> <span class='ocrx_word' id='word_1_312' title='bbox 1217 2391 1257 2423; x_wconf 83' lang='lat'>10</span> <span class='ocrx_word' id='word_1_313' title='bbox 1275 2390 1464 2422; x_wconf 86' lang='lat' dir='ltr'>ascendere</span> <span class='ocrx_word' id='word_1_314' title='bbox 1482 2392 1526 2421; x_wconf 91' lang='lat' dir='ltr'>B.</span> 
     </span>
     <span class='ocr_line' id='line_1_33' title="bbox 166 2439 1570 2483; baseline -0.004 -7"><span class='ocrx_word' id='word_1_315' title='bbox 166 2443 184 2476; x_wconf 81' lang='lat'><strong>7</strong></span> <span class='ocrx_word' id='word_1_316' title='bbox 213 2447 440 2483; x_wconf 84' lang='lat' dir='ltr'>cognosceret</span> <span class='ocrx_word' id='word_1_317' title='bbox 468 2444 565 2474; x_wconf 68' lang='lat' dir='ltr'>‘ms-5.</span> <span class='ocrx_word' id='word_1_318' title='bbox 591 2442 639 2474; x_wconf 75' lang='lat'>18&#39;</span> <span class='ocrx_word' id='word_1_319' title='bbox 658 2442 729 2473; x_wconf 89' lang='lat' dir='ltr'>AB</span> <span class='ocrx_word' id='word_1_320' title='bbox 743 2442 811 2474; x_wconf 88' lang='lat' dir='ltr'>CD</span> <span class='ocrx_word' id='word_1_321' title='bbox 825 2442 924 2483; x_wconf 78' lang='lat' dir='ltr'>Eef.</span> <span class='ocrx_word' id='word_1_322' title='bbox 1043 2443 1063 2474; x_wconf 87' lang='grc'>8</span> <span class='ocrx_word' id='word_1_323' title='bbox 1088 2441 1200 2474; x_wconf 88' lang='lat' dir='ltr'>Titum</span> <span class='ocrx_word' id='word_1_324' title='bbox 1225 2442 1297 2474; x_wconf 88' lang='lat' dir='ltr'>AB</span> <span class='ocrx_word' id='word_1_325' title='bbox 1313 2441 1460 2482; x_wconf 82' lang='lat' dir='ltr'>CDEs,</span> <span class='ocrx_word' id='word_1_326' title='bbox 1479 2439 1518 2472; x_wconf 93' lang='lat' dir='ltr'>T.</span> <span class='ocrx_word' id='word_1_327' title='bbox 1537 2450 1570 2472; x_wconf 83' lang='lat' dir='ltr'>u.</span> 
     </span>
     <span class='ocr_line' id='line_1_34' title="bbox 167 2493 1540 2535; baseline -0.001 -10"><span class='ocrx_word' id='word_1_328' title='bbox 167 2495 185 2527; x_wconf 87' lang='grc'>9</span> <span class='ocrx_word' id='word_1_329' title='bbox 206 2494 262 2525; x_wconf 86' lang='lat' dir='ltr'>‘iis</span> <span class='ocrx_word' id='word_1_330' title='bbox 281 2493 339 2525; x_wconf 82' lang='lat' dir='ltr'>uel</span> <span class='ocrx_word' id='word_1_331' title='bbox 356 2493 408 2525; x_wconf 89' lang='lat' dir='ltr'>his</span> <span class='ocrx_word' id='word_1_332' title='bbox 428 2493 459 2524; x_wconf 80' lang='lat' dir='ltr'><em>A</em></span> <span class='ocrx_word' id='word_1_333' title='bbox 474 2493 554 2534; x_wconf 82' lang='lat' dir='ltr'>Cb&#39;‚</span> <span class='ocrx_word' id='word_1_334' title='bbox 576 2494 628 2525; x_wconf 91' lang='lat' dir='ltr'>his</span> <span class='ocrx_word' id='word_1_335' title='bbox 647 2496 677 2525; x_wconf 91' lang='lat' dir='ltr'><em>B</em></span> <span class='ocrx_word' id='word_1_336' title='bbox 690 2493 808 2535; x_wconf 85' lang='lat' dir='ltr'>(E)ae</span> <span class='ocrx_word' id='word_1_337' title='bbox 822 2493 896 2535; x_wconf 83' lang='lat' dir='ltr'>(f).</span> <span class='ocrx_word' id='word_1_338' title='bbox 1040 2493 1077 2525; x_wconf 87' lang='lat'>11</span> <span class='ocrx_word' id='word_1_339' title='bbox 1100 2493 1274 2524; x_wconf 87' lang='lat' dir='ltr'>hostendit</span> <span class='ocrx_word' id='word_1_340' title='bbox 1291 2495 1374 2524; x_wconf 81' lang='lat' dir='ltr'>ante</span> <span class='ocrx_word' id='word_1_341' title='bbox 1392 2502 1484 2523; x_wconf 74' lang='lat' dir='ltr'>corr.</span> <span class='ocrx_word' id='word_1_342' title='bbox 1499 2494 1540 2523; x_wconf 92' lang='lat' dir='ltr'>B.</span> 
     </span>
    </p>
   </div>
   <div class='ocr_carea' id='block_1_7' title="bbox 1678 900 1715 932">
    <p class='ocr_par' dir='ltr' id='par_1_13' title="bbox 1678 900 1715 932">
     <span class='ocr_line' id='line_1_35' title="bbox 1678 900 1715 932; baseline 0 0"><span class='ocrx_word' id='word_1_343' title='bbox 1678 900 1715 932; x_wconf 85' lang='lat'>10</span> 
     </span>
    </p>
   </div>
   <div class='ocr_carea' id='block_1_8' title="bbox 1678 1239 1716 1271">
    <p class='ocr_par' dir='ltr' id='par_1_14' title="bbox 1678 1239 1716 1271">
     <span class='ocr_line' id='line_1_36' title="bbox 1678 1239 1716 1271; baseline -0.026 0"><span class='ocrx_word' id='word_1_344' title='bbox 1678 1239 1716 1271; x_wconf 79' lang='lat'>15</span> 
     </span>
    </p>
   </div>
   <div class='ocr_carea' id='block_1_9' title="bbox 1679 1579 1721 1610">
    <p class='ocr_par' dir='ltr' id='par_1_15' title="bbox 1679 1579 1721 1610">
     <span class='ocr_line' id='line_1_37' title="bbox 1679 1579 1721 1610; baseline 0 0"><span class='ocrx_word' id='word_1_345' title='bbox 1679 1579 1721 1610; x_wconf 78' lang='lat'>‘20</span> 
     </span>
    </p>
   </div>
   <div class='ocr_carea' id='block_1_10' title="bbox 1678 2258 1721 2290">
    <p class='ocr_par' dir='ltr' id='par_1_16' title="bbox 1678 2258 1721 2290">
     <span class='ocr_line' id='line_1_38' title="bbox 1678 2258 1721 2290; baseline 0 0"><span class='ocrx_word' id='word_1_346' title='bbox 1678 2258 1721 2290; x_wconf 86' lang='lat'>30</span> 
     </span>
    </p>
   </div>
   <div class='ocr_carea' id='block_1_11' title="bbox 168 2542 1682 2586">
    <p class='ocr_par' dir='ltr' id='par_1_17' title="bbox 168 2542 1682 2586">
     <span class='ocr_line' id='line_1_39' title="bbox 168 2542 1682 2586; baseline -0.001 -9"><span class='ocrx_word' id='word_1_347' title='bbox 168 2544 208 2577; x_wconf 85' lang='lat'>13</span> <span class='ocrx_word' id='word_1_348' title='bbox 226 2543 264 2575; x_wconf 94' lang='lat' dir='ltr'>P.</span> <span class='ocrx_word' id='word_1_349' title='bbox 284 2543 335 2584; x_wconf 87' lang='lat' dir='ltr'>A,</span> <span class='ocrx_word' id='word_1_350' title='bbox 365 2554 432 2575; x_wconf 83' lang='lat' dir='ltr'>om.</span> <span class='ocrx_word' id='word_1_351' title='bbox 450 2545 480 2574; x_wconf 90' lang='lat' dir='ltr'><em>B</em></span> <span class='ocrx_word' id='word_1_352' title='bbox 499 2547 534 2575; x_wconf 79' lang='lat' dir='ltr'>et</span> <span class='ocrx_word' id='word_1_353' title='bbox 550 2544 774 2586; x_wconf 71' lang='lat' dir='ltr'>2‘el1&#39;qu17se7·e</span> <span class='ocrx_word' id='word_1_354' title='bbox 793 2555 924 2576; x_wconf 78' lang='lat' dir='ltr'>omnes.</span> <span class='ocrx_word' id='word_1_355' title='bbox 1106 2544 1145 2575; x_wconf 82' lang='lat'>15</span> <span class='ocrx_word' id='word_1_356' title='bbox 1164 2552 1183 2574; x_wconf 87' lang='lat' dir='ltr'>a</span> <span class='ocrx_word' id='word_1_357' title='bbox 1201 2542 1352 2574; x_wconf 88' lang='lat' dir='ltr'>Labieno</span> <span class='ocrx_word' id='word_1_358' title='bbox 1373 2552 1447 2584; x_wconf 79' lang='lat' dir='ltr'>ego,</span> <span class='ocrx_word' id='word_1_359' title='bbox 1483 2545 1515 2574; x_wconf 88' lang='lat' dir='ltr'>‘a</span> <span class='ocrx_word' id='word_1_360' title='bbox 1532 2543 1572 2574; x_wconf 89' lang='lat' dir='ltr'>L.</span> <span class='ocrx_word' id='word_1_361' title='bbox 1593 2543 1653 2575; x_wconf 81' lang='lat' dir='ltr'>uel</span> <span class='ocrx_word' id='word_1_362' title='bbox 1679 2583 1682 2585; x_wconf 24' lang='grc' dir='ltr'><em>ι</em></span> 
     </span>
    </p>
   </div>
   <div class='ocr_carea' id='block_1_12' title="bbox 165 2593 1650 2739">
    <p class='ocr_par' dir='ltr' id='par_1_18' title="bbox 165 2593 1650 2739">
     <span class='ocr_line' id='line_1_40' title="bbox 165 2593 1507 2638; baseline -0.001 -10"><span class='ocrx_word' id='word_1_363' title='bbox 165 2596 273 2628; x_wconf 89' lang='lat' dir='ltr'>Lucio</span> <span class='ocrx_word' id='word_1_364' title='bbox 292 2594 444 2627; x_wconf 88' lang='lat' dir='ltr'>Labieno</span> <span class='ocrx_word' id='word_1_365' title='bbox 463 2606 546 2626; x_wconf 71' lang='lat' dir='ltr'>mSS.</span> <span class='ocrx_word' id='word_1_366' title='bbox 564 2597 752 2638; x_wconf 75' lang='lat' dir='ltr'>plerz’que&#39;,</span> <span class='ocrx_word' id='word_1_367' title='bbox 774 2607 791 2628; x_wconf 90' lang='lat' dir='ltr'>a</span> <span class='ocrx_word' id='word_1_368' title='bbox 809 2596 916 2628; x_wconf 89' lang='lat' dir='ltr'>Lucio</span> <span class='ocrx_word' id='word_1_369' title='bbox 933 2594 1100 2628; x_wconf 90' lang='lat' dir='ltr'>Labienio</span> <span class='ocrx_word' id='word_1_370' title='bbox 1118 2596 1170 2635; x_wconf 89' lang='grc' dir='ltr'>Β,·</span> <span class='ocrx_word' id='word_1_371' title='bbox 1197 2604 1216 2626; x_wconf 86' lang='lat' dir='ltr'>a</span> <span class='ocrx_word' id='word_1_372' title='bbox 1236 2593 1277 2626; x_wconf 88' lang='lat' dir='ltr'>T.</span> <span class='ocrx_word' id='word_1_373' title='bbox 1298 2593 1450 2625; x_wconf 86' lang='lat' dir='ltr'>Labieno</span> <span class='ocrx_word' id='word_1_374' title='bbox 1470 2605 1507 2626; x_wconf 74' lang='lat' dir='ltr'>u.</span> 
     </span>
     <span class='ocr_line' id='line_1_41' title="bbox 168 2643 1650 2688; baseline -0.001 -9"><span class='ocrx_word' id='word_1_375' title='bbox 168 2646 210 2679; x_wconf 84' lang='lat'>17</span> <span class='ocrx_word' id='word_1_376' title='bbox 229 2645 287 2688; x_wconf 82' lang='lat' dir='ltr'>ex]</span> <span class='ocrx_word' id='word_1_377' title='bbox 307 2656 327 2677; x_wconf 88' lang='lat' dir='ltr'>a</span> <span class='ocrx_word' id='word_1_378' title='bbox 343 2646 389 2677; x_wconf 88' lang='lat' dir='ltr'>D.</span> <span class='ocrx_word' id='word_1_379' title='bbox 547 2647 588 2678; x_wconf 89' lang='lat'>18</span> <span class='ocrx_word' id='word_1_380' title='bbox 608 2644 650 2675; x_wconf 87' lang='lat' dir='ltr'>ad</span> <span class='ocrx_word' id='word_1_381' title='bbox 669 2654 745 2676; x_wconf 87' lang='lat' dir='ltr'>eum</span> <span class='ocrx_word' id='word_1_382' title='bbox 764 2654 832 2676; x_wconf 84' lang='lat' dir='ltr'>om.</span> <span class='ocrx_word' id='word_1_383' title='bbox 855 2643 893 2675; x_wconf 84' lang='lat' dir='ltr'>C.</span> <span class='ocrx_word' id='word_1_384' title='bbox 1047 2645 1090 2678; x_wconf 83' lang='lat'>20</span> <span class='ocrx_word' id='word_1_385' title='bbox 1109 2655 1128 2676; x_wconf 85' lang='lat' dir='ltr'>a</span> <span class='ocrx_word' id='word_1_386' title='bbox 1147 2645 1290 2677; x_wconf 85' lang='lat' dir='ltr'>Gallicis</span> <span class='ocrx_word' id='word_1_387' title='bbox 1309 2645 1371 2686; x_wconf 89' lang='lat' dir='ltr'>(B)</span> <span class='ocrx_word' id='word_1_388' title='bbox 1385 2645 1524 2677; x_wconf 83' lang='lat' dir='ltr'>CDEb</span> <span class='ocrx_word' id='word_1_389' title='bbox 1538 2646 1601 2688; x_wconf 80' lang='lat' dir='ltr'>cf,</span> <span class='ocrx_word' id='word_1_390' title='bbox 1633 2657 1650 2677; x_wconf 91' lang='lat' dir='ltr'>e</span> 
     </span>
     <span class='ocr_line' id='line_1_42' title="bbox 167 2693 1647 2739; baseline -0.002 -9"><span class='ocrx_word' id='word_1_391' title='bbox 167 2697 310 2730; x_wconf 87' lang='lat' dir='ltr'>Gallicis</span> <span class='ocrx_word' id='word_1_392' title='bbox 329 2697 380 2737; x_wconf 84' lang='lat' dir='ltr'>A,</span> <span class='ocrx_word' id='word_1_393' title='bbox 402 2701 459 2728; x_wconf 90' lang='lat' dir='ltr'>aut</span> <span class='ocrx_word' id='word_1_394' title='bbox 478 2694 621 2727; x_wconf 87' lang='lat' dir='ltr'>Gallicis</span> <span class='ocrx_word' id='word_1_395' title='bbox 640 2706 669 2726; x_wconf 83' lang='lat' dir='ltr'>e.</span> <span class='ocrx_word' id='word_1_396' title='bbox 825 2696 865 2728; x_wconf 79' lang='lat'>21</span> <span class='ocrx_word' id='word_1_397' title='bbox 887 2693 1022 2727; x_wconf 85' lang='lat' dir='ltr'>seducit</span> <span class='ocrx_word' id='word_1_398' title='bbox 1042 2695 1072 2726; x_wconf 86' lang='lat' dir='ltr'>b.</span> <span class='ocrx_word' id='word_1_399' title='bbox 1228 2697 1272 2731; x_wconf 81' lang='lat'>24</span> <span class='ocrx_word' id='word_1_400' title='bbox 1290 2700 1437 2727; x_wconf 87' lang='lat' dir='ltr'>montem</span> <span class='ocrx_word' id='word_1_401' title='bbox 1456 2701 1598 2739; x_wconf 86' lang='lat' dir='ltr'>occupat</span> <span class='ocrx_word' id='word_1_402' title='bbox 1617 2697 1647 2728; x_wconf 78' lang='lat' dir='ltr'>b.</span> 
     </span>
    </p>
   </div>
   <div class='ocr_carea' id='block_1_13' title="bbox 169 2746 1650 2895">
    <p class='ocr_par' dir='ltr' id='par_1_19' title="bbox 169 2746 1650 2895">
     <span class='ocr_line' id='line_1_43' title="bbox 242 2746 1648 2791; baseline -0.002 -10"><span class='ocrx_word' id='word_1_403' title='bbox 242 2751 284 2785; x_wconf 82' lang='lat'>25</span> <span class='ocrx_word' id='word_1_404' title='bbox 304 2748 509 2791; x_wconf 79' lang='lat' dir='ltr'>expectabat</span> <span class='ocrx_word' id='word_1_405' title='bbox 526 2747 599 2789; x_wconf 92' lang='lat' dir='ltr'>(B).</span> <span class='ocrx_word' id='word_1_406' title='bbox 695 2747 748 2778; x_wconf 89' lang='lat' dir='ltr'>die</span> <span class='ocrx_word' id='word_1_407' title='bbox 768 2752 888 2778; x_wconf 79' lang='lat' dir='ltr'>exacto</span> <span class='ocrx_word' id='word_1_408' title='bbox 907 2757 969 2790; x_wconf 86' lang='lat' dir='ltr'>per</span> <span class='ocrx_word' id='word_1_409' title='bbox 986 2747 1030 2778; x_wconf 89' lang='lat' dir='ltr'>D.</span> <span class='ocrx_word' id='word_1_410' title='bbox 1125 2747 1167 2781; x_wconf 84' lang='lat'>26</span> <span class='ocrx_word' id='word_1_411' title='bbox 1187 2746 1315 2789; x_wconf 89' lang='lat' dir='ltr'>castra]</span> <span class='ocrx_word' id='word_1_412' title='bbox 1337 2752 1456 2779; x_wconf 89' lang='lat' dir='ltr'>contra</span> <span class='ocrx_word' id='word_1_413' title='bbox 1474 2758 1590 2790; x_wconf 81' lang='lat' dir='ltr'>m.p7·.</span> <span class='ocrx_word' id='word_1_414' title='bbox 1603 2748 1648 2779; x_wconf 81' lang='lat' dir='ltr'>A.</span> 
     </span>
     <span class='ocr_line' id='line_1_44' title="bbox 309 2798 1650 2843; baseline 0 -12"><span class='ocrx_word' id='word_1_415' title='bbox 309 2801 352 2836; x_wconf 79' lang='lat'>27</span> <span class='ocrx_word' id='word_1_416' title='bbox 371 2800 507 2843; x_wconf 88' lang='lat' dir='ltr'>prouiso</span> <span class='ocrx_word' id='word_1_417' title='bbox 526 2800 569 2838; x_wconf 88' lang='lat' dir='ltr'>B,</span> <span class='ocrx_word' id='word_1_418' title='bbox 590 2809 631 2830; x_wconf 82' lang='lat' dir='ltr'>ex</span> <span class='ocrx_word' id='word_1_419' title='bbox 651 2798 823 2840; x_wconf 89' lang='lat' dir='ltr'>inprouiso</span> <span class='ocrx_word' id='word_1_420' title='bbox 842 2800 888 2831; x_wconf 90' lang='lat' dir='ltr'>D.</span> <span class='ocrx_word' id='word_1_421' title='bbox 1025 2798 1068 2833; x_wconf 73' lang='lat'>28</span> <span class='ocrx_word' id='word_1_422' title='bbox 1086 2799 1368 2840; x_wconf 85' lang='lat' dir='ltr'>pronuntiauisse</span> <span class='ocrx_word' id='word_1_423' title='bbox 1386 2799 1431 2831; x_wconf 91' lang='lat' dir='ltr'>D.</span> <span class='ocrx_word' id='word_1_424' title='bbox 1563 2800 1650 2831; x_wconf 79' lang='lat' dir='ltr'>inse-</span> 
     </span>
     <span class='ocr_line' id='line_1_45' title="bbox 169 2848 1188 2895; baseline -0.004 -11"><span class='ocrx_word' id='word_1_425' title='bbox 169 2853 283 2895; x_wconf 86' lang='lat' dir='ltr'>quitur</span> <span class='ocrx_word' id='word_1_426' title='bbox 301 2853 331 2884; x_wconf 83' lang='lat' dir='ltr'>b.</span> <span class='ocrx_word' id='word_1_427' title='bbox 472 2849 514 2881; x_wconf 84' lang='lat'>30</span> <span class='ocrx_word' id='word_1_428' title='bbox 533 2850 723 2882; x_wconf 82' lang='lat' dir='ltr'>exercitum</span> <span class='ocrx_word' id='word_1_429' title='bbox 746 2850 794 2892; x_wconf 79' lang='lat' dir='ltr'>C,</span> <span class='ocrx_word' id='word_1_430' title='bbox 816 2851 1012 2891; x_wconf 81' lang='lat' dir='ltr'>exercitus</span> <span class='ocrx_word' id='word_1_431' title='bbox 1026 2853 1121 2881; x_wconf 67' lang='lat' dir='ltr'>‘ms-5.</span> <span class='ocrx_word' id='word_1_432' title='bbox 1145 2848 1188 2880; x_wconf 82' lang='lat'>3’.</span> 
     </span>
    </p>
   </div>
  </div>
 </body>
</html>
