1835 3240
710 179 1108 221 *15*

169 298 310 338 cedere
351 294 614 335 confitendum
645 299 731 343 est,
765 294 835 334 sed
876 306 923 333 ea
952 293 994 333 in
1022 291 1108 332 sola
1138 293 1422 346 compositione
1454 304 1651 337 uersatur.

165 363 308 417 Neque
341 375 438 402 uero
472 376 597 415 genus
620 361 822 403 scribendi
845 360 1043 401 diuersum
1068 367 1152 410 est,
1185 360 1253 400 sed
1270 391 1280 410 ,
1313 375 1400 400 cum
1422 368 1588 415 uterque
1612 365 1658 404 li-

164 432 237 472 ber
265 429 534 470 narrationem
564 444 697 471 rerum
728 436 929 484 gestarum
954 429 1096 469 nudam
1120 427 1262 468 habeat
1283 436 1400 481 atque
1422 429 1655 482 simplicem,

165 498 364 553 posterior
402 498 609 539 uenustior
649 505 711 538 est
749 498 952 551 magisque
993 496 1207 551 perpolitus
1239 502 1278 536 et
1309 496 1502 536 alacriore
1528 497 1658 537 animo

165 567 349 620 scriptus.
393 565 481 608 Eae
502 572 633 606 autem
654 579 719 606 res
742 579 986 618 nequaquam
1009 565 1183 614 obstant,
1204 578 1278 618 quo
1300 564 1430 604 minus
1453 564 1500 604 ab
1521 565 1657 605 eodem

166 636 336 690 scriptus
367 636 433 676 sit.
475 633 583 675 Nam
614 633 761 673 homini
792 633 831 673 in
866 633 1073 673 scribendo
1105 647 1183 672 non
1207 633 1413 672 admodum
1437 632 1659 673 exercitato

167 705 311 757 (solum
333 709 465 744 autem
486 701 768 742 Anticatonem
791 700 947 741 Hirtius
974 707 1065 740 autc
1086 700 1157 740 hos
1181 700 1301 740 libros
1325 700 1481 740 uidetur
1502 714 1660 754 compo-

165 771 318 827 suisse)
338 770 454 811 facile
476 769 696 817 accidebat,
730 776 788 819 ut,
822 784 899 822 quo
920 769 1078 823 longius
1101 769 1408 823 progrederetur
1423 799 1432 816 ,
1452 782 1498 808 eo
1523 768 1557 808 ei
1579 782 1662 808 me-

165 840 241 881 lius
271 839 453 879 cederet:
488 845 526 878 et
554 838 639 892 ipsa
670 838 838 878 materia
869 837 1033 878 alterius
1055 837 1168 887 libri,
1203 850 1287 876 cum
1311 837 1506 877 uarietate
1528 850 1661 876 rerum

165 922 211 948 ac
243 908 420 948 locorum
451 905 720 959 bellorumque
751 906 1023 960 magnitudine
1056 904 1299 957 aliquantum
1332 911 1580 958 praestaret,
1624 912 1663 945 ct

165 976 336 1016 animum
364 974 576 1015 scribentis
607 975 734 1028 magis
766 974 1022 1028 permouebat
1053 980 1093 1014 et
1124 973 1386 1013 delectatione
1409 973 1581 1013 studium
1604 980 1662 1012 at-

165 1057 238 1097 que
260 1042 502 1096 diligentiam
526 1040 707 1083 addebat.
751 1040 798 1082 In
825 1043 956 1096 priore
978 1042 1069 1082 libri
1091 1049 1201 1095 parte
1215 1072 1225 1089 ,
1260 1055 1358 1095 quae
1391 1048 1452 1081 est
1474 1041 1520 1081 de
1542 1041 1662 1081 rebus

164 1110 438 1152 Alexandriae
469 1111 616 1164 gestiS‚
660 1111 777 1151 etiam
811 1107 997 1151 Caesaris
1042 1111 1261 1151 narrationi
1295 1110 1473 1150 nonnihil
1509 1110 1664 1149 uidetur

166 1179 414 1220 tribuendum
430 1211 440 1230 ‚
474 1194 548 1233 qua
571 1178 646 1220 sibi
669 1177 823 1219 Hirtius
847 1194 906 1233 cp.
934 1180 982 1220 ad
1004 1177 1118 1219 Balb.
1146 1179 1182 1231 ξ.
1207 1178 1233 1218 8
1264 1178 1337 1218 hoc
1360 1178 1503 1218 bellum
1526 1184 1663 1217 notum

167 1262 259 1289 esse
298 1247 452 1288 scribit.
504 1244 642 1300 Itaque
680 1247 823 1288 librum
864 1248 910 1288 de
948 1247 1051 1288 bello
1082 1245 1359 1287 Alexandrino
1392 1259 1515 1299 aeque
1545 1253 1663 1302 atque

167 1323 351 1356 octauum
375 1316 421 1355 de
442 1315 544 1355 bello
568 1313 722 1356 Gallico
745 1315 867 1356 Hirtii
890 1315 1123 1356 existimare
1146 1329 1224 1355 non
1247 1314 1525 1355 dubitabimus.

279 1383 373 1423 Alia
394 1395 515 1422 causa
536 1389 597 1423 est
618 1384 783 1423 duorum
803 1384 1042 1436 reliquorum
1067 1383 1456 1424 commentariorum.
1497 1381 1601 1423 Nam
1626 1383 1663 1422 in

167 1451 269 1492 libro
299 1451 346 1490 de
377 1450 481 1490 bello
511 1451 704 1491 Africano
733 1451 901 1504 primum
930 1465 996 1492 res
1029 1458 1166 1504 gestae
1198 1451 1350 1504 plenius
1381 1457 1474 1491 sunt
1495 1451 1660 1501 relatae,

171 1533 285 1572 quam
318 1525 386 1559 aut
415 1531 438 1557 a
470 1514 647 1559 Caesare
678 1526 746 1559 aut
776 1519 824 1560 ab
846 1518 978 1559 Hirtio
1009 1520 1047 1559 in
1079 1518 1348 1572 superioribus
1371 1519 1664 1559 commentariis

169 1588 315 1626 factum
338 1592 421 1626 est:
447 1592 487 1625 et
508 1599 594 1626 cum
617 1587 673 1626 illi
695 1587 837 1627 seriem
862 1587 1104 1627 narrationis
1127 1587 1179 1626 ita
1198 1587 1457 1637 instituerint,
1482 1594 1539 1635 ut,
1565 1600 1664 1639 quae

167 1668 213 1694 re
244 1654 456 1694 coniuncta
486 1661 625 1704 erant,
659 1661 966 1708 componerent,
1001 1655 1063 1694 hic
1095 1655 1309 1694 secundum
1343 1655 1531 1708 temporis
1560 1655 1666 1695 ordi-

168 1736 259 1763 nem
281 1722 469 1762 distracta
491 1722 623 1763 omnia
643 1723 836 1764 uidemus.
880 1720 941 1762 Ita
957 1752 968 1772 ,
1002 1729 1046 1761 ut
1071 1736 1194 1775 pauca
1217 1737 1541 1773 commemorem,
1576 1737 1662 1763 cum

168 1791 260 1831 inde
301 1805 322 1830 a
364 1804 399 1830 c.
435 1789 489 1831 12
518 1804 641 1844 usque
682 1791 731 1831 ad
772 1805 808 1831 c.
845 1789 898 1830 19
936 1803 1068 1845 pugna
1110 1791 1299 1843 quaedam
1342 1798 1503 1832 narrata
1541 1799 1662 1841 esset,

169 1873 204 1899 c.
228 1858 300 1909 21,
332 1857 359 1899 2
387 1858 494 1898 inter
514 1872 578 1899 res
602 1860 716 1912 plane
738 1858 918 1899 diuersas
940 1859 1115 1898 refertur
1135 1857 1356 1899 Labienum
1380 1873 1474 1900 suos
1489 1890 1499 1909 ,
1538 1860 1603 1913 qui
1625 1860 1666 1899 in

170 1941 217 1967 ea
247 1940 379 1981 pugna
408 1928 565 1967 fuerant
586 1928 775 1977 sauciati,
810 1927 996 1981 plaustris
1019 1925 1281 1967 Adrumetum
1311 1927 1566 1981 deportasse:
1600 1942 1665 1968 res

171 2009 194 2036 a
233 1993 354 2037 Sittio
388 2002 525 2048 gestae
556 1995 819 2049 particulatim
851 1996 1087 2036 interiectae
1117 2002 1211 2035 sunt
1242 2010 1277 2035 c.
1302 1995 1372 2035 25.
1407 1995 1478 2046 36,
1508 1996 1552 2036 4.
1586 1995 1662 2037 95:

171 2078 204 2105 c.
226 2061 303 2114 32,
339 2062 365 2104 3
397 2060 829 2105 Caesarem-Gaetulos
854 2064 1040 2118 perfugas
1063 2063 1109 2103 ad
1133 2063 1369 2104 seditionem
1391 2065 1666 2105 concitandam

169 2132 211 2172 in
241 2146 407 2186 regnum
439 2130 560 2172 Iubae
594 2132 816 2182 dimisisse,
852 2146 888 2172 c.
923 2130 977 2173 55
1010 2132 1170 2172 eosdem
1201 2133 1433 2186 peruenisse
1467 2140 1506 2173 et
1527 2147 1549 2173 a
1571 2147 1666 2186 rege

170 2201 377 2255 populares
409 2214 501 2241 suos
527 2200 733 2242 diduxisse
756 2208 958 2241 narratur.
998 2199 1107 2241 Mira
1129 2202 1292 2254 quadam
1316 2201 1518 2255 diligentia
1543 2201 1667 2241 hono-

170 2282 235 2310 res
266 2269 513 2324 singulorum
544 2269 744 2310 hominum
774 2278 1051 2323 praeterquam
1085 2282 1244 2319 eorum,
1290 2270 1355 2323 qui
1397 2276 1512 2309 erant
1543 2269 1666 2309 notis-

170 2337 284 2387 simi,
318 2337 445 2378 notati
475 2344 593 2386 sunt,
636 2351 764 2391 neque
798 2338 924 2378 solum
957 2352 1054 2391 quos
1086 2351 1171 2377 cum
1195 2337 1367 2377 maxime
1389 2337 1579 2391 gerebant
1603 2337 1666 2389 (id

172 2406 274 2458 quod
295 2420 318 2446 a
339 2402 516 2447 Caesare
539 2420 691 2459 quoque
715 2414 754 2447 et
775 2405 925 2456 Hirtio,
958 2406 1028 2447 sed
1048 2413 1084 2445 et
1107 2406 1230 2446 multo
1252 2405 1408 2459 parcius
1430 2419 1556 2458 neque
1580 2405 1667 2445 sine

171 2472 314 2515 idonea
335 2489 456 2516 causa
478 2476 624 2515 factum
646 2477 743 2527 est),
775 2489 913 2515 uerum
937 2474 1054 2515 etiam
1077 2474 1124 2514 ad
1148 2487 1258 2526 quem
1277 2474 1442 2527 gradum
1465 2473 1667 2528 dignitatis

173 2551 463 2594 peruenerant,
498 2557 573 2596 quo
610 2557 662 2583 ex
693 2556 840 2597 genere
864 2550 958 2583 sunt
978 2558 1014 2583 c.
1037 2542 1110 2593 528,
1135 2543 1157 2582 1
1192 2539 1258 2582 ‘C.
1284 2541 1487 2596 Vergilius
1510 2548 1667 2595 praeto-2

174 2609 269 2649 rius'
286 2642 296 2660 ,
328 2609 398 2662 33,
433 2612 458 2653 3
491 2609 558 2652 ‘C.
583 2610 760 2652 Messius
792 2611 972 2652 aedilicia
995 2613 1152 2652 functus
1176 2610 1382 2665 potestate'
1399 2641 1408 2659 ,
1444 2610 1514 2659 34,
1545 2610 1572 2651 2
1596 2607 1665 2649 (Ο.

176 2673 376 2719 Decimius
408 2680 696 2734 quaestorius',
735 2679 815 2730 85,
850 2680 875 2720 7
917 2679 1089 2720 ‘Tullius
1120 2679 1250 2720 Rufus
1283 2678 1561 2732 quaestorius'.
1606 2676 1666 2716 De

178 2745 352 2787 consiliis
384 2744 572 2789 Caesaris
603 2762 818 2803 permagna
849 2749 1042 2789 modestia.
1071 2763 1093 2789 a
1126 2748 1320 2802 scriptore
1351 2747 1564 2787 iudicatum
1587 2752 1663 2794 est,

180 2817 222 2850 ut
251 2812 434 2856 arbitrari
464 2830 508 2857 se
539 2819 592 2870 (c.
617 2816 659 2867 7,
684 2816 729 2870 4)
760 2817 825 2858 uel
858 2816 1090 2857 existimare
1120 2814 1181 2870 (9,
1206 2816 1252 2868 2)
1275 2829 1359 2855 eam
1382 2829 1539 2855 causam
1564 2811 1666 2853 Cac-

180 2879 258 2919 sari
289 2881 349 2921 rei
379 2883 541 2925 alicuius
573 2884 777 2925 faciendae
799 2885 922 2926 fuisse
945 2885 1109 2926 diceret.
1153 2882 1199 2924 In
1220 2882 1485 2938 Pompeianos
1508 2888 1668 2936 praeter
