1835 3240
85 904 124 936 10

88 1243 126 1275 15

84 1584 127 1618 20

84 1923 127 1957 25

547 168 729 212 COMM.
754 168 814 211 III
836 167 959 211 CAP.
983 169 1099 210 24——
1116 169 1186 211 27.
1633 169 1714 211 577

161 295 222 329 tus
245 284 396 327 Caesar
417 283 673 324 Brundisium
707 285 752 325 ad
786 297 877 325 suos
901 283 1080 324 seuerius
1103 282 1285 335 scripsit,
1321 284 1424 322 nacti
1456 285 1637 324 idoneum

160 362 317 395 uentum
333 367 380 393 ne
394 353 641 393 occasionem
667 352 877 405 nauigandi
900 351 1156 399 dimitterent,
1181 350 1213 390 si
1237 350 1299 389 uel
1321 350 1366 390 ad
1391 350 1506 390 litora
1519 353 1638 405 Apol-

160 422 361 462 loniatinm
386 435 542 460 cursum
567 420 735 474 dirigere
758 427 874 472 atque
896 433 942 459 eo
964 432 1086 459 naues
1109 418 1240 458 eicere
1262 424 1435 471 possent.
1489 418 1596 459 Haec
1619 434 1640 459 a
1662 420 1686 460 5

158 489 346 529 custodiis
371 489 555 529 classium
579 489 664 528 loca
687 488 859 527 maxime
882 487 1099 536 uacabant,
1125 500 1238 539 quom
1262 499 1305 526 se
1328 486 1482 539 longius
1506 501 1530 525 a
1554 501 1641 540 por-

163 557 264 597 tibus
288 557 535 597 committere
566 571 644 596 non
674 556 879 596 auderent.
933 553 994 594 Illi
1026 555 1196 594 adhibita
1230 554 1392 594 audacia
1425 561 1464 593 et
1495 553 1641 594 uirtute
1663 555 1718 598 26

157 625 523 666 administrantibus
544 623 604 664 M.
630 623 807 663 Antonio
832 629 870 662 et
891 621 1004 663 Fufio
1028 619 1178 663 Caleno
1196 653 1206 672 ,
1240 622 1404 661 multum
1426 621 1521 675 ipsis
1544 622 1644 661 miti-

157 693 258 734 tibus
282 693 528 733 hortantibus
551 705 676 744 neque
700 692 818 731 ullum
842 691 1054 745 periculum
1078 704 1148 743 pro
1171 691 1297 730 salute
1321 687 1508 730 Caesaris
1530 703 1643 729 recu-

157 762 334 801 santibus
356 761 459 801 nacti
482 767 656 799 austrum
691 773 813 799 naues
837 759 995 799 soluunt
1017 766 1136 811 atque
1158 759 1283 798 altero
1308 758 1369 798 die
1391 757 1640 811 Apolloniam

159 828 487 883 [Dyrrhachium]
522 827 891 881 praeteruehuntur.
946 824 1023 879 Qui
1056 840 1142 865 cum
1175 832 1309 866 essent
1340 840 1389 866 ex
1424 826 1640 866 continenti
1663 825 1688 866 2

158 897 249 947 uisi,
278 894 503 950 Coponius,
530 896 591 948 qui
616 894 837 949 Dyrrhachi
862 895 977 934 classi
1001 893 1182 934 Rhodiae
1206 901 1412 947 praeerat,
1447 908 1567 934 naues
1591 907 1641 934 ex

157 971 272 1018 portu
286 965 431 1013 educit,
458 971 496 1003 et
517 978 601 1002 cum
626 963 701 1002 iam
725 963 871 1003 nostris
884 962 1111 1002 remissiore
1135 968 1252 1001 uento
1276 961 1641 1015 adpropinquasset,

156 1033 258 1072 idem
282 1039 420 1071 auster
449 1030 646 1070 increbuit
678 1031 900 1083 nostrisque
924 1029 1120 1083 praesidio
1144 1029 1226 1068 suit.
1280 1028 1422 1082 Neque
1455 1043 1548 1069 uero
1579 1029 1644 1069 ille
1667 1028 1691 1069 3

157 1100 205 1140 ob
228 1114 312 1140 eam
328 1113 484 1140 causam
500 1105 641 1138 conatu
664 1098 894 1148 desistebat,
920 1098 988 1138 sed
1010 1097 1146 1137 labore
1169 1104 1207 1136 et
1229 1097 1528 1150 perseuerantia
1549 1111 1645 1137 nau-

157 1175 281 1208 tarum
307 1175 344 1207 et
366 1168 443 1208 uim
468 1167 713 1221 tempestatis
737 1167 916 1220 superari
940 1179 1056 1220 posse
1079 1165 1645 1219 sperabatpraeteruectosque

159 1234 447 1290 Dyrrhachium
471 1249 611 1288 magna
634 1236 672 1275 ui
696 1235 803 1275 uenti
828 1235 948 1274 nihilo
972 1234 1101 1273 secius
1127 1234 1376 1286 sequebatur.
1419 1231 1560 1272 Nostri
1584 1231 1644 1271 usi
1666 1232 1691 1272 4

161 1306 341 1343 fortunae
363 1303 554 1343 beneficio
578 1310 705 1342 tamen
729 1303 913 1356 impetum
937 1302 1075 1342 classis
1098 1302 1304 1350 timebant,
1331 1301 1362 1340 si
1387 1302 1487 1340 forte
1503 1307 1644 1339 uentus

160 1372 396 1412 remisisset.
439 1370 560 1411 Nacti
584 1379 756 1425 portum,
782 1371 845 1423 qui
868 1370 1085 1424 appellatur
1106 1368 1397 1424 Nymphaeum,
1430 1369 1529 1408 ultra
1553 1367 1646 1408 Lis-

159 1455 242 1480 sum
267 1440 573 1497 miliapassuum
590 1447 633 1478 111
648 1453 692 1479 eo
707 1453 827 1479 naues
851 1439 1161 1478 introduxerunt
1182 1437 1263 1490 (qui
1288 1444 1423 1491 portus
1447 1435 1645 1476 abAsrico

158 1509 366 1562 tegebatur
381 1539 390 1557 ‚
425 1507 472 1547 ab
495 1514 631 1547 austro
662 1521 738 1547 non
762 1513 847 1547 erat
869 1510 1005 1559 tutus)
1040 1506 1243 1558 leuiusque
1265 1505 1510 1559 tempestatis
1533 1518 1646 1558 quam

160 1576 302 1617 classis
325 1575 541 1630 pericnlum
565 1576 889 1615 aestimauerunt.
956 1573 1044 1627 Quo
1068 1574 1301 1626 simulatque
1324 1574 1428 1613 intro
1450 1580 1511 1612 est
1531 1572 1642 1622 itum,
1667 1570 1692 1612 5

160 1644 380 1684 incredibili
403 1644 590 1684 felicitate
613 1651 771 1692 auster,
813 1643 875 1696 qui
908 1657 977 1696 per
998 1642 1156 1682 biduum
1180 1642 1370 1690 flauerat,
1404 1641 1443 1680 in
1466 1639 1647 1680 Africum

157 1726 202 1752 se
223 1712 356 1752 uertit.
391 1711 467 1751 Hic
490 1711 655 1751 subitam
680 1710 1021 1751 commutationem
1047 1712 1228 1750 fortunae
1252 1710 1386 1749 uidere
1410 1708 1533 1748 licuit.
1571 1705 1648 1760 Qui
1669 1707 1724 1751 27

158 1780 272 1820 modo
291 1779 362 1820 sibi
385 1779 614 1827 timuerant,
640 1779 710 1819 hos
735 1779 952 1819 tutissimus
975 1786 1111 1832 portus
1134 1776 1372 1831 recipiebat3
1412 1776 1474 1829 qui
1499 1775 1647 1815 nostris

160 1848 324 1888 nauibus
347 1848 561 1901 periculum
585 1847 824 1894 intulerant,
864 1847 910 1887 de
933 1861 1004 1887 suo
1028 1847 1165 1886 timere
1189 1844 1448 1899 cogebantur.
1511 1842 1647 1896 Itaque
1669 1844 1696 1884 2

160 1923 335 1969 tempore
358 1923 594 1955 commutato
629 1922 839 1969 tempestas
873 1922 912 1955 et.
935 1922 1093 1955 nostros
1125 1914 1226 1954 texit
1261 1920 1299 1953 et
1322 1926 1447 1953 naues
1470 1911 1648 1951 Rhodias

161 1983 314 2033 afflixit,
339 1984 394 2023 ita
418 1991 458 2023 ut
480 1984 525 2024 ad
549 1997 663 2023 unam
687 1997 840 2032 omnes,
866 1990 1092 2023 constratae
1116 1996 1278 2022 numero
1291 1987 1387 2030 XVI,
1409 1980 1649 2020 eliderentur

160 2057 200 2091 et
221 2052 427 2104 naufragio
450 2051 686 2101 interirent,
721 2058 760 2091 et
782 2065 833 2091 ex
856 2064 998 2105 magno
1021 2050 1210 2104 remigum
1235 2055 1648 2103 propugnatorumque

303 2225 323 2257 2
342 2224 369 2256 si
387 2224 441 2256 uel
458 2225 720 2264 Hotomanmcs,
742 2225 815 2256 siue
834 2222 934 2255 codd.
1078 2222 1196 2254 littora
1215 2232 1250 2253 a.
1415 2220 1434 2253 3
1455 2221 1567 2252 eicere
1586 2219 1650 2251 Al-

160 2275 246 2315 dus,-
269 2276 396 2307 elicere
417 2276 435 2307 b
455 2276 681 2317 etplcriqne,
703 2275 817 2307 dicere
838 2275 871 2314 d,
894 2274 1022 2314 eligere
1035 2284 1067 2304 α.
1209 2274 1228 2305 4
1245 2271 1409 2304 custodiis
1422 2272 1645 2311 ciacconius,

162 2329 360 2360 custodibus
380 2339 399 2360 α
422 2329 518 2359 ‘msam
540 2331 576 2358 et
591 2327 669 2359 edd.
691 2327 785 2368 ΨΜ]
945 2336 1041 2368 quom
1063 2334 1137 2367 ego,
1161 2325 1248 2367 quod
1269 2323 1368 2356 codd.
1388 2324 1426 2355 P.
1447 2324 1502 2356 25.

163 2389 181 2409 a
199 2378 362 2420 Vossius,
382 2389 451 2410 om.
473 2379 574 2410 codd.
740 2377 758 2409 6
779 2375 909 2408 Kaleno
930 2379 1055 2407 contra
1076 2375 1176 2407 codd.
1197 2386 1231 2406 u.
1386 2375 1406 2406 8
1426 2374 1536 2405 altero
1556 2373 1610 2404 die
1629 2382 1650 2403 a

165 2432 182 2462 b
197 2441 223 2471 e,
245 2442 313 2463 vm.
334 2443 373 2471 0,·
394 2432 505 2463 altera
525 2432 578 2463 die
598 2441 632 2461 η.
774 2428 792 2460 9
812 2428 1062 2471 Dyrrhachium
1082 2438 1101 2458 a
1121 2429 1168 2465 (is
1189 2425 1363 2467 Dirrach.)
1385 2426 1401 2457 b
1415 2436 1477 2465 ce,
1499 2424 1651 2467 Dyrrha-

164 2483 341 2524 ehimnque
359 2494 381 2514 u
394 2495 404 2514 :
423 2493 531 2514 ‘uncos
545 2482 791 2522 Elberlingsus
806 2482 943 2521 posuit.
963 2480 1002 2511 P.
1021 2479 1096 2512 167.
1237 2477 1292 2519 ex]
1308 2478 1339 2509 in
1354 2479 1383 2509 b.
1528 2477 1567 2509 10
1585 2477 1650 2508 Co—

165 2534 283 2575 ponius
302 2535 351 2566 ab
366 2544 393 2573 c,
415 2533 455 2575 Q.
477 2533 646 2575 Coponius
666 2533 819 2572 reliqui,
841 2530 878 2562 C.
900 2530 1071 2572 Coponius
1093 2530 1307 2562 ciacconius
1326 2540 1361 2561 u.
1532 2528 1648 2561 Dirra-

164 2583 218 2614 chi
237 2593 270 2613 α.
431 2584 468 2616 11
492 2584 616 2615 nostris
637 2583 659 2614 d
678 2583 695 2613 4
717 2583 819 2622 dett„
842 2582 951 2612 nostri
971 2591 1021 2612 (ze
1038 2581 1184 2622 reliqui.
1342 2579 1650 2622 appropinquasset

166 2634 402 2674 Vaseosonus,
424 2635 756 2677 appropinquassent
774 2633 875 2665 codd.
890 2634 1003 2675 (adpr.
1019 2634 1070 2671 α).
1213 2634 1254 2667 12
1266 2632 1458 2665 increbruit
1473 2633 1503 2663 b.

168 2688 206 2720 13
226 2691 345 2718 conata
365 2696 398 2717 a.
540 2687 582 2719 14
601 2691 635 2718 et
654 2687 719 2717 uim
739 2687 788 2717 ab
802 2696 859 2725 ce,
881 2696 916 2717 se
931 2685 999 2716 uim
1019 2696 1053 2716 η.
1196 2686 1350 2728 superari
1371 2695 1391 2716 (ι
1406 2695 1462 2723 ee,
1485 2694 1647 2725 superare

162 2749 196 2769 τι.
340 2737 378 2768 15
398 2736 612 2769 Dirrachium
632 2748 665 2768 a.
811 2737 850 2769 17
868 2735 1079 2780 Nympheuln
1098 2745 1132 2767 α.
1296 2736 1338 2769 ‘20
1359 2734 1645 2776 aestimancrunt]

164 2788 363 2820 metuebant
380 2797 425 2818 m.
442 2797 501 2828 pr.
524 2788 553 2818 b.
752 2788 842 2819 intro
862 2797 882 2818 α
896 2798 913 2817 c
932 2788 950 2819 5
969 2787 1074 2826 dett„
1096 2787 1187 2818 intus
1206 2797 1227 2817 υ
1241 2800 1251 2817 .·
1272 2786 1313 2818 (le
1333 2787 1350 2817 b
1371 2795 1439 2816 nou
1461 2787 1652 2817 eonslabat

166 2838 427 2879 Oudendorpz'o.
568 2838 607 2870 21
630 2848 690 2880 per
709 2849 777 2870 om.
800 2839 831 2869 b.
971 2838 1015 2871 22
1034 2838 1109 2868 hinc
1130 2847 1150 2868 α
1165 2838 1195 2868 b.
1337 2837 1379 2870 23
1396 2836 1561 2868 reiciebat
1580 2847 1600 2868 α
1615 2838 1646 2869 ὓ.

185 2904 304 2938 Caesar,
320 2904 365 2930 ed.
381 2903 522 2940 Nipperd.
1367 2890 1421 2931 37
