1835 3240
744 154 1167 197 ——176—

209 277 322 311 extra
354 268 591 310 munitiones
615 283 834 324 egressum,
870 277 1000 309 castra
1023 271 1235 311 seeundum
1258 285 1381 322 mare,
1415 278 1458 312 ut
1479 271 1602 312 libere
1624 285 1690 326 pa·

206 337 332 378 bulari
354 345 487 392 posset
508 351 580 378 nee
601 338 728 377 minus
741 337 886 376 aditum
905 337 1072 377 nauibus
1086 337 1263 390 haberet,
1288 346 1523 380 commutata
1538 340 1690 380 ratione

205 406 314 456 belli,
348 406 530 460 quoniam
555 405 793 459 propositum
818 419 896 443 non
918 411 1121 456 tenuerat,
1155 407 1265 447 iuxta
1286 405 1513 461 Pompeium
1538 407 1690 447 munire

205 473 350 514 iussit'.
385 472 461 513 Hic
483 473 645 526 primum
669 472 800 512 uerbis
826 477 969 513 ‘castra
993 475 1202 514 seeundum
1225 476 1360 525 mare',
1387 477 1539 516 etiamsi
1563 490 1631 530 per
1646 491 1689 517 se

204 542 384 596 suppleto
410 539 785 581 ‘animaduertisset'
808 547 918 581 recte
935 541 1173 591 dicerentur,
1201 552 1329 583 tamen
1347 543 1589 583 adiciendum
1605 552 1690 585 erat

207 610 337 657 ‘eius'‚
362 617 401 649 ut
425 608 601 662 Pompeii
624 615 754 648 castra
777 608 851 647 dici
874 609 1184 663 intellegeretur.
1221 609 1301 651 Sed
1323 617 1366 650 ut
1388 610 1460 650 hoo
1482 612 1686 660 toleretur,

203 677 245 718 in
267 677 457 718 extremis
480 684 587 716 certe
610 676 741 716 uerbis
766 676 894 716 ‘iuxta
915 675 1143 731 Pompeium
1167 679 1317 718 munire
1339 678 1465 717 iussit'
1489 679 1689 719 desidera-

204 752 269 785 tur
298 751 517 785 castrorum
550 746 885 784 commemoratio.
927 744 1033 785 Nam
1066 760 1193 799 neque
1224 746 1307 786 solo
1338 746 1534 786 muniendi
1565 745 1687 786 uerbo

204 821 422 853 castrorum
454 812 617 851 munitio
651 812 870 861 indicatur,
910 827 1036 867 neque
1059 828 1111 854 ex
1133 815 1402 868 superioribus
1425 814 1504 854 illis
1540 819 1689 854 ‘castra

203 880 414 921 seeundum
438 879 559 920 mare'
585 880 745 933 primum
771 881 1000 921 uocabulum
1024 882 1085 922 hie
1107 883 1336 937 intellegere
1361 883 1465 932 licet,
1492 896 1577 921 cum
1599 882 1687 934 quia

202 948 317 989 nimis
349 949 471 988 multa
503 955 596 987 sunt
625 948 853 998 interiecta,
889 956 967 989 tum
1000 951 1101 1002 quod
1131 951 1183 990 ibi
1215 952 1313 991 alius
1337 958 1466 991 castra
1488 957 1602 1003 atque
1625 950 1686 990 hic

200 1016 488 1071 significantur.
542 1015 653 1056 Haec
688 1017 931 1057 incommoda
973 1018 1028 1058 ita
1060 1019 1237 1058 nonnulli
1267 1019 1464 1058 declinare
1500 1018 1574 1057 sibi
1610 1017 1686 1057 uisi

201 1092 318 1133 sunt,
354 1092 393 1125 ut
425 1084 546 1125 uerba
579 1090 732 1125 ‘eastra
765 1086 977 1126 seeundum
1010 1100 1116 1127 mare
1146 1086 1258 1126 iuxta
1281 1085 1508 1140 Pompeium
1533 1085 1685 1125 munire

199 1153 328 1193 iussit'
362 1154 649 1206 coniungerent
684 1153 892 1206 omniaque
924 1161 963 1194 et
993 1155 1088 1194 haee
1120 1163 1159 1196 et
1179 1155 1415 1208 interposita
1438 1155 1483 1193 de
1508 1150 1685 1193 Caesare

199 1221 275 1261 dici
298 1222 569 1275 opinarentur.
605 1220 754 1262 Verum
778 1235 823 1261 ea
845 1222 1000 1263 ratione
1023 1223 1186 1276 primum
1209 1230 1286 1262 tam
1309 1228 1490 1261 contorta
1519 1221 1687 1261 efficitur

200 1289 342 1338 oratio,
368 1280 657 1342 qualemnemo
679 1291 720 1330 iu
741 1290 949 1330 scribendo
974 1291 1224 1330 mediocriter
1237 1289 1680 1329 uersatusinstituisset.

197 1355 301 1397 Nam
325 1358 445 1398 uerba
472 1363 728 1399 ‘commutata
749 1359 901 1399 ratione
923 1359 1028 1408 belli,
1054 1358 1236 1411 quoniam
1260 1356 1500 1411 propositum
1527 1370 1604 1395 non
1628 1362 1685 1394 te-

197 1427 353 1465 nuerat'
377 1426 603 1466 necessario
625 1427 896 1481 subiungenda
921 1434 1035 1466 erant
1055 1426 1131 1466 illis
1157 1424 1400 1478 ‘Pompeium
1423 1430 1537 1464 extra
1559 1423 1685 1463 muni-

195 1493 325 1533 tiones
348 1494 578 1547 egressum'‚
604 1501 644 1535 et
665 1495 753 1547 quia
777 1509 865 1535 cum
890 1495 948 1535 his
970 1494 1169 1535 sententia
1193 1493 1404 1534 coniuncta
1426 1498 1539 1539 sunt,
1574 1499 1612 1532 et
1633 1506 1683 1533 ne

194 1562 346 1614 reliqua
369 1562 578 1602 turbarent
599 1570 714 1616 atque
738 1563 1016 1603 discinderent.
1050 1561 1220 1610 Deinde,
1245 1562 1343 1614 quod
1366 1561 1469 1600 illam
1487 1560 1681 1600 rationem

196 1628 311 1682 plane
334 1630 503 1679 euertit,
539 1631 657 1670 uerba
693 1636 703 1654 ‘
718 1638 762 1670 ut
790 1631 912 1671 libere
935 1630 1107 1683 pabulari
1131 1636 1267 1683 posset
1288 1642 1359 1668 neo
1382 1628 1511 1667 minus
1533 1628 1678 1667 aditum

194 1697 361 1736 nauibus
394 1697 571 1737 baberet'
600 1697 666 1737 uni
699 1699 940 1738 conueniunt
964 1695 1166 1750 Pompeio.
1209 1694 1248 1736 Is
1271 1696 1373 1735 enim
1396 1695 1678 1735 munitionibus

193 1777 214 1803 a
248 1761 424 1805 Caesare
455 1766 718 1806 circumdatus
741 1779 890 1805 summa
922 1764 1049 1819 pabuli
1082 1763 1212 1817 inopia
1245 1770 1327 1802 erat
1360 1763 1522 1802 affectus
1555 1776 1678 1816 eaque

191 1831 278 1885 ipsa
300 1833 346 1872 de
369 1847 486 1874 eausa
510 1833 738 1887 erumpendi
760 1832 965 1873 eonsilium
990 1839 1149 1886 ceperat
1171 1830 1257 1881 (58,
1272 1831 1332 1883 4)=
1360 1827 1511 1870 Caesar
1526 1830 1678 1870 incluso

189 1897 381 1953 Pompeio
405 1915 530 1953 neque
552 1901 802 1955 pabulatione
825 1901 1023 1954 prohiberi
1047 1906 1201 1954 poterat
1222 1906 1275 1948 et⁷
1301 1899 1333 1938 si
1353 1912 1438 1938 eam
1453 1899 1677 1938 facultatem

190 1968 366 2009 retinere
390 1969 594 2017 uoluisset,
629 1983 707 2009 non
729 1969 842 2008 iuxta
864 1966 1088 2021 Pompeium
1113 1975 1241 2007 castra
1266 1979 1435 2021 ponere,
1470 1967 1538 2006 sed
1561 1981 1675 2020 quam

188 2035 420 2090 longissime
443 2037 645 2077 discedere
669 2035 847 2084 debebat,
873 2049 921 2075 ne
933 2034 1109 2088 Pompeii
1138 2036 1311 2088 equitatu
1332 2035 1448 2087 longe
1470 2034 1675 2087 superiore

188 2103 459 2157 impediretur.
501 2103 646 2158 Neque
678 2118 800 2144 naues
824 2101 1011 2144 Caesaris
1044 2104 1147 2144 ullae
1175 2103 1341 2143 aderant
1361 2103 1525 2155 (paucas
1549 2102 1668 2153 enim,

187 2185 284 2225 quas
307 2170 416 2213 Orici
439 2178 478 2212 et
499 2171 610 2213 Lissi
632 2173 838 2222 habuerat,
861 2185 882 2212 a
907 2168 984 2211 Cn.
1008 2169 1195 2224 Pompeio
1217 2171 1296 2210 filio
1317 2170 1501 2210 incensas
1524 2183 1612 2210 esse
1634 2184 1670 2209 e.

185 2237 242 2280 40
272 2240 440 2280 relatum
473 2241 570 2295 est),
603 2248 644 2280 et
673 2240 721 2281 de
741 2238 890 2281 Italicis
912 2239 1193 2278 commeatibus
1226 2237 1367 2278 dudum
1390 2237 1673 2291 desperauerat

185 2306 275 2360 (42,
300 2306 360 2362 3).
398 2307 536 2362 Itaque
557 2308 812 2362 transpositis
834 2307 962 2361 potius
984 2307 1118 2347 uerbis
1144 2310 1291 2346 ‘eastra
1312 2305 1528 2345 secundum
1551 2303 1672 2345 mare'

186 2374 282 2415 haec
304 2376 357 2415 ita
382 2376 651 2416 constituenda
676 2376 837 2416 censui:
875 2372 980 2427 ‘Qui
1012 2373 1169 2429 cognito
1201 2373 1436 2413 detrimento
1470 2387 1556 2412 cum
1589 2372 1673 2412 ani-

184 2443 707 2498 maduertissetpompeium
731 2451 846 2484 extra
870 2443 1107 2483 munitiones
1129 2455 1373 2495 eggressum,
1400 2448 1442 2480 ut
1464 2440 1586 2481 libere
1605 2455 1672 2494 pa—

183 2508 308 2550 bulari
342 2519 476 2564 posset
507 2526 579 2552 nec
610 2512 738 2552 minus
770 2511 913 2551 aditum
945 2511 1111 2550 nauibus
1135 2510 1313 2558 haberet,
1349 2515 1586 2549 commutata
1608 2522 1671 2549 ra-

184 2577 291 2618 tione
322 2577 436 2628 betti,
475 2580 655 2632 quoniam
688 2579 929 2634 propositum
961 2593 1041 2618 non
1072 2584 1270 2627 tenuerat,
1304 2583 1436 2618 eastra
1457 2576 1670 2616 secundum

184 2658 292 2686 mare
313 2645 427 2687 iuxta
447 2645 674 2701 Pompeium
699 2648 850 2688 munire
872 2646 1014 2688 iussit'.

297 2711 347 2754 C.
372 2712 441 2764 66,
465 2715 492 2754 2
513 2722 602 2754 ante
620 2712 941 2769 Oudendorpium
963 2715 1020 2755 sie
1042 2713 1250 2755 edebatur:
1278 2710 1572 2767 ‘Superioribus
1589 2710 1670 2750 die·-

183 2781 254 2821 bus
276 2795 383 2823 nona
397 2780 585 2823 Caesaris
600 2782 720 2837 legin,
745 2797 832 2823 eum
854 2795 897 2822 se
920 2779 1390 2834 obiecissetPOmpeianis
1413 2780 1536 2834 copiis
1553 2786 1668 2831 atque

183 2863 318 2903 opere,
344 2857 385 2890 ut
405 2850 780 2900 demonstrauimus,
805 2849 1140 2899 eireummuniret,
1174 2855 1305 2889 castra
1328 2863 1374 2889 eo
1396 2849 1483 2889 loco
1506 2845 1664 2902 posuit'3
