<?xml version="1.0" encoding="UTF-8"?>
<!DOCTYPE html PUBLIC "-//W3C//DTD XHTML 1.0 Transitional//EN"
    "http://www.w3.org/TR/xhtml1/DTD/xhtml1-transitional.dtd">
<html xmlns="http://www.w3.org/1999/xhtml" xml:lang="en" lang="en">
 <head>
  <title>
</title>
<meta http-equiv="Content-Type" content="text/html;charset=utf-8" />
  <meta name='ocr-system' content='tesseract 3.04.00' />
  <meta name='ocr-capabilities' content='ocr_page ocr_carea ocr_par ocr_line ocrx_word'/>
</head>
<body>
  <div class='ocr_page' id='page_1' title='image "./commentarii00caesuoft_0177.png"; bbox 0 0 1835 3240; ppageno 0'>
   <div class='ocr_carea' id='block_1_1' title="bbox 694 170 1119 212">
    <p class='ocr_par' dir='ltr' id='par_1_1' title="bbox 694 170 1119 212">
     <span class='ocr_line' id='line_1_1' title="bbox 694 170 1119 212; baseline 0.009 -3"><span class='ocrx_word' id='word_1_1' title='bbox 694 170 1119 212; x_wconf 79' lang='lat'>——167—</span> 
     </span>
    </p>
   </div>
   <div class='ocr_carea' id='block_1_2' title="bbox 157 284 1662 2925">
    <p class='ocr_par' dir='ltr' id='par_1_2' title="bbox 157 284 1651 1211">
     <span class='ocr_line' id='line_1_2' title="bbox 162 284 1644 339; baseline 0.003 -11"><span class='ocrx_word' id='word_1_2' title='bbox 162 286 299 328; x_wconf 86' lang='lat' dir='ltr'><strong>referri</strong></span> <span class='ocrx_word' id='word_1_3' title='bbox 332 292 551 338; x_wconf 83' lang='lat' dir='ltr'><strong>pateretur,</strong></span> <span class='ocrx_word' id='word_1_4' title='bbox 588 284 783 324; x_wconf 85' lang='lat' dir='ltr'><strong>sententia</strong></span> <span class='ocrx_word' id='word_1_5' title='bbox 816 292 946 325; x_wconf 84' lang='lat' dir='ltr'><strong>tamen</strong></span> <span class='ocrx_word' id='word_1_6' title='bbox 969 285 1099 338; x_wconf 89' lang='lat' dir='ltr'><strong>inepta</strong></span> <span class='ocrx_word' id='word_1_7' title='bbox 1122 293 1252 335; x_wconf 88' lang='lat' dir='ltr'><strong>esset,</strong></span> <span class='ocrx_word' id='word_1_8' title='bbox 1292 301 1392 339; x_wconf 85' lang='lat' dir='ltr'><strong>quae</strong></span> <span class='ocrx_word' id='word_1_9' title='bbox 1414 290 1486 329; x_wconf 87' lang='lat' dir='ltr'><strong>alia</strong></span> <span class='ocrx_word' id='word_1_10' title='bbox 1511 292 1644 332; x_wconf 86' lang='lat' dir='ltr'><strong>inesse</strong></span> 
     </span>
     <span class='ocr_line' id='line_1_3' title="bbox 163 353 1645 410; baseline 0.003 -16"><span class='ocrx_word' id='word_1_11' title='bbox 163 369 239 394; x_wconf 92' lang='lat' dir='ltr'><strong>non</strong></span> <span class='ocrx_word' id='word_1_12' title='bbox 262 360 402 406; x_wconf 88' lang='lat' dir='ltr'><strong>potest,</strong></span> <span class='ocrx_word' id='word_1_13' title='bbox 430 353 503 393; x_wconf 90' lang='lat' dir='ltr'><strong>nisi</strong></span> <span class='ocrx_word' id='word_1_14' title='bbox 529 353 648 392; x_wconf 87' lang='lat' dir='ltr'><strong>haec:</strong></span> <span class='ocrx_word' id='word_1_15' title='bbox 674 353 938 405; x_wconf 78' lang='lat' dir='ltr'><strong>expectabant</strong></span> <span class='ocrx_word' id='word_1_16' title='bbox 961 354 1103 393; x_wconf 88' lang='lat' dir='ltr'><strong>cotidie</strong></span> <span class='ocrx_word' id='word_1_17' title='bbox 1127 353 1261 393; x_wconf 89' lang='lat' dir='ltr'><strong>durius</strong></span> <span class='ocrx_word' id='word_1_18' title='bbox 1285 361 1457 408; x_wconf 87' lang='lat' dir='ltr'><strong>tempuS,</strong></span> <span class='ocrx_word' id='word_1_19' title='bbox 1494 373 1568 410; x_wconf 88' lang='lat' dir='ltr'><strong>quo</strong></span> <span class='ocrx_word' id='word_1_20' title='bbox 1591 360 1645 399; x_wconf 90' lang='lat' dir='ltr'><strong>le-</strong></span> 
     </span>
     <span class='ocr_line' id='line_1_4' title="bbox 161 420 1646 476; baseline 0.003 -15"><span class='ocrx_word' id='word_1_21' title='bbox 161 422 334 461; x_wconf 88' lang='lat' dir='ltr'><strong>nioribus</strong></span> <span class='ocrx_word' id='word_1_22' title='bbox 358 421 486 461; x_wconf 88' lang='lat' dir='ltr'><strong>uentis</strong></span> <span class='ocrx_word' id='word_1_23' title='bbox 520 421 800 460; x_wconf 80' lang='lat' dir='ltr'><strong>tramitterent.</strong></span> <span class='ocrx_word' id='word_1_24' title='bbox 844 421 949 462; x_wconf 88' lang='lat' dir='ltr'><strong>Nam</strong></span> <span class='ocrx_word' id='word_1_25' title='bbox 981 436 1080 475; x_wconf 90' lang='lat' dir='ltr'><strong>quae</strong></span> <span class='ocrx_word' id='word_1_26' title='bbox 1113 420 1416 476; x_wconf 89' lang='lat' dir='ltr'><strong>Oudendorpius</strong></span> <span class='ocrx_word' id='word_1_27' title='bbox 1439 423 1513 463; x_wconf 89' lang='lat' dir='ltr'><strong>sibi</strong></span> <span class='ocrx_word' id='word_1_28' title='bbox 1535 425 1646 466; x_wconf 87' lang='lat' dir='ltr'><strong>inue-</strong></span> 
     </span>
     <span class='ocr_line' id='line_1_5' title="bbox 160 486 1645 543; baseline 0.003 -15"><span class='ocrx_word' id='word_1_29' title='bbox 160 490 265 529; x_wconf 80' lang='lat' dir='ltr'>nisse</span> <span class='ocrx_word' id='word_1_30' title='bbox 296 489 403 529; x_wconf 91' lang='lat' dir='ltr'><strong>uisus</strong></span> <span class='ocrx_word' id='word_1_31' title='bbox 438 496 522 538; x_wconf 87' lang='lat' dir='ltr'><strong>est,</strong></span> <span class='ocrx_word' id='word_1_32' title='bbox 557 486 848 538; x_wconf 87' lang='lat' dir='ltr'><strong>Caesarianos,</strong></span> <span class='ocrx_word' id='word_1_33' title='bbox 887 491 974 530; x_wconf 89' lang='lat' dir='ltr'><strong>dum</strong></span> <span class='ocrx_word' id='word_1_34' title='bbox 1004 490 1176 530; x_wconf 88' lang='lat' dir='ltr'><strong>leniores</strong></span> <span class='ocrx_word' id='word_1_35' title='bbox 1208 496 1346 530; x_wconf 90' lang='lat' dir='ltr'><strong>uentos</strong></span> <span class='ocrx_word' id='word_1_36' title='bbox 1369 499 1645 543; x_wconf 76' lang='lat' dir='ltr'>expectarent,</span> 
     </span>
     <span class='ocr_line' id='line_1_6' title="bbox 160 556 1646 611; baseline 0.003 -15"><span class='ocrx_word' id='word_1_37' title='bbox 160 557 294 596; x_wconf 89' lang='lat' dir='ltr'><strong>durius</strong></span> <span class='ocrx_word' id='word_1_38' title='bbox 326 557 469 597; x_wconf 76' lang='lat' dir='ltr'><strong>cotidie</strong></span> <span class='ocrx_word' id='word_1_39' title='bbox 501 559 701 611; x_wconf 86' lang='lat' dir='ltr'><strong>accepisse</strong></span> <span class='ocrx_word' id='word_1_40' title='bbox 734 564 899 611; x_wconf 88' lang='lat' dir='ltr'><strong>tempus,</strong></span> <span class='ocrx_word' id='word_1_41' title='bbox 935 571 1069 597; x_wconf 90' lang='lat' dir='ltr'><strong>eorum</strong></span> <span class='ocrx_word' id='word_1_42' title='bbox 1102 558 1196 597; x_wconf 84' lang='lat' dir='ltr'><strong>nihil</strong></span> <span class='ocrx_word' id='word_1_43' title='bbox 1220 558 1348 598; x_wconf 87' lang='lat' dir='ltr'><strong>uideo.</strong></span> <span class='ocrx_word' id='word_1_44' title='bbox 1399 556 1646 600; x_wconf 70' lang='lat' dir='ltr'>Sententiam</span> 
     </span>
     <span class='ocr_line' id='line_1_7' title="bbox 158 625 1650 682; baseline 0.003 -18"><span class='ocrx_word' id='word_1_45' title='bbox 158 626 305 678; x_wconf 79' lang='lat' dir='ltr'>requiri</span> <span class='ocrx_word' id='word_1_46' title='bbox 328 633 502 678; x_wconf 85' lang='lat' dir='ltr'><strong>apertum</strong></span> <span class='ocrx_word' id='word_1_47' title='bbox 526 632 586 665; x_wconf 87' lang='lat' dir='ltr'><strong>est</strong></span> <span class='ocrx_word' id='word_1_48' title='bbox 609 626 900 665; x_wconf 88' lang='lat' dir='ltr'><strong>huiuscemodi:</strong></span> <span class='ocrx_word' id='word_1_49' title='bbox 926 633 1078 680; x_wconf 84' lang='lat' dir='ltr'><strong>tempus</strong></span> <span class='ocrx_word' id='word_1_50' title='bbox 1101 625 1242 665; x_wconf 83' lang='lat' dir='ltr'>cotidie</span> <span class='ocrx_word' id='word_1_51' title='bbox 1266 625 1400 667; x_wconf 89' lang='lat' dir='ltr'><strong>durius</strong></span> <span class='ocrx_word' id='word_1_52' title='bbox 1423 641 1531 682; x_wconf 91' lang='lat' dir='ltr'><strong>spem</strong></span> <span class='ocrx_word' id='word_1_53' title='bbox 1553 629 1650 668; x_wconf 88' lang='lat' dir='ltr'><strong>leni-</strong></span> 
     </span>
     <span class='ocr_line' id='line_1_8' title="bbox 157 693 1647 749; baseline 0.002 -16"><span class='ocrx_word' id='word_1_54' title='bbox 157 694 288 734; x_wconf 84' lang='lat' dir='ltr'><strong>oribus</strong></span> <span class='ocrx_word' id='word_1_55' title='bbox 313 694 441 734; x_wconf 92' lang='lat' dir='ltr'><strong>uentis</strong></span> <span class='ocrx_word' id='word_1_56' title='bbox 464 694 706 733; x_wconf 89' lang='lat' dir='ltr'><strong>tramittendi</strong></span> <span class='ocrx_word' id='word_1_57' title='bbox 729 694 939 734; x_wconf 79' lang='lat' dir='ltr'><strong>ademisse.</strong></span> <span class='ocrx_word' id='word_1_58' title='bbox 974 693 1112 746; x_wconf 87' lang='lat' dir='ltr'><strong>ltaque</strong></span> <span class='ocrx_word' id='word_1_59' title='bbox 1135 693 1191 733; x_wconf 88' lang='lat' dir='ltr'><strong>sic</strong></span> <span class='ocrx_word' id='word_1_60' title='bbox 1214 694 1380 747; x_wconf 82' lang='lat' dir='ltr'><strong>scripsi:</strong></span> <span class='ocrx_word' id='word_1_61' title='bbox 1419 695 1647 749; x_wconf 82' lang='lat' dir='ltr'><strong>‘duriusque</strong></span> 
     </span>
     <span class='ocr_line' id='line_1_9' title="bbox 158 761 1646 816; baseline 0.001 -15"><span class='ocrx_word' id='word_1_62' title='bbox 158 762 299 802; x_wconf 85' lang='lat' dir='ltr'><strong>cotidie</strong></span> <span class='ocrx_word' id='word_1_63' title='bbox 321 769 473 815; x_wconf 89' lang='lat' dir='ltr'><strong>tempus</strong></span> <span class='ocrx_word' id='word_1_64' title='bbox 495 762 540 801; x_wconf 89' lang='lat' dir='ltr'><strong>ad</strong></span> <span class='ocrx_word' id='word_1_65' title='bbox 566 762 909 814; x_wconf 87' lang='lat' dir='ltr'><strong>transportandum</strong></span> <span class='ocrx_word' id='word_1_66' title='bbox 933 761 1147 802; x_wconf 90' lang='lat' dir='ltr'><strong>lenioribus</strong></span> <span class='ocrx_word' id='word_1_67' title='bbox 1168 763 1298 802; x_wconf 86' lang='lat' dir='ltr'><strong>uentis</strong></span> <span class='ocrx_word' id='word_1_68' title='bbox 1322 777 1398 802; x_wconf 92' lang='lat' dir='ltr'><strong>non</strong></span> <span class='ocrx_word' id='word_1_69' title='bbox 1415 763 1646 816; x_wconf 84' lang='lat' dir='ltr'><strong>spectabat&#39;.</strong></span> 
     </span>
     <span class='ocr_line' id='line_1_10' title="bbox 157 828 1649 884; baseline 0.001 -14"><span class='ocrx_word' id='word_1_70' title='bbox 157 828 357 870; x_wconf 85' lang='lat' dir='ltr'><strong>Particula</strong></span> <span class='ocrx_word' id='word_1_71' title='bbox 388 830 570 883; x_wconf 83' lang='lat' dir='ltr'><strong>negatiua</strong></span> <span class='ocrx_word' id='word_1_72' title='bbox 602 837 783 882; x_wconf 86' lang='lat' dir='ltr'><strong>separata</strong></span> <span class='ocrx_word' id='word_1_73' title='bbox 816 837 876 870; x_wconf 89' lang='lat' dir='ltr'><strong>est</strong></span> <span class='ocrx_word' id='word_1_74' title='bbox 906 843 926 869; x_wconf 87' lang='lat' dir='ltr'><strong>a</strong></span> <span class='ocrx_word' id='word_1_75' title='bbox 959 829 1182 883; x_wconf 88' lang='lat' dir='ltr'><strong>copulatiua</strong></span> <span class='ocrx_word' id='word_1_76' title='bbox 1204 831 1251 870; x_wconf 86' lang='lat' dir='ltr'><strong>ad</strong></span> <span class='ocrx_word' id='word_1_77' title='bbox 1274 831 1351 870; x_wconf 91' lang='lat' dir='ltr'><strong>uim</strong></span> <span class='ocrx_word' id='word_1_78' title='bbox 1373 830 1477 870; x_wconf 88' lang='lat' dir='ltr'><strong>illius</strong></span> <span class='ocrx_word' id='word_1_79' title='bbox 1500 844 1649 884; x_wconf 87' lang='lat' dir='ltr'><strong>augen-</strong></span> 
     </span>
     <span class='ocr_line' id='line_1_11' title="bbox 158 895 1647 951; baseline 0.001 -14"><span class='ocrx_word' id='word_1_80' title='bbox 158 898 259 937; x_wconf 88' lang='lat' dir='ltr'><strong>dam.</strong></span> <span class='ocrx_word' id='word_1_81' title='bbox 305 895 368 938; x_wconf 80' lang='lat' dir='ltr'><strong>Cf.</strong></span> <span class='ocrx_word' id='word_1_82' title='bbox 394 897 432 937; x_wconf 88' lang='lat' dir='ltr'><strong>b.</strong></span> <span class='ocrx_word' id='word_1_83' title='bbox 460 896 564 938; x_wconf 88' lang='lat' dir='ltr'><strong>Gall.</strong></span> <span class='ocrx_word' id='word_1_84' title='bbox 590 896 666 947; x_wconf 91' lang='lat' dir='ltr'><strong>III,</strong></span> <span class='ocrx_word' id='word_1_85' title='bbox 690 895 761 946; x_wconf 75' lang='lat'><strong>29,</strong></span> <span class='ocrx_word' id='word_1_86' title='bbox 781 896 808 937; x_wconf 76' lang='lat'><strong>⁸2</strong></span> <span class='ocrx_word' id='word_1_87' title='bbox 832 897 904 937; x_wconf 85' lang='lat' dir='ltr'><strong>‘uti</strong></span> <span class='ocrx_word' id='word_1_88' title='bbox 928 911 1023 951; x_wconf 88' lang='lat' dir='ltr'><strong>opus</strong></span> <span class='ocrx_word' id='word_1_89' title='bbox 1048 898 1277 938; x_wconf 90' lang='lat' dir='ltr'><strong>necessario</strong></span> <span class='ocrx_word' id='word_1_90' title='bbox 1301 898 1647 951; x_wconf 75' lang='lat' dir='ltr'><strong>intermitteretur,</strong></span> 
     </span>
     <span class='ocr_line' id='line_1_12' title="bbox 158 966 1650 1020; baseline 0.001 -14"><span class='ocrx_word' id='word_1_91' title='bbox 158 973 197 1006; x_wconf 87' lang='lat' dir='ltr'><strong>et</strong></span> <span class='ocrx_word' id='word_1_92' title='bbox 218 966 515 1006; x_wconf 82' lang='lat' dir='ltr'><strong>continuatione</strong></span> <span class='ocrx_word' id='word_1_93' title='bbox 537 966 716 1005; x_wconf 90' lang='lat' dir='ltr'><strong>imbrium</strong></span> <span class='ocrx_word' id='word_1_94' title='bbox 741 966 885 1005; x_wconf 90' lang='lat' dir='ltr'><strong>diutius</strong></span> <span class='ocrx_word' id='word_1_95' title='bbox 908 966 978 1006; x_wconf 90' lang='lat' dir='ltr'><strong>sub</strong></span> <span class='ocrx_word' id='word_1_96' title='bbox 1001 966 1165 1020; x_wconf 90' lang='lat' dir='ltr'><strong>pellibus</strong></span> <span class='ocrx_word' id='word_1_97' title='bbox 1188 966 1332 1006; x_wconf 83' lang='lat' dir='ltr'><strong>milites</strong></span> <span class='ocrx_word' id='word_1_98' title='bbox 1355 968 1547 1008; x_wconf 72' lang='lat' dir='ltr'><strong>contineri</strong></span> <span class='ocrx_word' id='word_1_99' title='bbox 1571 982 1650 1008; x_wconf 92' lang='lat' dir='ltr'><strong>non</strong></span> 
     </span>
     <span class='ocr_line' id='line_1_13' title="bbox 159 1031 1651 1088; baseline 0.001 -14"><span class='ocrx_word' id='word_1_100' title='bbox 159 1034 350 1088; x_wconf 86' lang='lat' dir='ltr'><strong>possent&#39;,</strong></span> <span class='ocrx_word' id='word_1_101' title='bbox 385 1034 423 1072; x_wconf 92' lang='lat' dir='ltr'><strong>h.</strong></span> <span class='ocrx_word' id='word_1_102' title='bbox 449 1033 525 1073; x_wconf 90' lang='lat' dir='ltr'><strong>ciu.</strong></span> <span class='ocrx_word' id='word_1_103' title='bbox 551 1031 585 1083; x_wconf 93' lang='grc' dir='ltr'><strong>Ι,</strong></span> <span class='ocrx_word' id='word_1_104' title='bbox 609 1032 678 1083; x_wconf 82' lang='grc'><strong>81,</strong></span> <span class='ocrx_word' id='word_1_105' title='bbox 704 1033 730 1073; x_wconf 79' lang='lat'>2</span> <span class='ocrx_word' id='word_1_106' title='bbox 756 1039 812 1074; x_wconf 72' lang='lat' dir='ltr'><strong>‘et</strong></span> <span class='ocrx_word' id='word_1_107' title='bbox 834 1048 880 1074; x_wconf 91' lang='lat' dir='ltr'><strong>eo</strong></span> <span class='ocrx_word' id='word_1_108' title='bbox 904 1035 964 1075; x_wconf 91' lang='lat' dir='ltr'><strong>die</strong></span> <span class='ocrx_word' id='word_1_109' title='bbox 987 1034 1242 1075; x_wconf 86' lang='lat' dir='ltr'><strong>tabernacula</strong></span> <span class='ocrx_word' id='word_1_110' title='bbox 1264 1034 1385 1074; x_wconf 89' lang='lat' dir='ltr'><strong>statui</strong></span> <span class='ocrx_word' id='word_1_111' title='bbox 1408 1048 1547 1088; x_wconf 87' lang='lat' dir='ltr'><strong>passus</strong></span> <span class='ocrx_word' id='word_1_112' title='bbox 1573 1050 1651 1075; x_wconf 91' lang='lat' dir='ltr'><strong>non</strong></span> 
     </span>
     <span class='ocr_line' id='line_1_14' title="bbox 157 1099 1651 1158; baseline 0.001 -16"><span class='ocrx_word' id='word_1_113' title='bbox 157 1103 246 1151; x_wconf 89' lang='lat' dir='ltr'><strong>est&#39;,</strong></span> <span class='ocrx_word' id='word_1_114' title='bbox 263 1099 387 1142; x_wconf 89' lang='lat' dir='ltr'><strong>Corn.</strong></span> <span class='ocrx_word' id='word_1_115' title='bbox 403 1099 507 1155; x_wconf 89' lang='lat' dir='ltr'><strong>Nep.</strong></span> <span class='ocrx_word' id='word_1_116' title='bbox 522 1100 662 1142; x_wconf 90' lang='lat' dir='ltr'><strong>Them.</strong></span> <span class='ocrx_word' id='word_1_117' title='bbox 678 1100 719 1150; x_wconf 79' lang='lat'><strong>3,</strong></span> <span class='ocrx_word' id='word_1_118' title='bbox 749 1101 769 1140; x_wconf 86' lang='lat'>1</span> <span class='ocrx_word' id='word_1_119' title='bbox 791 1102 1042 1157; x_wconf 87' lang='lat' dir='ltr'><strong>‘longiusque</strong></span> <span class='ocrx_word' id='word_1_120' title='bbox 1064 1102 1254 1143; x_wconf 88' lang='lat' dir='ltr'><strong>barbaros</strong></span> <span class='ocrx_word' id='word_1_121' title='bbox 1277 1102 1461 1156; x_wconf 85' lang='lat' dir='ltr'><strong>progredi</strong></span> <span class='ocrx_word' id='word_1_122' title='bbox 1483 1117 1562 1143; x_wconf 91' lang='lat' dir='ltr'><strong>non</strong></span> <span class='ocrx_word' id='word_1_123' title='bbox 1584 1117 1651 1158; x_wconf 89' lang='lat' dir='ltr'><strong>pa-</strong></span> 
     </span>
     <span class='ocr_line' id='line_1_15' title="bbox 159 1170 366 1211; baseline -0.005 -1"><span class='ocrx_word' id='word_1_124' title='bbox 159 1170 366 1211; x_wconf 83' lang='lat' dir='ltr'><strong>terentur&#39;.</strong></span> 
     </span>
    </p>

    <p class='ocr_par' dir='ltr' id='par_1_3' title="bbox 159 1236 1662 2925">
     <span class='ocr_line' id='line_1_16' title="bbox 272 1236 1652 1295; baseline 0 -17"><span class='ocrx_word' id='word_1_125' title='bbox 272 1236 386 1291; x_wconf 82' lang='lat' dir='ltr'><strong>Quae</strong></span> <span class='ocrx_word' id='word_1_126' title='bbox 409 1252 443 1278; x_wconf 91' lang='lat' dir='ltr'><strong>c.</strong></span> <span class='ocrx_word' id='word_1_127' title='bbox 469 1237 522 1279; x_wconf 76' lang='lat'><strong>26</strong></span> <span class='ocrx_word' id='word_1_128' title='bbox 545 1239 590 1278; x_wconf 87' lang='lat' dir='ltr'><strong>de</strong></span> <span class='ocrx_word' id='word_1_129' title='bbox 615 1238 776 1279; x_wconf 85' lang='lat' dir='ltr'><strong>Antonii</strong></span> <span class='ocrx_word' id='word_1_130' title='bbox 797 1246 833 1279; x_wconf 87' lang='lat' dir='ltr'><strong>et</strong></span> <span class='ocrx_word' id='word_1_131' title='bbox 858 1236 997 1280; x_wconf 90' lang='lat' dir='ltr'><strong>Caleni</strong></span> <span class='ocrx_word' id='word_1_132' title='bbox 1020 1239 1262 1293; x_wconf 85' lang='lat' dir='ltr'><strong>profectione</strong></span> <span class='ocrx_word' id='word_1_133' title='bbox 1283 1240 1487 1295; x_wconf 85' lang='lat' dir='ltr'><strong>leguntur,</strong></span> <span class='ocrx_word' id='word_1_134' title='bbox 1512 1239 1652 1293; x_wconf 86' lang='lat' dir='ltr'><strong>partim</strong></span> 
     </span>
     <span class='ocr_line' id='line_1_17' title="bbox 161 1306 1654 1362; baseline 0.001 -15"><span class='ocrx_word' id='word_1_135' title='bbox 161 1320 213 1347; x_wconf 76' lang='lat' dir='ltr'><strong>ex</strong></span> <span class='ocrx_word' id='word_1_136' title='bbox 242 1307 353 1346; x_wconf 91' lang='lat' dir='ltr'><strong>codd.</strong></span> <span class='ocrx_word' id='word_1_137' title='bbox 390 1306 584 1359; x_wconf 87' lang='lat' dir='ltr'><strong>scriptura</strong></span> <span class='ocrx_word' id='word_1_138' title='bbox 616 1306 716 1347; x_wconf 91' lang='lat' dir='ltr'><strong>bene</strong></span> <span class='ocrx_word' id='word_1_139' title='bbox 747 1308 950 1348; x_wconf 87' lang='lat' dir='ltr'><strong>constituit</strong></span> <span class='ocrx_word' id='word_1_140' title='bbox 972 1306 1267 1362; x_wconf 86' lang='lat' dir='ltr'><strong>Elberlingius‚</strong></span> <span class='ocrx_word' id='word_1_141' title='bbox 1307 1309 1353 1347; x_wconf 91' lang='lat' dir='ltr'><strong>de</strong></span> <span class='ocrx_word' id='word_1_142' title='bbox 1384 1315 1494 1361; x_wconf 90' lang='lat' dir='ltr'><strong>parte</strong></span> <span class='ocrx_word' id='word_1_143' title='bbox 1525 1308 1654 1348; x_wconf 90' lang='lat' dir='ltr'><strong>minus</strong></span> 
     </span>
     <span class='ocr_line' id='line_1_18' title="bbox 161 1373 1655 1427; baseline 0.002 -14"><span class='ocrx_word' id='word_1_144' title='bbox 161 1381 270 1414; x_wconf 87' lang='lat' dir='ltr'><strong>recte</strong></span> <span class='ocrx_word' id='word_1_145' title='bbox 292 1374 518 1427; x_wconf 84' lang='lat' dir='ltr'><strong>disputauit.</strong></span> <span class='ocrx_word' id='word_1_146' title='bbox 567 1373 626 1413; x_wconf 84' lang='lat' dir='ltr'><strong>Ea</strong></span> <span class='ocrx_word' id='word_1_147' title='bbox 657 1381 785 1415; x_wconf 89' lang='lat' dir='ltr'><strong>autem</strong></span> <span class='ocrx_word' id='word_1_148' title='bbox 821 1376 939 1415; x_wconf 91' lang='lat' dir='ltr'><strong>uerba</strong></span> <span class='ocrx_word' id='word_1_149' title='bbox 971 1377 1023 1415; x_wconf 89' lang='lat' dir='ltr'><strong>ita</strong></span> <span class='ocrx_word' id='word_1_150' title='bbox 1048 1376 1255 1416; x_wconf 88' lang='lat' dir='ltr'><strong>scribenda</strong></span> <span class='ocrx_word' id='word_1_151' title='bbox 1277 1383 1392 1416; x_wconf 90' lang='lat' dir='ltr'><strong>sunt:</strong></span> <span class='ocrx_word' id='word_1_152' title='bbox 1432 1380 1442 1399; x_wconf 49' lang='grc' dir='ltr'><strong>ζ</strong></span> <span class='ocrx_word' id='word_1_153' title='bbox 1459 1376 1564 1416; x_wconf 87' lang='lat' dir='ltr'><strong>nacti</strong></span> <span class='ocrx_word' id='word_1_154' title='bbox 1586 1391 1655 1417; x_wconf 86' lang='lat' dir='ltr'><strong>au-</strong></span> 
     </span>
     <span class='ocr_line' id='line_1_19' title="bbox 164 1442 1652 1498; baseline 0.003 -18"><span class='ocrx_word' id='word_1_155' title='bbox 164 1449 287 1481; x_wconf 84' lang='lat' dir='ltr'><strong>strum</strong></span> <span class='ocrx_word' id='word_1_156' title='bbox 319 1455 441 1481; x_wconf 89' lang='lat' dir='ltr'><strong>naues</strong></span> <span class='ocrx_word' id='word_1_157' title='bbox 474 1442 636 1482; x_wconf 89' lang='lat' dir='ltr'><strong>soluunt</strong></span> <span class='ocrx_word' id='word_1_158' title='bbox 668 1448 784 1494; x_wconf 88' lang='lat' dir='ltr'><strong>atque</strong></span> <span class='ocrx_word' id='word_1_159' title='bbox 813 1443 938 1483; x_wconf 85' lang='lat' dir='ltr'><strong>altero</strong></span> <span class='ocrx_word' id='word_1_160' title='bbox 962 1444 1022 1483; x_wconf 90' lang='lat' dir='ltr'><strong>die</strong></span> <span class='ocrx_word' id='word_1_161' title='bbox 1044 1444 1294 1497; x_wconf 77' lang='lat' dir='ltr'><strong>Apolloniam</strong></span> <span class='ocrx_word' id='word_1_162' title='bbox 1321 1442 1652 1498; x_wconf 85' lang='lat' dir='ltr'><strong>[Dyrrhachium]</strong></span> 
     </span>
     <span class='ocr_line' id='line_1_20' title="bbox 161 1508 1653 1565; baseline 0.003 -17"><span class='ocrx_word' id='word_1_163' title='bbox 161 1510 529 1562; x_wconf 81' lang='lat' dir='ltr'><strong>praeteruehuntur.</strong></span> <span class='ocrx_word' id='word_1_164' title='bbox 567 1508 643 1562; x_wconf 82' lang='lat' dir='ltr'><strong>Qui</strong></span> <span class='ocrx_word' id='word_1_165' title='bbox 667 1524 752 1550; x_wconf 90' lang='lat' dir='ltr'><strong>cum</strong></span> <span class='ocrx_word' id='word_1_166' title='bbox 776 1518 911 1551; x_wconf 88' lang='lat' dir='ltr'><strong>essent</strong></span> <span class='ocrx_word' id='word_1_167' title='bbox 933 1525 982 1551; x_wconf 82' lang='lat' dir='ltr'><strong>ex</strong></span> <span class='ocrx_word' id='word_1_168' title='bbox 1006 1511 1226 1551; x_wconf 85' lang='lat' dir='ltr'><strong>continenti</strong></span> <span class='ocrx_word' id='word_1_169' title='bbox 1248 1511 1323 1551; x_wconf 91' lang='lat' dir='ltr'><strong>uisi</strong></span> <span class='ocrx_word' id='word_1_170' title='bbox 1341 1508 1563 1565; x_wconf 82' lang='lat' dir='ltr'><strong>Coponius,</strong></span> <span class='ocrx_word' id='word_1_171' title='bbox 1589 1512 1653 1565; x_wconf 93' lang='lat' dir='ltr'><strong>qui</strong></span> 
     </span>
     <span class='ocr_line' id='line_1_21' title="bbox 164 1576 1654 1632; baseline 0.003 -16"><span class='ocrx_word' id='word_1_172' title='bbox 164 1576 398 1630; x_wconf 84' lang='lat' dir='ltr'><strong>Dyrrhachii</strong></span> <span class='ocrx_word' id='word_1_173' title='bbox 422 1578 538 1617; x_wconf 80' lang='lat' dir='ltr'><strong>classi</strong></span> <span class='ocrx_word' id='word_1_174' title='bbox 553 1577 730 1617; x_wconf 84' lang='lat' dir='ltr'><strong>Rhodiae</strong></span> <span class='ocrx_word' id='word_1_175' title='bbox 744 1586 939 1631; x_wconf 78' lang='lat' dir='ltr'><strong>praeerat,</strong></span> <span class='ocrx_word' id='word_1_176' title='bbox 965 1593 1086 1619; x_wconf 92' lang='lat' dir='ltr'><strong>naues</strong></span> <span class='ocrx_word' id='word_1_177' title='bbox 1110 1593 1162 1619; x_wconf 85' lang='lat' dir='ltr'><strong>ex</strong></span> <span class='ocrx_word' id='word_1_178' title='bbox 1185 1586 1296 1632; x_wconf 89' lang='lat' dir='ltr'><strong>portu</strong></span> <span class='ocrx_word' id='word_1_179' title='bbox 1320 1579 1464 1630; x_wconf 89' lang='lat' dir='ltr'><strong>educit,</strong></span> <span class='ocrx_word' id='word_1_180' title='bbox 1486 1587 1539 1629; x_wconf 90' lang='lat' dir='ltr'><strong>et,</strong></span> <span class='ocrx_word' id='word_1_181' title='bbox 1566 1595 1654 1620; x_wconf 88' lang='lat' dir='ltr'><strong>cum</strong></span> 
     </span>
     <span class='ocr_line' id='line_1_22' title="bbox 159 1645 1654 1699; baseline 0.004 -16"><span class='ocrx_word' id='word_1_182' title='bbox 159 1645 233 1684; x_wconf 87' lang='lat' dir='ltr'><strong>iam</strong></span> <span class='ocrx_word' id='word_1_183' title='bbox 256 1645 402 1684; x_wconf 86' lang='lat' dir='ltr'><strong>nostris</strong></span> <span class='ocrx_word' id='word_1_184' title='bbox 425 1645 653 1684; x_wconf 88' lang='lat' dir='ltr'><strong>remissiore</strong></span> <span class='ocrx_word' id='word_1_185' title='bbox 673 1653 792 1685; x_wconf 89' lang='lat' dir='ltr'><strong>uento</strong></span> <span class='ocrx_word' id='word_1_186' title='bbox 815 1646 1191 1699; x_wconf 82' lang='lat' dir='ltr'><strong>appropinquasset,</strong></span> <span class='ocrx_word' id='word_1_187' title='bbox 1225 1646 1326 1687; x_wconf 90' lang='lat' dir='ltr'><strong>idem</strong></span> <span class='ocrx_word' id='word_1_188' title='bbox 1360 1654 1496 1687; x_wconf 86' lang='lat' dir='ltr'><strong>auster</strong></span> <span class='ocrx_word' id='word_1_189' title='bbox 1526 1649 1654 1689; x_wconf 87' lang='lat' dir='ltr'><strong>incre-</strong></span> 
     </span>
     <span class='ocr_line' id='line_1_23' title="bbox 161 1711 1656 1766; baseline 0.003 -14"><span class='ocrx_word' id='word_1_190' title='bbox 161 1712 266 1752; x_wconf 89' lang='lat' dir='ltr'><strong>bruit</strong></span> <span class='ocrx_word' id='word_1_191' title='bbox 296 1711 520 1764; x_wconf 86' lang='lat' dir='ltr'><strong>nostrisque</strong></span> <span class='ocrx_word' id='word_1_192' title='bbox 550 1712 746 1765; x_wconf 89' lang='lat' dir='ltr'><strong>praesidio</strong></span> <span class='ocrx_word' id='word_1_193' title='bbox 778 1713 864 1752; x_wconf 89' lang='lat' dir='ltr'><strong>fuit.</strong></span> <span class='ocrx_word' id='word_1_194' title='bbox 908 1713 1052 1766; x_wconf 87' lang='lat' dir='ltr'><strong>Neque</strong></span> <span class='ocrx_word' id='word_1_195' title='bbox 1083 1727 1179 1754; x_wconf 89' lang='lat' dir='ltr'><strong>uero</strong></span> <span class='ocrx_word' id='word_1_196' title='bbox 1212 1714 1277 1754; x_wconf 91' lang='lat' dir='ltr'><strong>ille</strong></span> <span class='ocrx_word' id='word_1_197' title='bbox 1310 1714 1357 1754; x_wconf 94' lang='lat' dir='ltr'><strong>ob</strong></span> <span class='ocrx_word' id='word_1_198' title='bbox 1389 1729 1473 1755; x_wconf 90' lang='lat' dir='ltr'><strong>eam</strong></span> <span class='ocrx_word' id='word_1_199' title='bbox 1497 1730 1656 1756; x_wconf 87' lang='lat' dir='ltr'><strong>causam</strong></span> 
     </span>
     <span class='ocr_line' id='line_1_24' title="bbox 164 1779 1656 1835; baseline 0.002 -14"><span class='ocrx_word' id='word_1_200' title='bbox 164 1787 307 1821; x_wconf 84' lang='lat' dir='ltr'><strong>conatu</strong></span> <span class='ocrx_word' id='word_1_201' title='bbox 338 1779 575 1829; x_wconf 81' lang='lat' dir='ltr'><strong>desistebat,</strong></span> <span class='ocrx_word' id='word_1_202' title='bbox 610 1780 677 1820; x_wconf 91' lang='lat' dir='ltr'><strong>sed</strong></span> <span class='ocrx_word' id='word_1_203' title='bbox 710 1780 843 1821; x_wconf 86' lang='lat' dir='ltr'><strong>labore</strong></span> <span class='ocrx_word' id='word_1_204' title='bbox 876 1789 915 1821; x_wconf 91' lang='lat' dir='ltr'><strong>et</strong></span> <span class='ocrx_word' id='word_1_205' title='bbox 947 1783 1247 1835; x_wconf 87' lang='lat' dir='ltr'><strong>perseuerantia</strong></span> <span class='ocrx_word' id='word_1_206' title='bbox 1277 1789 1483 1823; x_wconf 85' lang='lat' dir='ltr'><strong>nautarum</strong></span> <span class='ocrx_word' id='word_1_207' title='bbox 1517 1791 1555 1824; x_wconf 90' lang='lat' dir='ltr'><strong>et</strong></span> <span class='ocrx_word' id='word_1_208' title='bbox 1578 1785 1656 1824; x_wconf 87' lang='lat' dir='ltr'><strong>uim</strong></span> 
     </span>
     <span class='ocr_line' id='line_1_25' title="bbox 164 1848 1657 1906; baseline 0.001 -16"><span class='ocrx_word' id='word_1_209' title='bbox 164 1848 409 1904; x_wconf 85' lang='lat' dir='ltr'><strong>tempestatis</strong></span> <span class='ocrx_word' id='word_1_210' title='bbox 423 1848 601 1901; x_wconf 85' lang='lat' dir='ltr'><strong>superari</strong></span> <span class='ocrx_word' id='word_1_211' title='bbox 617 1862 733 1902; x_wconf 90' lang='lat' dir='ltr'><strong>posse</strong></span> <span class='ocrx_word' id='word_1_212' title='bbox 749 1850 950 1902; x_wconf 81' lang='lat' dir='ltr'><strong>sperabat,</strong></span> <span class='ocrx_word' id='word_1_213' title='bbox 975 1859 1351 1905; x_wconf 88' lang='lat' dir='ltr'><strong>praeteruectosque</strong></span> <span class='ocrx_word' id='word_1_214' title='bbox 1364 1849 1657 1906; x_wconf 89' lang='lat' dir='ltr'><strong>Dyrrhachium</strong></span> 
     </span>
     <span class='ocr_line' id='line_1_26' title="bbox 166 1916 1657 1975; baseline 0.003 -19"><span class='ocrx_word' id='word_1_215' title='bbox 166 1930 307 1970; x_wconf 86' lang='lat' dir='ltr'><strong>magna</strong></span> <span class='ocrx_word' id='word_1_216' title='bbox 338 1917 375 1957; x_wconf 92' lang='lat' dir='ltr'><strong>ui</strong></span> <span class='ocrx_word' id='word_1_217' title='bbox 406 1917 514 1957; x_wconf 89' lang='lat' dir='ltr'><strong>uenti</strong></span> <span class='ocrx_word' id='word_1_218' title='bbox 546 1916 667 1957; x_wconf 92' lang='lat' dir='ltr'><strong>nihilo</strong></span> <span class='ocrx_word' id='word_1_219' title='bbox 690 1917 819 1957; x_wconf 89' lang='lat' dir='ltr'><strong>secius</strong></span> <span class='ocrx_word' id='word_1_220' title='bbox 851 1919 1130 1971; x_wconf 87' lang='lat' dir='ltr'><strong>sequebatur&#39;.</strong></span> <span class='ocrx_word' id='word_1_221' title='bbox 1177 1918 1446 1973; x_wconf 88' lang='lat' dir='ltr'><strong>‘Apolloniam</strong></span> <span class='ocrx_word' id='word_1_222' title='bbox 1478 1918 1657 1975; x_wconf 86' lang='lat' dir='ltr'><strong>Dyrrha-</strong></span> 
     </span>
     <span class='ocr_line' id='line_1_27' title="bbox 164 1984 1657 2043; baseline 0.004 -19"><span class='ocrx_word' id='word_1_223' title='bbox 164 1986 312 2025; x_wconf 81' lang='lat' dir='ltr'><strong>chium&#39;</strong></span> <span class='ocrx_word' id='word_1_224' title='bbox 341 1984 530 2038; x_wconf 88' lang='lat' dir='ltr'><strong>scriptum</strong></span> <span class='ocrx_word' id='word_1_225' title='bbox 559 1991 620 2024; x_wconf 89' lang='lat' dir='ltr'><strong>est</strong></span> <span class='ocrx_word' id='word_1_226' title='bbox 647 1984 688 2024; x_wconf 90' lang='lat' dir='ltr'><strong>in</strong></span> <span class='ocrx_word' id='word_1_227' title='bbox 710 1984 806 2025; x_wconf 89' lang='lat' dir='ltr'><strong>Par.</strong></span> <span class='ocrx_word' id='word_1_228' title='bbox 833 1999 914 2026; x_wconf 91' lang='lat' dir='ltr'><strong>sec.</strong></span> <span class='ocrx_word' id='word_1_229' title='bbox 940 1985 1058 2028; x_wconf 91' lang='lat' dir='ltr'><strong>Leid.</strong></span> <span class='ocrx_word' id='word_1_230' title='bbox 1086 2001 1144 2041; x_wconf 89' lang='lat' dir='ltr'><strong>pr.</strong></span> <span class='ocrx_word' id='word_1_231' title='bbox 1170 1985 1278 2029; x_wconf 80' lang='lat' dir='ltr'><strong>Seal.</strong></span> <span class='ocrx_word' id='word_1_232' title='bbox 1304 1987 1438 2028; x_wconf 88' lang='lat' dir='ltr'><strong>Haun.</strong></span> <span class='ocrx_word' id='word_1_233' title='bbox 1466 2003 1525 2043; x_wconf 88' lang='lat' dir='ltr'><strong>pr.</strong></span> <span class='ocrx_word' id='word_1_234' title='bbox 1551 2004 1657 2030; x_wconf 86' lang='lat' dir='ltr'><strong>com-</strong></span> 
     </span>
     <span class='ocr_line' id='line_1_28' title="bbox 162 2052 1658 2112; baseline 0.003 -18"><span class='ocrx_word' id='word_1_235' title='bbox 162 2053 415 2108; x_wconf 87' lang='lat' dir='ltr'><strong>pluribusque</strong></span> <span class='ocrx_word' id='word_1_236' title='bbox 449 2052 702 2093; x_wconf 86' lang='lat' dir='ltr'><strong>deteriorum.</strong></span> <span class='ocrx_word' id='word_1_237' title='bbox 746 2052 793 2093; x_wconf 92' lang='lat' dir='ltr'><strong>In</strong></span> <span class='ocrx_word' id='word_1_238' title='bbox 824 2055 964 2107; x_wconf 92' lang='lat' dir='ltr'><strong>quibus</strong></span> <span class='ocrx_word' id='word_1_239' title='bbox 998 2055 1130 2096; x_wconf 89' lang='lat' dir='ltr'><strong>uerbis</strong></span> <span class='ocrx_word' id='word_1_240' title='bbox 1164 2071 1253 2097; x_wconf 91' lang='lat' dir='ltr'><strong>cum</strong></span> <span class='ocrx_word' id='word_1_241' title='bbox 1285 2070 1414 2112; x_wconf 84' lang='lat' dir='ltr'><strong>neque</strong></span> <span class='ocrx_word' id='word_1_242' title='bbox 1436 2058 1658 2111; x_wconf 85' lang='lat' dir='ltr'><strong>asyndeton</strong></span> 
     </span>
     <span class='ocr_line' id='line_1_29' title="bbox 163 2119 1658 2180; baseline 0.005 -19"><span class='ocrx_word' id='word_1_243' title='bbox 163 2121 272 2170; x_wconf 85' lang='lat' dir='ltr'><strong>ferri,</strong></span> <span class='ocrx_word' id='word_1_244' title='bbox 298 2134 424 2175; x_wconf 88' lang='lat' dir='ltr'><strong>neque</strong></span> <span class='ocrx_word' id='word_1_245' title='bbox 445 2120 507 2160; x_wconf 91' lang='lat' dir='ltr'><strong>hic</strong></span> <span class='ocrx_word' id='word_1_246' title='bbox 530 2120 604 2160; x_wconf 89' lang='lat' dir='ltr'><strong>iam</strong></span> <span class='ocrx_word' id='word_1_247' title='bbox 624 2119 914 2175; x_wconf 88' lang='lat' dir='ltr'><strong>Dyrrhachium</strong></span> <span class='ocrx_word' id='word_1_248' title='bbox 938 2124 1186 2177; x_wconf 87' lang='lat' dir='ltr'><strong>praeteruehi</strong></span> <span class='ocrx_word' id='word_1_249' title='bbox 1212 2122 1450 2165; x_wconf 88' lang='lat' dir='ltr'><strong>Caesariani</strong></span> <span class='ocrx_word' id='word_1_250' title='bbox 1473 2126 1545 2166; x_wconf 89' lang='lat' dir='ltr'><strong>dici</strong></span> <span class='ocrx_word' id='word_1_251' title='bbox 1569 2141 1658 2180; x_wconf 92' lang='lat' dir='ltr'><strong>pos—</strong></span> 
     </span>
     <span class='ocr_line' id='line_1_30' title="bbox 163 2190 1659 2249; baseline 0.005 -20"><span class='ocrx_word' id='word_1_252' title='bbox 163 2190 258 2240; x_wconf 88' lang='lat' dir='ltr'><strong>sint,</strong></span> <span class='ocrx_word' id='word_1_253' title='bbox 285 2198 386 2242; x_wconf 75' lang='lat' dir='ltr'><strong>&#39;quos</strong></span> <span class='ocrx_word' id='word_1_254' title='bbox 411 2196 545 2242; x_wconf 86' lang='lat' dir='ltr'><strong>postea</strong></span> <span class='ocrx_word' id='word_1_255' title='bbox 567 2191 735 2235; x_wconf 79' lang='lat' dir='ltr'><strong>demum,</strong></span> <span class='ocrx_word' id='word_1_256' title='bbox 771 2205 858 2230; x_wconf 88' lang='lat' dir='ltr'><strong>cum</strong></span> <span class='ocrx_word' id='word_1_257' title='bbox 881 2204 948 2231; x_wconf 88' lang='lat' dir='ltr'><strong>eos</strong></span> <span class='ocrx_word' id='word_1_258' title='bbox 973 2190 1175 2245; x_wconf 89' lang='lat' dir='ltr'><strong>Coponius</strong></span> <span class='ocrx_word' id='word_1_259' title='bbox 1198 2192 1350 2232; x_wconf 89' lang='lat' dir='ltr'><strong>leniore</strong></span> <span class='ocrx_word' id='word_1_260' title='bbox 1382 2200 1502 2234; x_wconf 88' lang='lat' dir='ltr'><strong>uento</strong></span> <span class='ocrx_word' id='word_1_261' title='bbox 1534 2208 1659 2249; x_wconf 88' lang='lat' dir='ltr'><strong>paene</strong></span> 
     </span>
     <span class='ocr_line' id='line_1_31' title="bbox 163 2258 1659 2316; baseline 0.004 -19"><span class='ocrx_word' id='word_1_262' title='bbox 163 2265 369 2299; x_wconf 86' lang='lat' dir='ltr'><strong>assecutus</strong></span> <span class='ocrx_word' id='word_1_263' title='bbox 393 2265 524 2307; x_wconf 85' lang='lat' dir='ltr'><strong>esset,</strong></span> <span class='ocrx_word' id='word_1_264' title='bbox 560 2258 597 2298; x_wconf 92' lang='lat' dir='ltr'><strong>id</strong></span> <span class='ocrx_word' id='word_1_265' title='bbox 631 2258 812 2312; x_wconf 90' lang='lat' dir='ltr'><strong>oppidum</strong></span> <span class='ocrx_word' id='word_1_266' title='bbox 836 2266 955 2298; x_wconf 88' lang='lat' dir='ltr'><strong>uento</strong></span> <span class='ocrx_word' id='word_1_267' title='bbox 978 2273 1116 2299; x_wconf 89' lang='lat' dir='ltr'><strong>rursus</strong></span> <span class='ocrx_word' id='word_1_268' title='bbox 1138 2260 1458 2301; x_wconf 82' lang='lat' dir='ltr'><strong>increbrescente</strong></span> <span class='ocrx_word' id='word_1_269' title='bbox 1480 2270 1659 2316; x_wconf 88' lang='lat' dir='ltr'><strong>praeter-</strong></span> 
     </span>
     <span class='ocr_line' id='line_1_32' title="bbox 164 2326 1662 2384; baseline 0.004 -19"><span class='ocrx_word' id='word_1_270' title='bbox 164 2333 300 2366; x_wconf 91' lang='lat' dir='ltr'><strong>uectos</strong></span> <span class='ocrx_word' id='word_1_271' title='bbox 332 2338 420 2366; x_wconf 91' lang='lat' dir='ltr'><strong>esse</strong></span> <span class='ocrx_word' id='word_1_272' title='bbox 455 2326 701 2375; x_wconf 80' lang='lat' dir='ltr'><strong>declaretur,</strong></span> <span class='ocrx_word' id='word_1_273' title='bbox 746 2326 805 2366; x_wconf 93' lang='lat' dir='ltr'><strong>his</strong></span> <span class='ocrx_word' id='word_1_274' title='bbox 838 2327 884 2367; x_wconf 91' lang='lat' dir='ltr'><strong>de</strong></span> <span class='ocrx_word' id='word_1_275' title='bbox 917 2328 1047 2367; x_wconf 87' lang='lat' dir='ltr'><strong>causis</strong></span> <span class='ocrx_word' id='word_1_276' title='bbox 1077 2327 1350 2384; x_wconf 85' lang='lat' dir='ltr'><strong>Elberlingius</strong></span> <span class='ocrx_word' id='word_1_277' title='bbox 1380 2337 1490 2370; x_wconf 84' lang='lat' dir='ltr'><strong>recte</strong></span> <span class='ocrx_word' id='word_1_278' title='bbox 1522 2331 1662 2371; x_wconf 87' lang='lat' dir='ltr'><strong>statuit</strong></span> 
     </span>
     <span class='ocr_line' id='line_1_33' title="bbox 164 2391 1661 2451; baseline 0.005 -19"><span class='ocrx_word' id='word_1_279' title='bbox 164 2391 453 2446; x_wconf 85' lang='lat' dir='ltr'><strong>Dyrrhachium</strong></span> <span class='ocrx_word' id='word_1_280' title='bbox 476 2394 755 2447; x_wconf 88' lang='lat' dir='ltr'><strong>interpolatum</strong></span> <span class='ocrx_word' id='word_1_281' title='bbox 778 2408 867 2435; x_wconf 87' lang='lat' dir='ltr'><strong>esse</strong></span> <span class='ocrx_word' id='word_1_282' title='bbox 890 2408 942 2435; x_wconf 83' lang='lat' dir='ltr'><strong>ex</strong></span> <span class='ocrx_word' id='word_1_283' title='bbox 964 2395 1097 2436; x_wconf 89' lang='lat' dir='ltr'><strong>uerbis</strong></span> <span class='ocrx_word' id='word_1_284' title='bbox 1121 2410 1156 2436; x_wconf 85' lang='lat' dir='ltr'><strong>e.</strong></span> <span class='ocrx_word' id='word_1_285' title='bbox 1182 2396 1258 2446; x_wconf 87' lang='grc'><strong>30,</strong></span> <span class='ocrx_word' id='word_1_286' title='bbox 1295 2396 1315 2436; x_wconf 90' lang='grc'><strong>1</strong></span> <span class='ocrx_word' id='word_1_287' title='bbox 1343 2402 1661 2451; x_wconf 83' lang='lat' dir='ltr'><strong>‘praeteruectas</strong></span> 
     </span>
     <span class='ocr_line' id='line_1_34' title="bbox 165 2459 1660 2518; baseline 0.005 -19"><span class='ocrx_word' id='word_1_288' title='bbox 165 2459 412 2513; x_wconf 86' lang='lat' dir='ltr'><strong>Apolloniam</strong></span> <span class='ocrx_word' id='word_1_289' title='bbox 446 2460 817 2516; x_wconf 84' lang='lat' dir='ltr'><strong>Dyrrhachiumque</strong></span> <span class='ocrx_word' id='word_1_290' title='bbox 848 2477 969 2503; x_wconf 90' lang='lat' dir='ltr'><strong>naues</strong></span> <span class='ocrx_word' id='word_1_291' title='bbox 1003 2464 1222 2504; x_wconf 83' lang='lat' dir='ltr'><strong>uiderant’.</strong></span> <span class='ocrx_word' id='word_1_292' title='bbox 1273 2462 1351 2506; x_wconf 91' lang='lat' dir='ltr'><strong>Sed</strong></span> <span class='ocrx_word' id='word_1_293' title='bbox 1385 2467 1486 2518; x_wconf 88' lang='lat' dir='ltr'><strong>quod</strong></span> <span class='ocrx_word' id='word_1_294' title='bbox 1520 2467 1660 2507; x_wconf 87' lang='lat' dir='ltr'><strong>deinde</strong></span> 
     </span>
     <span class='ocr_line' id='line_1_35' title="bbox 165 2527 1657 2587; baseline 0.006 -21"><span class='ocrx_word' id='word_1_295' title='bbox 165 2527 409 2568; x_wconf 89' lang='lat' dir='ltr'><strong>scribendum</strong></span> <span class='ocrx_word' id='word_1_296' title='bbox 442 2529 687 2570; x_wconf 81' lang='lat' dir='ltr'><strong>existimauit</strong></span> <span class='ocrx_word' id='word_1_297' title='bbox 721 2538 730 2555; x_wconf 77' lang='lat'>⁶</span> <span class='ocrx_word' id='word_1_298' title='bbox 746 2538 786 2570; x_wconf 90' lang='lat' dir='ltr'><strong>et</strong></span> <span class='ocrx_word' id='word_1_299' title='bbox 808 2545 893 2571; x_wconf 89' lang='lat' dir='ltr'><strong>cum</strong></span> <span class='ocrx_word' id='word_1_300' title='bbox 917 2532 992 2571; x_wconf 86' lang='lat' dir='ltr'><strong>iam</strong></span> <span class='ocrx_word' id='word_1_301' title='bbox 1018 2533 1146 2572; x_wconf 89' lang='lat' dir='ltr'><strong>nostri</strong></span> <span class='ocrx_word' id='word_1_302' title='bbox 1169 2557 1222 2562; x_wconf 90' lang='lat'>—</span> <span class='ocrx_word' id='word_1_303' title='bbox 1245 2534 1657 2587; x_wconf 79' lang='lat' dir='ltr'><strong>appropinquassent&#39;⁷</strong></span> 
     </span>
     <span class='ocr_line' id='line_1_36' title="bbox 168 2595 1660 2655; baseline 0.007 -22"><span class='ocrx_word' id='word_1_304' title='bbox 168 2595 259 2635; x_wconf 85' lang='lat' dir='ltr'><strong>mihi</strong></span> <span class='ocrx_word' id='word_1_305' title='bbox 279 2596 332 2645; x_wconf 89' lang='lat' dir='ltr'><strong>id,</strong></span> <span class='ocrx_word' id='word_1_306' title='bbox 358 2598 457 2650; x_wconf 85' lang='lat' dir='ltr'><strong>quod</strong></span> <span class='ocrx_word' id='word_1_307' title='bbox 473 2595 729 2638; x_wconf 78' lang='lat' dir='ltr'><strong>Vascosanus</strong></span> <span class='ocrx_word' id='word_1_308' title='bbox 752 2599 879 2652; x_wconf 92' lang='lat' dir='ltr'><strong>posuit</strong></span> <span class='ocrx_word' id='word_1_309' title='bbox 902 2600 1065 2653; x_wconf 85' lang='lat' dir='ltr'><strong>ipseque</strong></span> <span class='ocrx_word' id='word_1_310' title='bbox 1087 2615 1207 2654; x_wconf 89' lang='lat' dir='ltr'><strong>supra</strong></span> <span class='ocrx_word' id='word_1_311' title='bbox 1228 2601 1385 2655; x_wconf 85' lang='lat' dir='ltr'><strong>scripsi,</strong></span> <span class='ocrx_word' id='word_1_312' title='bbox 1410 2603 1660 2643; x_wconf 91' lang='lat' dir='ltr'><strong>retinendum</strong></span> 
     </span>
     <span class='ocr_line' id='line_1_37' title="bbox 168 2661 1661 2723; baseline 0.007 -22"><span class='ocrx_word' id='word_1_313' title='bbox 168 2661 335 2712; x_wconf 81' lang='lat' dir='ltr'><strong>uidetur,</strong></span> <span class='ocrx_word' id='word_1_314' title='bbox 369 2664 459 2704; x_wconf 85' lang='lat' dir='ltr'><strong>licet</strong></span> <span class='ocrx_word' id='word_1_315' title='bbox 480 2666 520 2705; x_wconf 92' lang='lat' dir='ltr'><strong>in</strong></span> <span class='ocrx_word' id='word_1_316' title='bbox 543 2666 720 2706; x_wconf 90' lang='lat' dir='ltr'><strong>omnibus</strong></span> <span class='ocrx_word' id='word_1_317' title='bbox 744 2667 855 2707; x_wconf 89' lang='lat' dir='ltr'><strong>codd.</strong></span> <span class='ocrx_word' id='word_1_318' title='bbox 883 2667 1037 2722; x_wconf 84' lang='lat' dir='ltr'><strong>legatur</strong></span> <span class='ocrx_word' id='word_1_319' title='bbox 1061 2669 1485 2723; x_wconf 79' lang='lat' dir='ltr'><strong>‘appropinquassent&#39;,</strong></span> <span class='ocrx_word' id='word_1_320' title='bbox 1512 2678 1550 2711; x_wconf 90' lang='lat' dir='ltr'><strong>et</strong></span> <span class='ocrx_word' id='word_1_321' title='bbox 1576 2676 1661 2711; x_wconf 84' lang='lat' dir='ltr'><strong>‘no-</strong></span> 
     </span>
     <span class='ocr_line' id='line_1_38' title="bbox 169 2729 1661 2791; baseline 0.008 -24"><span class='ocrx_word' id='word_1_322' title='bbox 169 2729 275 2768; x_wconf 78' lang='lat' dir='ltr'><strong>stris&#39;</strong></span> <span class='ocrx_word' id='word_1_323' title='bbox 298 2730 335 2769; x_wconf 91' lang='lat' dir='ltr'><strong>in</strong></span> <span class='ocrx_word' id='word_1_324' title='bbox 360 2731 497 2773; x_wconf 87' lang='lat' dir='ltr'><strong>Cuiac.</strong></span> <span class='ocrx_word' id='word_1_325' title='bbox 523 2741 674 2774; x_wconf 90' lang='lat' dir='ltr'><strong>tantum</strong></span> <span class='ocrx_word' id='word_1_326' title='bbox 697 2735 926 2788; x_wconf 88' lang='lat' dir='ltr'><strong>duobusque</strong></span> <span class='ocrx_word' id='word_1_327' title='bbox 949 2736 1227 2777; x_wconf 88' lang='lat' dir='ltr'><strong>deterioribus.</strong></span> <span class='ocrx_word' id='word_1_328' title='bbox 1273 2736 1388 2791; x_wconf 81' lang='lat' dir='ltr'><strong>Quod</strong></span> <span class='ocrx_word' id='word_1_329' title='bbox 1421 2746 1551 2778; x_wconf 88' lang='lat' dir='ltr'><strong>autem</strong></span> <span class='ocrx_word' id='word_1_330' title='bbox 1581 2737 1661 2779; x_wconf 90' lang='lat' dir='ltr'><strong>Ou-</strong></span> 
     </span>
     <span class='ocr_line' id='line_1_39' title="bbox 169 2796 1661 2856; baseline 0.008 -22"><span class='ocrx_word' id='word_1_331' title='bbox 169 2796 401 2850; x_wconf 87' lang='lat' dir='ltr'><strong>dendorpius</strong></span> <span class='ocrx_word' id='word_1_332' title='bbox 436 2802 610 2842; x_wconf 79' lang='lat' dir='ltr'><strong>‘nostris&#39;</strong></span> <span class='ocrx_word' id='word_1_333' title='bbox 644 2809 683 2842; x_wconf 90' lang='lat' dir='ltr'><strong>et</strong></span> <span class='ocrx_word' id='word_1_334' title='bbox 707 2803 1115 2856; x_wconf 80' lang='lat' dir='ltr'><strong>‘appropinquassent&#39;</strong></span> <span class='ocrx_word' id='word_1_335' title='bbox 1139 2806 1258 2845; x_wconf 87' lang='lat' dir='ltr'><strong>edidit</strong></span> <span class='ocrx_word' id='word_1_336' title='bbox 1280 2813 1319 2846; x_wconf 89' lang='lat' dir='ltr'><strong>et</strong></span> <span class='ocrx_word' id='word_1_337' title='bbox 1342 2807 1414 2846; x_wconf 92' lang='lat' dir='ltr'><strong>hoc</strong></span> <span class='ocrx_word' id='word_1_338' title='bbox 1437 2807 1483 2846; x_wconf 84' lang='lat' dir='ltr'><strong>ad</strong></span> <span class='ocrx_word' id='word_1_339' title='bbox 1510 2808 1661 2845; x_wconf 74' lang='lat' dir='ltr'><strong>‘naues&#39;</strong></span> 
     </span>
     <span class='ocr_line' id='line_1_40' title="bbox 168 2863 1661 2925; baseline 0.008 -24"><span class='ocrx_word' id='word_1_340' title='bbox 168 2863 317 2914; x_wconf 85' lang='lat' dir='ltr'><strong>retulit,</strong></span> <span class='ocrx_word' id='word_1_341' title='bbox 342 2879 388 2905; x_wconf 88' lang='lat' dir='ltr'><strong>ea</strong></span> <span class='ocrx_word' id='word_1_342' title='bbox 409 2868 599 2909; x_wconf 87' lang='lat' dir='ltr'><strong>orationis</strong></span> <span class='ocrx_word' id='word_1_343' title='bbox 624 2870 747 2910; x_wconf 89' lang='lat' dir='ltr'><strong>forma</strong></span> <span class='ocrx_word' id='word_1_344' title='bbox 771 2871 885 2912; x_wconf 86' lang='lat' dir='ltr'><strong>nimis</strong></span> <span class='ocrx_word' id='word_1_345' title='bbox 909 2871 1091 2925; x_wconf 87' lang='lat' dir='ltr'><strong>impedita</strong></span> <span class='ocrx_word' id='word_1_346' title='bbox 1106 2880 1182 2913; x_wconf 88' lang='lat' dir='ltr'><strong>est.</strong></span> <span class='ocrx_word' id='word_1_347' title='bbox 1219 2870 1453 2914; x_wconf 86' lang='lat' dir='ltr'><strong>Caesariani</strong></span> <span class='ocrx_word' id='word_1_348' title='bbox 1473 2886 1569 2913; x_wconf 87' lang='lat' dir='ltr'><strong>uero</strong></span> <span class='ocrx_word' id='word_1_349' title='bbox 1585 2888 1661 2913; x_wconf 92' lang='lat' dir='ltr'><strong>non</strong></span> 
     </span>
    </p>
   </div>
  </div>
 </body>
</html>
