1835 3240
100 926 137 957 10

102 1264 139 1296 15

102 1604 144 1635 ‘20

103 1943 144 1975 25

585 193 767 236 COMM.
793 193 850 234 111
872 192 996 234 CAP.
1023 192 1073 233 32
1090 219 1142 222 -
1159 192 1226 232 35.
1643 193 1720 234 581

163 312 203 351 in
225 308 339 364 Syria
364 309 554 357 fecerant,
580 309 823 361 insequentis
847 307 936 348 anni
961 306 1130 360 uectigal
1155 311 1416 358 promutuum.
1462 305 1644 346 Praeter·
1661 306 1720 350 33

165 391 209 418 ea
232 375 378 430 Ephesi
412 390 433 415 a
458 377 546 415 sano
571 375 721 416 Dianae
745 376 940 429 depositas
963 374 1177 427 antiquitus
1201 372 1386 425 pecunias
1411 371 1542 426 Scipio
1566 376 1649 414 tolli

164 445 332 484 iubebat.
379 442 576 497 Certaque
608 445 691 484 eius
721 444 778 482 rei
812 444 871 482 die
903 442 1118 482 constituta
1152 455 1236 480 eum
1270 441 1306 479 in
1341 440 1468 479 fanum
1495 449 1649 480 uentum

167 519 273 552 esset
304 512 485 552 adhibitis
518 512 779 565 compluribus
813 510 1000 550 senatorii
1035 509 1206 556 ordinis,
1252 521 1347 561 quos
1389 508 1653 547 aduocauerat

170 577 320 632 Scipio,
346 581 503 620 litterae
517 581 550 620 ei
575 580 791 619 redduntur
813 577 1051 630 aPompeio,
1078 590 1184 616 mare
1209 575 1399 615 transisse
1423 590 1507 615 curn
1531 575 1653 629 legio-

168 647 280 687 nibus
305 644 544 688 Caesarem:
581 653 812 700 properaret
843 646 888 685 ad
914 659 955 685 se
979 660 1063 685 cum
1088 644 1267 684 exercitu
1291 644 1425 683 uenire
1449 643 1654 695 omniaque

170 716 328 770 post[ea
352 715 652 769 quaeJhaberet.
717 713 789 753 His
822 714 964 753 litteris
999 712 1170 765 acceptis
1193 725 1288 764 quos
1312 712 1576 751 aduocauerat
1598 711 1652 749 di-
1674 709 1702 749 2

169 784 312 833 mittit3
348 783 428 837 ipse
451 783 527 822 iter
548 783 585 821 in
612 780 883 822 Macedoniam
909 794 1045 834 parare
1070 779 1205 832 incipit
1228 780 1439 833 paucisque
1464 785 1551 833 post
1573 778 1654 819 die-

172 851 244 891 bus
268 857 328 890 est
351 852 564 904 profectus.
610 848 721 889 Haec
744 863 807 889 res
829 848 1027 902 Ephesiae
1053 847 1241 901 pecuniae
1263 848 1425 887 salutem
1449 847 1594 887 attulit.

284 916 438 959 Caesar
468 917 618 957 Antoni
652 917 832 957 exercitu
875 916 1082 955 coniuncto
1115 914 1279 954 deducta
1313 913 1434 955 Orico
1476 915 1645 968 legione,
1672 913 1731 957 34

171 1000 283 1039 quam
316 986 485 1026 tuendae
516 999 610 1025 orae
642 986 876 1025 maritumae
908 997 1025 1023 eausa
1059 989 1270 1037 posuerat,
1307 983 1551 1036 temptandas
1583 982 1656 1022 sibi

171 1054 395 1107 prouincias
425 1053 656 1107 longiusque
685 1052 972 1106 procedendum
998 1050 1253 1091 existimabat
1275 1057 1336 1097 et,
1372 1065 1457 1090 eum
1491 1051 1535 1089 ad
1569 1064 1655 1089 eum
1678 1049 1705 1088 2

172 1135 221 1161 ex
244 1120 453 1161 Thessalia
478 1120 713 1174 Aetoliaque
735 1120 854 1173 legati
881 1118 1097 1167 uenissent,
1128 1118 1189 1170 qui
1214 1118 1411 1171 praesidio
1434 1118 1554 1157 misso
1577 1118 1659 1170 pol-

174 1189 390 1228 licerentur
412 1203 544 1229 earum
569 1189 744 1242 gentium
769 1188 950 1228 ciuitates
974 1187 1163 1240 imperata
1187 1187 1376 1235 facturas,
1401 1185 1451 1224 L.
1474 1183 1658 1225 Cassium

172 1255 396 1310 Longinum
421 1271 506 1296 eum
530 1257 684 1309 legione
708 1257 904 1305 tironum,
940 1270 1038 1308 qnae
1062 1255 1330 1308 appellabatur
1351 1259 1477 1293 XXVI!
1496 1285 1505 1302 ,
1542 1261 1659 1305 atque

176 1324 369 1377 equitibus
393 1332 444 1364 CC
467 1325 506 1363 in
529 1323 776 1364 Thessaliam
795 1355 804 1372 ,
830 1320 878 1363 C.
906 1320 1125 1363 Caluisium
1151 1320 1338 1363 Sabinum
1371 1336 1454 1361 enm
1489 1321 1661 1360 cohorti-

174 1392 245 1432 bus
267 1399 297 1431 V
319 1393 532 1445 paucisque
564 1391 758 1448 equitibus
788 1391 827 1430 iu
852 1391 1048 1431 Aetoliam
1074 1391 1202 1440 misit,
1238 1390 1408 1429 maxime
1432 1403 1523 1437 eos,
1559 1390 1661 1441 quod

176 1467 288 1500 erant
311 1460 549 1516 propinquae
572 1460 772 1514 regiones,
801 1460 845 1499 de
868 1473 910 1499 re
934 1458 1189 1498 frumentaria
1215 1465 1257 1497 ut
1279 1457 1546 1511 prouidereut,
1572 1457 1662 1496 hor-

176 1535 278 1568 tatus
302 1535 375 1568 est.
420 1526 497 1568 Cn.
523 1527 737 1567 Domitium
762 1525 970 1567 Caluinum
996 1541 1080 1566 eum
1104 1526 1325 1580 legionibus
1349 1525 1495 1564 duabus
1513 1556 1522 1573 ,
1554 1531 1603 1564 XI
1625 1531 1663 1564 et
1687 1524 1710 1564 3

176 1603 254 1645 XII,
281 1603 319 1635 et
342 1596 536 1648 equitibus
559 1604 585 1635 D
607 1596 646 1636 in
671 1595 948 1636 Macedoniam
974 1595 1167 1648 proiit-isei
1191 1594 1332 1644 iussitg
1370 1594 1480 1633 euius
1503 1593 1661 1647 prouin-
1684 1593 1709 1632 4

175 1664 258 1703 eiae
282 1663 327 1703 ab
351 1678 393 1703 ea
419 1671 552 1717 parte,
587 1678 685 1717 quae
708 1664 827 1704 libera
853 1663 1122 1717 appellabatur
1139 1693 1148 1711 ,
1174 1661 1431 1702 Menedemus
1448 1693 1457 1709 ,
1483 1661 1665 1715 princeps

175 1746 308 1771 earum
332 1732 534 1786 regionum
552 1763 561 1781 ,
596 1733 740 1772 missus
762 1731 915 1784 legatus
939 1731 1108 1770 omnium
1134 1744 1292 1769 suorum
1318 1729 1520 1769 excellens
1543 1730 1665 1768 studi-

178 1815 240 1840 um
264 1800 534 1854 profitebatur.
580 1798 647 1839 Ex
670 1800 729 1839 his
753 1796 954 1839 Caluisius
977 1799 1101 1852 primo
1125 1799 1296 1838 aduentu
1320 1811 1470 1836 summa
1494 1797 1662 1836 omnium
1685 1796 1741 1840 35

179 1868 410 1908 Aetolorum
426 1875 608 1921 receptus
632 1868 835 1907 uoluntate
859 1867 1103 1921 apraesidiis
1127 1862 1667 1919 aduersariorumCalydone

178 1944 217 1975 et
238 1935 448 1989 Naupacto
483 1935 632 1975 relictis
668 1936 769 1975 omni
805 1935 963 1975 Aetolia
995 1934 1141 1988 potitus
1167 1941 1242 1974 est.
1288 1930 1454 1973 Cassius
1479 1933 1517 1972 iu
1540 1931 1667 1971 Thes-
1690 1932 1717 1971 2

180 2003 314 2043 saliam
340 2018 424 2043 eum
448 2003 605 2056 legione
628 2003 824 2056 peruenit.
869 2003 944 2043 Hic
968 2017 1052 2042 eum
1077 2010 1211 2043 esseut
1234 2002 1426 2041 factiones
1451 2002 1548 2040 duae
1565 2031 1574 2047 ,
1602 2015 1669 2040 ua-

180 2072 241 2111 ria
265 2072 467 2111 uoluntate
491 2071 692 2111 ciuitatum
719 2071 922 2111 utebatur:
961 2070 1254 2124 Hegesaretos,
1294 2070 1441 2109 ueteris
1466 2069 1578 2107 homo
1603 2082 1668 2121 po-

182 2139 343 2187 tentiae,
368 2137 618 2193 Pompeianis
642 2140 758 2179 rebus
783 2140 989 2189 studebat,
1014 2137 1232 2188 Petraeus,
1258 2151 1431 2177 summae
1455 2136 1670 2176 nobilitatis

326 2255 340 2286 1
364 2254 394 2285 in
415 2253 516 2297 Syria
535 2254 747 2295 Stephanus,
771 2255 802 2285 in
823 2260 915 2286 sorte
934 2254 1035 2285 codd.
1199 2254 1220 2287 2
1240 2253 1314 2285 tolli
1332 2271 1376 2275 -—
1394 2252 1448 2294 (5)
1469 2251 1581 2293 Scipio
1602 2261 1672 2283 om.

182 2317 214 2337 (1.
357 2305 375 2336 3
395 2310 558 2345 certaque
578 2305 650 2335 eius
671 2306 718 2335 rei
739 2306 791 2336 die
810 2305 998 2337 constituta
1018 2304 1183 2343 l·‘'·›·sc'7111s‚
1206 2309 1391 2345 ceteraque
1411 2304 1485 2334 eius
1504 2302 1574 2334 diei
1597 2313 1676 2333 eou-

185 2359 306 2389 stituta
326 2357 413 2398 d(1'.s·
432 2356 658 2397 ceterasque)
678 2356 754 2387 eod.
777 2356 858 2388 Vrs.
881 2358 899 2388 4
919 2357 1031 2388 cleta.-
1056 2357 1111 2386 ‘J'Jz
1132 2357 1149 2387 b
1168 2356 1253 2386 liaeo
1282 2366 1348 2387 uon
1377 2355 1491 2396 θέμις’
1513 2354 1676 2395 (mideltu-

184 2412 302 2439 antem
321 2408 441 2439 eadem.
454 2410 618 2439 omillere
633 2412 738 2449 atque
751 2410 800 2444 a).
944 2408 960 2440 7
977 2418 1014 2438 ea
1031 2417 1116 2448 qnae
1135 2417 1155 2438 α
1168 2408 1184 2437 b
1198 2418 1214 2437 c·
1225 2419 1235 2438 .·
1256 2407 1389 2437 delenit
1403 2407 1530 2438 Aldus.

185 2460 206 2491 8
225 2461 354 2503 incipit]
375 2461 516 2492 dimittit
534 2464 616 2491 ante
636 2471 728 2492 eurr.
750 2471 782 2491 (ι.
952 2460 991 2492 10
1010 2460 1135 2490 Antoni
1155 2470 1189 2490 α.
1370 2458 1473 2498 Origo
1496 2469 1530 2488 a.

191 2512 225 2543 ‘ll
248 2513 448 2545 maritumae
468 2524 501 2544 α.
669 2514 852 2544 tentandas
872 2513 923 2553 (a)
937 2516 952 2544 Υ
1115 2513 1154 2545 13
1175 2512 1338 2544 Thesalia
1362 2522 1396 2543 a.
1542 2512 1580 2543 lsi
1597 2522 1677 2550 gen-

190 2564 285 2606 tium]
308 2566 476 2605 regionum
499 2566 529 2597 b.
701 2566 737 2597 15
758 2570 912 2607 tyronum
934 2575 966 2595 a.
1138 2565 1175 2596 16
1197 2565 1227 2595 iu
1248 2564 1465 2595 Thessaliam
1487 2563 1600 2594 Aldus
1615 2575 1625 2601 ,-
1646 2563 1675 2592 iu

193 2615 374 2648 Thesalum
394 2617 441 2648 ire
462 2628 492 2657 τι,
515 2618 546 2648 in
569 2617 787 2648 Thessaliam
809 2617 857 2648 ire
879 2628 914 2656 r·,·
936 2627 1004 2647 om.
1028 2617 1058 2646 1».
1293 2616 1335 2648 20
1356 2620 1389 2646 et
1409 2626 1477 2645 om.
1502 2615 1531 2644 Ι).

192 2667 295 2698 iussit
312 2677 331 2697 α
351 2667 369 2699 7
389 2668 491 2707 dett„
515 2669 607 2700 iubet
626 2680 660 2700 u.
909 2669 950 2702 24
971 2678 988 2698 a
1010 2668 1191 2710 praesidiis
1211 2679 1287 2709 ego,
1310 2667 1491 2709 praesidiis
1512 2666 1611 2696 eadd.
1632 2665 1671 2695 P.

198 2718 271 2750 1138.
433 2718 596 2750 Calidone
615 2730 647 2750 α.
815 2722 855 2751 25
878 2719 1008 2750 relictis
1030 2718 1146 2757 codd„
1169 2719 1308 2750 reiectis
1329 2729 1363 2749 u.
1551 2716 1676 2746 Aetho-

197 2770 238 2799 lia
258 2779 292 2799 a.
475 2768 653 2800 Thessalia
675 2771 706 2802 b.
894 2770 933 2802 :27
955 2770 1200 2811 ciuitaciuins.
1389 2768 1616 2804 Hegesaretos
1635 2777 1667 2800 a,

196 2819 463 2859 ‘llaegesaretos
483 2819 541 2849 uel
561 2819 789 2859 Haegesartos
810 2821 866 2851 nel
884 2820 1009 2858 Hages.
1031 2831 1113 2851 mss.
1128 2833 1137 2851 .·
1165 2829 1231 2860 per*
1256 2829 1292 2849 os
1319 2830 1398 2849 mss:
1428 2817 1556 2847 ‹illimes-⁷
1574 2827 1675 2857 prae<

197 2874 374 2901 seruitum
395 2870 466 2900 det.
609 2872 652 2903 *28
673 2871 833 2903 l'etraeus
856 2872 902 2902 M.
925 2872 1116 2912 llanplt'as,
1138 2871 1294 2903 Petreius
1316 2870 1416 2902 codd.
1440 2870 1476 2901 Ι).
1501 2870 1572 2900 208.
