1835 3240
710 176 1104 218 —74—

165 295 242 329 rat.
305 286 383 341 Qui
412 296 544 330 tamen
581 289 682 342 quod
703 289 934 331 existimare
955 290 1136 341 uidetur,
1170 290 1397 345 imperfecta
1421 292 1472 331 ita
1497 299 1645 332 tantum

166 356 322 410 probari
344 371 477 410 posse,
502 358 534 398 si
558 358 645 398 finis
668 357 950 405 declararetur,
976 358 1110 397 eodem
1134 359 1247 398 modo
1271 366 1385 412 atque
1409 360 1470 399 hic
1493 359 1527 399 id
1553 367 1647 399 tem-

165 438 236 478 pus
260 425 428 478 positum
452 432 512 465 est
534 440 555 465 a
571 423 767 465 Cicerone
789 425 836 464 ad
859 423 970 463 Fam.
994 421 1028 472 l,
1053 423 1094 474 8,
1121 424 1173 463 10
1198 425 1278 477 ‘qui
1301 428 1384 478 plus
1408 427 1560 480 opibus,
1585 443 1648 468 ar-

165 492 238 532 mis
255 522 265 541 ,
301 492 474 545 potentia
505 493 659 540 ualent,
692 492 904 544 profecisse
934 497 1082 530 tantum
1105 492 1196 530 mihi
1220 492 1402 532 uidentur
1423 494 1588 533 stultitia
1612 502 1648 535 et

164 560 431 600 inconstantia
452 560 795 607 aduersariorum,
830 565 872 597 ut
907 559 1021 597 etiam
1053 559 1288 598 auctoritate
1320 560 1395 598 ian]
1428 561 1513 613 plus
1543 563 1650 602 ualc-

164 628 281 668 rent'.
325 626 455 681 Ipsum
479 627 631 666 dicendi
655 639 778 680 genus
801 625 1045 664 notissimum
1070 632 1145 665 est.

281 693 330 735 C.
356 695 396 744 3,
422 694 446 734 3
470 695 564 734 haec
588 701 648 734 est
670 693 777 733 codd.
801 692 1022 745 scriptura:
1057 692 1135 732 ‘Ad
1157 692 1321 732 alteram
1345 700 1491 746 partem
1515 709 1651 735 succe-

168 763 264 802 dunt
286 761 403 811 Vbii,
430 775 593 813 quornm
619 760 694 800 suit
715 760 853 799 ciuitas
877 760 1002 812 ampla
1025 767 1142 813 atque
1165 760 1333 809 florens,
1369 768 1411 800 ut
1433 769 1493 801 cst
1513 769 1650 816 captus

169 827 458 869 Germanorum
476 859 485 877 ,
519 835 558 867 et
589 827 702 880 paulo
727 841 837 879 quam
861 833 954 866 sunt
975 828 1147 867 eiusdem
1171 829 1330 880 generis
1354 835 1392 868 et
1414 830 1558 870 ceteris
1582 831 1651 870 hu-

166 897 390 944 maniores,
423 903 630 949 propterea
662 895 763 947 quod
795 893 977 933 Rhenum
1011 896 1221 950 attingunt,
1247 896 1485 948 multumque
1507 898 1553 937 ad
1577 912 1644 937 eos

166 970 406 1003 mercatores
429 963 644 1011 uentitant,
679 969 714 1002 et
737 962 808 1015 ipsi
833 969 991 1015 propter
1011 963 1337 1016 propinquitatem
1361 965 1459 1016 qnod
1484 963 1647 1005 Gallicis

167 1038 259 1071 sunt
279 1031 452 1070 moribus
475 1030 717 1070 adsuefacti'.
763 1029 837 1069 Hic
860 1030 980 1070 uerba
1005 1035 1059 1070 ‘et
1080 1031 1208 1084 paulo'
1232 1037 1324 1070 cett.
1347 1028 1650 1086 Oudendorpius

165 1099 219 1139 ita
242 1098 463 1138 enarrauitz
499 1104 508 1122 ‘
525 1104 564 1137 et
586 1098 699 1151 paulo
723 1098 973 1138 humaniores
988 1129 998 1147 ,
1030 1112 1143 1151 quam
1166 1106 1258 1138 sunt
1279 1099 1455 1139 homines
1478 1100 1650 1139 eiusdem

165 1167 324 1221 generis
341 1198 350 1215 ,
386 1172 424 1206 et
446 1165 698 1205 humaniores
722 1166 896 1206 ceteris'.
959 1164 1084 1217 Quam
1109 1166 1344 1206 sententiam
1368 1166 1538 1220 ineptam
1563 1180 1651 1206 esse

167 1232 432 1274 Schneiderus
456 1233 575 1281 uidit,
610 1248 696 1272 cnm
727 1240 766 1273 et
797 1233 970 1273 eiusdem
994 1234 1152 1288 generis
1176 1234 1353 1274 homines
1377 1242 1415 1274 et
1438 1234 1558 1274 ceteri
1583 1249 1651 1275 ne-

167 1301 340 1342 cessario
371 1302 529 1354 utrique
553 1300 743 1341 Germani
772 1300 1028 1355 intellegendi
1061 1309 1209 1341 essent.
1272 1300 1362 1354 Ipse
1385 1300 1651 1342 Schneiderus

165 1383 285 1409 unum
308 1369 478 1408 codicem
503 1376 680 1419 secutus,
705 1368 821 1409 Leid.
847 1383 925 1423 pr.,
950 1370 1003 1408 ita
1028 1369 1167 1409 edidit:
1197 1375 1250 1408 ‘et
1272 1369 1399 1422 paulo,
1426 1383 1538 1422 qnam
1561 1376 1653 1409 sunt

166 1437 337 1477 eiusdem
361 1438 534 1490 generis,
560 1445 652 1477 sunt
675 1437 818 1477 ceteris
842 1437 1123 1486 humaniores}
1149 1436 1329 1489 superius
1352 1444 1481 1476 autem
1515 1438 1652 1476 ‘suut'

166 1505 388 1558 significare
410 1505 464 1544 ait
495 1510 608 1545 ‘esse
631 1504 796 1545 solent'.
840 1503 882 1544 Id
905 1518 1002 1544 uero
1027 1504 1109 1544 lieri
1132 1504 1238 1543 nullo
1261 1505 1374 1544 modo
1397 1511 1549 1557 potest:
1586 1517 1654 1544 ne-

168 1586 242 1625 que
264 1572 456 1626 singulari
479 1572 582 1612 illius
606 1572 750 1611 codicis
773 1572 991 1624 scripturae
1014 1572 1198 1611 maiorem
1229 1571 1502 1611 auctoritatem
1538 1586 1652 1624 quam

167 1640 422 1680 coniecturae
454 1640 698 1679 tribuendam
733 1652 818 1678 esse
849 1645 1023 1691 apparet.
1067 1637 1162 1678 Non
1196 1637 1454 1690 probabiliora
1487 1638 1533 1677 ab
1566 1638 1652 1677 aliis

166 1707 364 1761 proposita
385 1713 492 1745 sunt.
545 1705 659 1747 Vnus
695 1705 774 1746 Th.
800 1704 1032 1754 Bentleius,
1066 1712 1105 1745 et
1134 1712 1221 1757 post
1254 1719 1339 1744 eum
1362 1704 1649 1757 Elbmlingius,

165 1781 314 1814 rectam
337 1774 527 1813 orationis
552 1774 714 1813 sormam
737 1773 879 1821 effecit,
905 1780 948 1812 ut
969 1773 1097 1812 deleto
1119 1780 1283 1825 utroque
1320 1777 1330 1795 ‘
1347 1773 1407 1813 et'
1430 1773 1482 1812 ita
1507 1773 1653 1812 scribe-

167 1848 303 1882 retur:
333 1840 441 1881 ‘Vbii
465 1841 679 1881 succedunt
701 1866 753 1870 -—
775 1841 915 1894 paulo,
948 1855 1062 1894 quam
1093 1848 1184 1880 sunt
1215 1840 1384 1879 eiusdem
1409 1842 1565 1893 generis
1590 1854 1653 1880 ce-

166 1909 265 1957 teri,
302 1908 581 1949 humaniores'.
643 1907 743 1948 Mihi
775 1915 905 1948 tamen
928 1908 1056 1962 potius
1078 1908 1119 1947 in
1142 1908 1242 1947 hunc
1263 1908 1419 1947 modum
1443 1909 1538 1947 hacc
1561 1922 1654 1947 con-

166 1976 364 2016 stituenda
387 1976 472 2016 uisa
494 1983 611 2016 sunt:
651 1981 706 2016 ‘et
727 1976 840 2030 paulo
863 1984 955 2017 sunt
977 1977 1146 2017 eiusdem
1170 1976 1328 2030 generis
1351 1975 1496 2015 ceteris
1519 1976 1654 2015 huma-

166 2044 328 2084 niores'.
384 2043 487 2083 Nam
510 2044 604 2084 haec
626 2045 750 2084 forma
773 2044 964 2085 orationis
987 2051 1025 2084 et
1046 2044 1093 2083 ob
1116 2044 1321 2097 superiora
1344 2043 1464 2082 uerba
1503 2048 1513 2066 ⁴
1531 2050 1572 2082 ut
1593 2050 1654 2081 est

167 2118 302 2165 captus
327 2109 639 2151 Germanorum’
663 2112 866 2165 aptissima
888 2119 949 2152 est
970 2112 1217 2164 (conceditur
1238 2111 1337 2151 enim
1363 2109 1650 2150 Germanorum

166 2179 353 2219 iudicium
377 2179 504 2231 aliqua
528 2193 579 2219 ex
603 2187 711 2233 parte
734 2180 849 2219 etiam
872 2179 1054 2220 Romano
1077 2178 1224 2218 homini
1247 2178 1401 2231 probari
1425 2182 1568 2231 posse)
1593 2183 1647 2226 et,

167 2261 254 2287 cum
277 2247 387 2300 plura
408 2247 612 2286 interiecta
637 2247 731 2295 sint,
757 2248 896 2287 melius
919 2248 1014 2288 haec
1038 2248 1152 2301 plena
1180 2246 1358 2286 oratione
1383 2245 1650 2298 adiunguntur

168 2328 279 2367 quam
303 2328 371 2367 per
388 2314 687 2367 appositionem.
724 2314 905 2368 Denique
929 2317 1040 2370 origo
1062 2314 1378 2368 interpolationis
1402 2313 1474 2352 hac
1497 2312 1652 2352 ratione

168 2382 320 2422 facilius
354 2389 530 2435 apparet.
595 2381 697 2422 Nam
733 2383 923 2436 particula
958 2383 1120 2435 ‘quam'
1153 2389 1312 2436 propter
1344 2380 1651 2434 comparatiuum

170 2450 452 2490 ‘humaniores'
475 2449 624 2489 adiecta
648 2457 722 2499 est,
749 2458 792 2490 ut
812 2449 886 2499 Ill,
911 2449 953 2499 9,
978 2448 1004 2489 (i
1027 2451 1159 2490 eadem
1183 2456 1271 2502 post
1296 2448 1560 2501 ‘plurimum‘3
1587 2446 1653 2485 de-

167 2517 258 2558 inde
282 2532 367 2557 cum
390 2517 516 2556 oratio
540 2516 610 2556 hac
633 2531 676 2557 re
700 2518 851 2557 turbata
876 2525 1006 2566 esset,
1046 2517 1231 2557 ‘ceteris’
1264 2515 1497 2568 interposito
1523 2518 1532 2536 ί
1549 2515 1609 2552 et'
1632 2527 1654 2552 a

169 2584 440 2639 superioribus
463 2585 595 2624 uerbis
618 2591 840 2638 separatum
865 2592 939 2624 est.
980 2583 1123 2637 Neque
1146 2584 1248 2624 enim
1271 2582 1416 2634 antiqui
1441 2581 1590 2620 librarii
1614 2581 1654 2620 in

170 2654 295 2693 forma
316 2652 506 2692 orationis
530 2652 781 2692 resarcienda
805 2653 1041 2692 sententiam
1064 2651 1278 2700 curabant,
1314 2664 1362 2689 ne
1387 2651 1545 2689 sormam
1570 2649 1654 2702 qui-

171 2723 256 2762 dem
281 2722 380 2761 ultra
404 2719 583 2774 proxima
607 2721 742 2760 uerba.
785 2719 840 2759 Et
861 2719 1109 2759 librariorum
1132 2718 1217 2758 siue
1241 2718 1415 2758 fraudem
1438 2717 1522 2756 siue
1545 2730 1654 2756 erro-

171 2803 253 2830 rem
268 2789 330 2829 hic
345 2794 542 2829 uersatum
567 2801 655 2828 esse
669 2788 870 2840 sequentia
887 2787 1066 2841 probant,
1088 2786 1129 2826 in
1150 2786 1290 2840 quibus
1309 2786 1474 2825 alterum
1503 2784 1650 2837 ‘qnod',

174 2857 274 2910 quod
299 2855 654 2911 ‘propinquitatem’
678 2855 872 2909 seqnitur,
897 2854 1172 2909 interpolatum
1195 2869 1284 2895 csse
1306 2867 1439 2894 omnes
1454 2853 1649 2893 uiderunt.
