1835 3240
92 189 175 231 728
609 184 776 227 ssELLl
811 180 1206 224 HISPANIENSIS

170 316 256 342 cum
288 301 445 355 propius
473 300 734 347 accessisset,
768 296 816 336 ab
838 295 1040 348 oppidanis
1063 302 1125 336 est
1152 295 1319 336 occisus.
1361 294 1513 338 Eadem
1536 304 1649 338 nocte

170 370 374 424 transfuga
395 368 592 409 nuntiauit
612 364 838 418 Pompeium
863 370 903 403 et
922 361 1143 403 Labienum
1166 363 1212 403 de
1233 363 1473 417 iugulatione
1494 365 1651 419 oppida-

95 437 149 481 19
173 450 311 477 norum
334 436 557 489 indignatos
580 447 681 474 esse.
723 430 872 485 Vigilia
893 431 1064 471 secunda
1086 437 1247 484 propter
1273 431 1560 473 multitudinem
1594 439 1651 473 te-

169 505 294 544 lorum
318 504 438 543 turris
459 503 605 554 lignea,
631 513 729 553 quae
751 506 887 540 nostra
909 498 1064 548 fuisset,
1088 498 1135 538 ab
1156 498 1232 538 imo
1254 498 1393 538 uitium
1415 499 1509 540 fecit
1528 514 1651 553 usque

121 571 149 612 2
170 572 217 612 ad
249 571 464 611 tabulatum
494 568 708 609 secundum
750 574 789 607 et
819 566 993 607 tertium.
1046 564 1197 606 Eodem
1229 573 1404 619 tempore
1436 580 1505 620 pro
1535 581 1647 608 muro

171 645 393 692 pugnarunt
414 636 604 677 acerrime
627 643 666 675 et
689 635 824 675 turrim
848 642 1020 674 nostram
1044 641 1086 673 ut
1107 634 1351 687 superiorem
1372 634 1650 686 incenderunt,

125 705 149 746 3
170 707 316 746 idcirco
349 705 447 757 quod
480 711 640 745 uentum
675 702 855 757 oppidani
887 703 1102 742 secundum
1135 701 1370 742 habuerunt.
1424 700 1653 758 Insequenti

170 774 256 814 luce
277 772 572 813 materfamilias
595 773 641 812 de
663 785 774 811 muro
797 784 840 811 se
862 770 1019 820 deiecit,
1043 770 1092 810 ad
1114 783 1185 810 nos
1207 769 1392 810 transiliit
1413 770 1590 823 dixitque
1612 783 1655 810 se

171 856 255 881 cum
279 841 422 880 familia
447 840 699 880 constitutum
723 838 931 887 habuisse,
955 844 998 877 ut
1018 852 1094 877 una
1118 838 1412 891 transfugerent
1433 838 1480 877 ad
1504 835 1654 878 Caesa-

122 909 148 948 4
170 923 276 949 rem:
310 909 414 949 illam
439 920 664 961 oppressam
689 914 724 946 et
747 906 978 959 iugulatam.
1025 904 1112 945 Hoc
1143 905 1357 959 praeterito
1388 912 1562 958 tempore
1596 911 1653 945 ta-

169 976 294 1016 bellae
328 976 374 1015 de
404 990 515 1015 muro
547 982 638 1015 sunt
672 974 846 1014 deiectae
863 1004 873 1023 ,
906 973 946 1013 in
969 973 1107 1026 quibus
1131 973 1318 1027 scriptum
1342 979 1403 1012 est
1423 972 1652 1013 inuentum:

172 1042 238 1083 ‘L.
263 1042 467 1084 Munatius
491 1041 673 1084 Caesari.
720 1040 764 1082 Si
795 1041 888 1081 milii
919 1041 1038 1081 uitam
1070 1041 1245 1091 tribues,
1280 1041 1461 1093 quoniam
1495 1039 1541 1079 ab
1573 1037 1651 1080 Cn.

172 1110 357 1165 Pompeio
379 1126 464 1152 sum
487 1112 682 1160 desertus,
708 1109 858 1162 qualem
881 1121 941 1148 me
962 1108 1018 1148 illi
1041 1108 1235 1162 praestiti,
1260 1107 1327 1148 tali
1344 1107 1491 1147 uirtute
1506 1114 1546 1148 et
1562 1121 1656 1147 con-

124 1179 148 1219 5
171 1180 317 1219 stantia
350 1179 557 1233 [futurum]
591 1192 652 1217 me
684 1177 724 1217 in
755 1184 792 1217 te
823 1175 1061 1230 praestabo'.
1105 1174 1255 1216 Eodem
1278 1182 1453 1228 tempore
1476 1174 1657 1227 oppidani

170 1247 306 1301 legati,
331 1247 393 1300 qui
416 1254 533 1286 antea
553 1246 750 1293 exierant,
777 1242 992 1284 Caesarem
1016 1243 1220 1283 adierunt:
1255 1242 1288 1282 si
1310 1241 1384 1282 sibi
1412 1241 1532 1281 uitam
1564 1255 1657 1281 con-

123 1312 150 1354 6
171 1315 343 1364 cederet,
368 1328 457 1354 sese
479 1312 702 1365 insequenti
723 1312 809 1351 luce
832 1310 1013 1365 oppidum
1036 1323 1124 1350 esse
1147 1310 1364 1350 dedituros.
1409 1306 1562 1361 Quibus
1594 1322 1657 1348 re-

171 1381 349 1436 spondit:
385 1395 426 1421 se
450 1378 663 1422 Caesarem
688 1392 776 1419 esse
798 1379 987 1431 fidemque
1010 1384 1316 1432 praestaturum.
1360 1376 1421 1417 Ita
1442 1382 1534 1417 ante
1557 1375 1657 1416 diem

94 1449 152 1493 20
169 1456 218 1490 ΧΙ
235 1447 325 1490 Hal.
341 1447 466 1489 Mart.
492 1448 630 1502 oppido
653 1447 798 1501 potitus
821 1447 1035 1500 imperator
1056 1453 1118 1486 est
1138 1445 1369 1500 appellatus.
1405 1442 1519 1496 Quod
1541 1442 1658 1484 Pom-

171 1517 282 1571 peius
305 1531 357 1558 ex
380 1517 555 1571 perfugis
577 1530 662 1556 cum
685 1514 923 1555 deditionem
940 1513 1068 1568 oppidi
1086 1515 1229 1554 factam
1243 1526 1332 1554 esse
1345 1512 1501 1560 scisset,
1526 1518 1659 1552 castra

170 1585 294 1626 mouit
315 1584 483 1626 chbim
508 1597 647 1624 uersus
670 1590 709 1623 et
731 1583 875 1622 circum
900 1596 943 1622 ea
968 1582 1053 1622 loca
1075 1582 1236 1622 castella
1258 1580 1451 1635 disposuit
1473 1586 1512 1620 et
1533 1579 1659 1620 muni-

173 1652 345 1694 tionibus
368 1667 410 1693 se
433 1652 638 1693 continere
661 1650 801 1705 coepit.
829 1647 982 1690 Caesar
999 1650 1122 1690 mouit
1139 1657 1178 1690 et
1195 1648 1354 1703 propius
1373 1654 1502 1688 castra
1516 1647 1658 1689 castris

125 1720 152 1761 2
173 1721 354 1762 contulit.
399 1719 550 1761 Eodem
582 1727 757 1773 tempore
788 1732 903 1759 mane
931 1718 1119 1758 loricatus
1144 1731 1244 1757 unus
1267 1731 1321 1757 ex
1340 1716 1497 1770 legione
1518 1728 1659 1755 uerna-

174 1788 264 1828 cula
293 1788 339 1828 ad
373 1803 445 1829 nos
470 1788 682 1841 transfugit
703 1793 741 1827 et
763 1786 964 1826 nuntiauit
984 1783 1212 1839 Pompeium
1235 1784 1448 1838 oppidanos
1470 1782 1656 1823 chben-

174 1868 239 1896 ses
261 1869 503 1896 conuocasse
526 1855 659 1908 eisque
681 1855 734 1894 ita
756 1853 1040 1907 imperauisse‚
1076 1860 1118 1892 ut
1147 1852 1348 1905 diligentia
1377 1850 1550 1891 adhibita
1571 1864 1659 1904 per-

174 1922 392 1975 quirerent,
409 1924 473 1977 qui
490 1930 625 1963 essent
642 1935 799 1962 suarum
819 1921 984 1975 partium
1002 1920 1174 1972 itemque
1195 1918 1515 1959 aduersariorum
1539 1919 1661 1958 uicto-

128 1988 153 2030 3
174 1990 258 2031 riae
281 1992 471 2032 fautores.
508 1990 595 2031 Hoc
612 1989 823 2044 praeterito
840 1987 1069 2041 temporein
1085 1987 1241 2041 oppido,
1268 1986 1370 2040 quod
1392 1986 1466 2026 fuit
1486 1992 1655 2039 captum,

175 2071 315 2099 seruus
345 2066 406 2100 est
436 2072 603 2113 prensus
633 2058 673 2097 in
697 2057 902 2106 cuniculo,
938 2068 1049 2108 quem
1073 2069 1188 2108 supra
1213 2053 1570 2096 demonstrauimus
1592 2054 1660 2094 do-

127 2125 153 2165 4
174 2126 319 2166 minum
341 2126 568 2181 jugulasse:
601 2126 635 2166 is
656 2125 772 2165 uiuus
795 2131 856 2164 est
878 2123 1116 2163 combustus.
1154 2121 1337 2176 Idemque
1358 2121 1545 2175 temporis
1567 2135 1658 2161 cen-

174 2194 352 2235 turiones
374 2194 530 2234 loricati
550 2199 627 2233 VIII
650 2194 695 2233 ad
712 2190 927 2234 Caesarem
950 2191 1245 2245 transfugerunt
1268 2203 1320 2230 ex
1340 2189 1495 2243 legione
1515 2200 1659 2228 uerna-

176 2263 276 2313 cula,
302 2269 341 2303 et
362 2262 511 2317 equites
534 2261 658 2302 nostri
682 2275 768 2302 cum
785 2259 1107 2300 aduersariorum
1125 2257 1317 2311 equitibus
1331 2255 1534 2310 congressi
1549 2262 1656 2306 sunt,

319 2423 331 2453 1
354 2422 394 2453 ad
414 2432 447 2453 (ι.
590 2425 606 2454 l»
627 2422 667 2453 ab
687 2432 750 2452 uuo
770 2432 803 2452 ιι.
946 2420 963 2451 ὓ
983 2423 1175 2461 pugnarunt
1191 2428 1211 2449 a
1233 2418 1265 2458 b,
1287 2420 1471 2459 pugnatum
1489 2414 1603 2447 Aldus
1621 2424 1656 2446 u.

317 2477 351 2503 et
362 2483 428 2504 om.
445 2473 476 2504 b.
603 2472 829 2504 incenderent
841 2472 858 2502 I)
873 2473 999 2502 etante
1012 2478 1104 2501 corr.
1120 2479 1154 2500 a.
1272 2468 1292 2500 8
1303 2465 1578 2507 materfamilias]
1591 2476 1660 2497 ma-

174 2522 295 2553 teriam
314 2523 406 2554 illam
425 2534 458 2555 a.
609 2524 648 2555 ad
668 2534 689 2555 α
703 2524 733 2563 b,
754 2527 789 2554 et
807 2522 847 2555 ad
866 2532 900 2553 υ.
1042 2519 1193 2551 transilit
1210 2518 1274 2550 ab.
1416 2517 1456 2550 10
1470 2517 1658 2559 praeterito

177 2583 254 2614 ego,
274 2579 452 2616 praeterea
473 2573 573 2605 codd.
752 2573 792 2605 12
812 2572 982 2604 Munatius
1001 2581 1021 2602 a
1040 2570 1117 2601 eod.
1138 2568 1236 2610 V1·s.,
1256 2567 1419 2600 Minatius
1441 2568 1458 2599 b
1478 2579 1514 2600 u.

176 2625 348 2658 tribueres
369 2627 399 2657 11.
558 2626 595 2657 14
618 2625 765 2657 futurum
788 2624 1030 2665 Glanclorpz‘us
1049 2621 1235 2654 delendum
1253 2621 1361 2653 uidit.
1520 2624 1554 2651 te
1575 2620 1604 2660 b,
1626 2624 1658 2651 te

177 2686 253 2708 csse
272 2676 416 2718 reliqui.
568 2676 726 2717 oppidani
744 2686 764 2706 u
785 2676 815 2715 Ι),
838 2674 1079 2717 oppidanorum
1100 2682 1133 2703 u.
1279 2672 1318 2704 16
1337 2673 1413 2703 luce
1431 2681 1450 2702 a
1472 2671 1503 2711 b,
1524 2670 1578 2701 die
1597 2669 1659 2700 Al-

176 2728 242 2759 (Zus
259 2738 294 2759 u.
440 2726 477 2760 17
497 2727 728 2769 praebiturum
749 2728 779 2758 b.
926 2726 965 2757 18
982 2735 1016 2756 Χι
1036 2728 1067 2755 tc
1085 2721 1190 2755 mars:-
1211 2734 1243 2764 α,
1265 2734 1299 2755 XI
1320 2721 1466 2755 Kalend.
1486 2720 1604 2754 Martii
1622 2730 1656 2752 ze.

320 2778 363 2812 20
382 2783 417 2810 et
435 2778 560 2809 circuni
582 2777 600 2808 b
620 2780 655 2807 et
673 2787 762 2808 anas
781 2776 865 2816 flet„
887 2775 947 2807 sed
965 2775 1091 2806 circum
1110 2774 1254 2815 relique.
1418 2772 1462 2807 23
1481 2772 1658 2804 nuntiasse

176 2839 209 2869 a,
231 2829 366 2860 nuntiat
385 2829 415 2860 b.
571 2828 615 2862 24
633 2827 748 2859 addita
769 2827 799 2858 b.
953 2825 994 2858 27
1013 2835 1157 2867 prensus
1176 2835 1197 2856 a
1218 2825 1250 2866 b,
1270 2825 1459 2867 prchensus
1477 2833 1512 2855 u.

179 2880 345 2912 dominam
364 2891 384 2911 a
405 2881 435 2911 b,
577 2879 619 2910 ‘29
638 2878 899 2918 transfugerant
917 2888 936 2908 (ι
957 2878 986 2908 b.
1130 2876 1183 2918 ex]
1203 2878 1242 2910 dc
1265 2878 1293 2908 b.

1686 911 1727 944 10

1691 1248 1731 1280 15

1689 1585 1732 1620 20

1691 1925 1734 1960 25

1691 2261 1732 2294 30
