1835 3240
97 172 181 215 682
688 168 858 212 BELLI
888 166 1137 210 AFRICAE

172 283 371 326 Numidae
393 282 628 338 Gaetulique
659 283 848 336 diffugere
880 281 1021 321 cotidie
1049 295 1100 321 ex
1123 282 1263 322 castris
1286 281 1481 336 Scipionis
1503 289 1542 322 et
1563 296 1650 336 par-

175 354 243 394 tim
273 354 314 394 in
340 367 506 407 regnum
529 365 571 392 se
594 351 773 391 conferre
788 380 799 398 ,
833 349 971 402 partim
987 379 998 398 ,
1031 349 1131 401 quod
1152 349 1225 402 ipsi
1247 350 1492 403 maioresque
1515 364 1648 390 eorum

172 421 364 462 beneficio
386 418 435 461 C.
459 417 566 459 Mari
588 418 648 457 usi
670 417 838 457 fuissent
859 413 1150 469 Caesaremque
1172 416 1256 456 eius
1285 417 1447 458 adfinem
1471 432 1558 458 esse
1581 432 1648 457 au-

175 488 357 538 diebant,
401 488 439 527 in
475 487 558 526 eius
593 491 722 525 castra
753 484 964 538 perfugere
995 483 1228 523 cateruatim
1260 498 1338 524 non
1370 484 1647 525 intermittunt.

125 555 152 596 4
174 554 350 609 Quorum
374 569 425 595 ex
448 566 608 592 numero
642 552 777 592 electis
801 550 1021 591 hominibus
1051 550 1335 591 illustrioribus
1358 549 1587 606 [Gaetulos]
1611 559 1649 592 et
1680 560 1698 591 5

173 624 314 664 litteris
337 623 383 662 ad
406 634 498 661 suos
521 620 627 659 ciues
650 619 751 659 datis
774 618 1024 667 cohortatus,
1060 619 1115 659 uli
1145 633 1263 659 manu
1290 620 1393 658 facta
1415 632 1459 658 se
1480 632 1650 672 suosque

174 691 453 737 defenderent,
488 701 536 727 ne
567 687 649 727 suis
682 686 850 726 inimicis
883 686 1200 739 aduersariisque
1232 686 1335 726 dicto
1366 685 1568 726 audientes
1591 699 1652 726 es·

95 757 152 802 33
175 765 279 808 sent,
312 755 443 796 mittit.
506 753 610 795 Dum
633 755 728 794 haec
751 754 798 793 ad
819 752 1041 807 Ruspinam
1063 755 1175 803 fiunt,
1209 754 1327 806 legati
1349 767 1402 793 ex
1421 753 1566 803 Acilla,
1599 754 1653 793 ci-

171 825 292 865 uitate
314 824 438 864 libera
461 830 498 864 et
518 822 684 872 inmuni,
711 822 758 861 ad
778 819 991 862 Caesarem
1014 822 1179 861 ueniunt
1199 835 1320 876 seque
1342 828 1515 874 paratos,
1533 834 1652 873 quae-

124 892 150 933 2
172 905 336 944 cumque
357 891 604 945 imperasset,
643 897 682 930 et
703 890 840 930 libenti
863 889 991 929 animo
1014 889 1188 929 facturos
1210 889 1467 941 pollicentur:
1503 894 1650 928 tantum
1684 895 1725 928 10

166 973 281 1000 orare
304 966 343 999 et
365 965 499 1013 petere
520 959 566 998 ab
588 972 661 1008 eo,
696 965 738 998 ut
769 958 843 998 sibi
874 956 1109 1012 praesidium
1144 958 1276 1005 daret,
1313 970 1386 1009 quo
1409 955 1531 995 tutius
1553 956 1590 995 id
1613 962 1653 995 et

169 1027 256 1068 sine
279 1027 451 1081 periculo
475 1027 605 1066 facere
628 1033 812 1080 possent,
847 1039 890 1066 se
912 1032 951 1065 et
974 1026 1207 1064 frumentum
1239 1031 1279 1063 et
1300 1036 1564 1077 quaecumque
1585 1036 1650 1062 res

121 1094 146 1135 3
169 1095 225 1136 eis
248 1101 474 1148 suppeteret
495 1094 713 1134 communis
737 1094 875 1134 salutis
898 1093 1022 1146 gratia
1053 1092 1435 1132 subministraturos.
1499 1088 1650 1142 Quibus

169 1162 287 1204 rebus
319 1163 435 1202 facile
465 1176 487 1201 a
518 1161 692 1203 Caesare
720 1161 937 1215 impetratis
960 1161 1230 1214 praesidioque
1252 1160 1341 1199 dato
1364 1156 1414 1198 C.
1438 1156 1648 1207 Messium,

173 1230 353 1271 aedilicia
376 1231 549 1269 functum
572 1236 792 1283 potestate,
826 1228 994 1268 Acillam
1024 1227 1132 1268 iubet
1154 1226 1362 1281 proficisci.
1417 1223 1569 1277 Quibus
1590 1238 1653 1265 re-
1686 1232 1725 1264 15

170 1297 241 1337 bus
264 1297 432 1350 cognitis
457 1294 669 1337 Considius
691 1296 872 1350 Longus,
897 1296 959 1348 qui
981 1295 1188 1335 Adrumeti
1210 1309 1295 1334 cum
1318 1293 1466 1334 duabus
1488 1292 1652 1346 legioni-

169 1364 240 1404 bus
264 1371 302 1405 et
323 1364 517 1417 equitibus
540 1372 622 1405 DCC
645 1371 850 1418 praeerat,
882 1363 1064 1404 celeriter
1092 1363 1143 1402 ibi
1175 1368 1284 1416 parte
1308 1360 1492 1414 praesidii
1514 1360 1653 1400 relicta

123 1433 147 1474 4
170 1447 256 1473 cum
277 1438 355 1472 VIII
378 1433 602 1473 cohortibus
633 1433 680 1472 ad
710 1433 879 1472 Acillam
911 1432 968 1472 ire
1001 1430 1217 1472 contendit.
1279 1428 1454 1470 Messius
1485 1428 1652 1468 celerius

168 1500 311 1541 itinere
342 1502 521 1542 confecto
552 1500 661 1555 prior
682 1499 851 1541 Acillam
883 1514 969 1540 cuni
1001 1498 1228 1539 cohortibus
1250 1498 1446 1551 peruenit.
1509 1494 1652 1537 Consi-

168 1568 254 1608 dius
284 1568 439 1608 interim
455 1600 465 1619 ,
501 1584 587 1609 cum
611 1569 657 1609 ad
681 1569 816 1608 urbem
840 1582 925 1608 cum
949 1567 1070 1621 copiis
1093 1566 1330 1607 accessisset
1351 1572 1390 1605 et
1410 1565 1655 1605 animaduer-
1684 1569 1727 1604 20

169 1635 283 1676 tisset
303 1637 537 1690 praesidium
561 1634 749 1678 Caesaris
771 1637 824 1677 ibi
847 1650 937 1677 esse
952 1667 962 1686 ,
998 1649 1077 1675 non
1099 1648 1217 1675 ausus
1246 1634 1459 1688 periculum
1492 1646 1651 1672 suorum

169 1704 301 1744 facere
323 1704 429 1745 nulla
456 1718 500 1745 re
522 1712 634 1758 gesta
655 1719 725 1759 pro
747 1704 994 1744 multitudine
1016 1703 1214 1743 hominum
1237 1715 1373 1742 rursus
1395 1714 1438 1741 se
1457 1700 1651 1740 Adrume-

121 1769 146 1810 5
171 1778 249 1811 tum
272 1773 445 1826 recepit,
486 1773 626 1813 deinde
649 1774 782 1826 paucis
805 1779 894 1826 post
915 1771 1049 1811 diebus
1081 1769 1328 1823 equestribus
1359 1769 1480 1822 copiis
1503 1767 1549 1807 ab
1571 1765 1652 1806 La-

167 1838 283 1879 bieno
315 1840 491 1881 adductis
525 1854 662 1880 rursus
684 1840 919 1880 Acillitanos
953 1838 1094 1879 castris
1127 1837 1263 1890 positis
1296 1836 1474 1876 obsidere
1505 1834 1648 1888 coepit.

91 1904 149 1950 3⁴1·
168 1904 249 1947 Per
268 1907 307 1948 id
329 1914 479 1962 tempus
498 1906 547 1949 C.
569 1906 777 1949 Sallustius
793 1906 976 1961 Crispus,
1002 1920 1114 1959 quem
1136 1905 1270 1958 paucis
1293 1911 1384 1944 ante
1408 1903 1542 1943 diebus
1564 1901 1654 1941 mis-
1685 1907 1728 1940 25

168 1987 254 2014 sum
284 1989 306 2015 a
337 1973 512 2016 Caesare
544 1991 629 2017 cum
654 1977 781 2017 classe
805 1973 1185 2022 demonstrauimuS,
1221 1969 1432 2012 Cercinam
1454 1969 1650 2024 peruenit.

118 2041 146 2082 2
169 2038 293 2082 Cuius
316 2044 488 2084 aduentu
511 2043 559 2085 C.
584 2043 785 2085 Decimius
808 2042 1056 2097 quaestorius
1071 2072 1081 2088 ,
1116 2041 1178 2094 qui
1200 2040 1252 2080 ibi
1275 2054 1361 2080 cum
1383 2038 1520 2093 grandi
1543 2037 1654 2078 fami-

168 2110 221 2151 lia
242 2119 426 2169 praeerat
447 2112 642 2166 praesidio
665 2111 920 2162 commeatui,
954 2109 1159 2164 paruulum
1181 2108 1377 2162 nauigium
1401 2113 1537 2147 nactus
1560 2119 1654 2145 con·

312 2194 325 2225 1
348 2192 487 2225 Gaetuli
508 2193 600 2235 (om.
622 2191 772 2234 copula)
792 2192 809 2223 b
828 2202 845 2222 e
864 2191 882 2222 4
902 2190 1015 2230 clett.‚·
1040 2189 1132 2221 vnde
1149 2187 1315 2220 Numidae
1334 2188 1484 2219 Daui-rio
1503 2185 1657 2218 eiciendi

167 2242 399 2277 uidebantur.
421 2244 505 2277 Vid.
526 2256 556 2277 e.
570 2245 625 2285 35,
640 2245 670 2276 4.
816 2247 977 2285 etparum
995 2253 1029 2273 α.
1157 2242 1174 2274 3
1188 2240 1272 2272 Mari
1293 2251 1326 2272 (ι.
1464 2239 1517 2270 usi
1536 2248 1604 2270 om.
1617 2247 1650 2269 a.

310 2297 456 2329 adfinem
475 2308 508 2329 a.
632 2298 650 2328 5
665 2296 829 2328 Gaetulos
848 2305 869 2326 α
887 2295 1034 2336 reliqui,
1057 2293 1213 2326 Gaetulis
1233 2303 1323 2324 unns
1344 2291 1468 2322 (letae.-
1491 2291 1654 2331 spurium

169 2348 345 2381 indicauit
362 2349 498 2382 Morus.
655 2348 673 2381 7
694 2359 734 2380 ne
753 2358 773 2379 a
795 2348 888 2378 ‘msa
913 2345 955 2387 4',
977 2350 1011 2377 et
1030 2356 1069 2376 ne
1089 2356 1122 2377 u.
1272 2345 1293 2376 8
1310 2342 1421 2375 Aeilla
1438 2352 1459 2372 α
1478 2344 1512 2372 et
1529 2341 1654 2381 ubique

169 2402 246 2433 edd.
268 2406 352 2434 (mle
371 2413 404 2443 u,
426 2402 563 2434 Achilla
583 2401 653 2433 ‘liic
672 2404 707 2432 ct
724 2400 821 2442 infra
842 2399 871 2430 b'
891 2401 927 2429 et
939 2400 1064 2439 poslea
1084 2397 1214 2437 ubique
1233 2395 1301 2435 (a).
1473 2395 1553 2423 ante
1571 2391 1655 2423 ciui-

169 2456 244 2483 tate
263 2453 346 2484 add.
368 2463 409 2484 ex
428 2464 461 2484 a.
604 2452 622 2484 9
637 2456 671 2483 et
688 2450 816 2482 inmuni
834 2449 1023 2487 Rubenius,
1040 2447 1142 2479 etiam
1159 2446 1306 2486 undique
1325 2443 1425 2475 codd.
1447 2444 1485 2483 (i.
1507 2454 1536 2474 e.
1557 2448 1589 2474 et
1606 2442 1657 2474 in-

167 2503 360 2545 munique).
503 2507 621 2545 parato
634 2502 820 2533 Damius.
963 2507 1184 2540 quaecunque
1198 2495 1264 2537 (a).
1404 2495 1439 2526 11
1456 2493 1535 2535 sibi]
1551 2494 1611 2525 sia
1624 2504 1652 2524 c.

315 2555 355 2587 12
369 2565 588 2596 quaecunque
605 2554 670 2595 (a).
799 2552 839 2584 17
854 2552 899 2582 ibi
919 2560 988 2582 om.
1007 2551 1038 2582 b.
1092 2558 1095 2561 ¹
1165 2548 1205 2579 18
1218 2546 1257 2577 ad
1271 2544 1416 2577 Acillam
1436 2556 1463 2585 e,
1481 2545 1521 2576 ad
1540 2544 1655 2576 Achil·

170 2608 237 2639 lam
257 2607 308 2649 (a)
329 2608 359 2639 b.
500 2606 664 2637 celeriter
684 2606 714 2635 Ι).
855 2603 898 2637 20
918 2601 1125 2633 arcessisset
1141 2610 1173 2630 a.
1316 2598 1359 2631 22
1378 2608 1412 2628 sc
1430 2597 1651 2628 Adrunietum

171 2659 302 2690 a‘mSS.
323 2661 360 2690 et
375 2657 453 2689 edd.
474 2657 584 2698 qdzlf,
605 2656 826 2687 Adrumetuin
846 2653 930 2694 (om.
953 2653 1004 2690 se)
1024 2649 1297 2690 b;Adrunictum
1317 2659 1352 2679 sc
1371 2659 1406 2679 u.
1549 2648 1654 2680 23ιέ-

173 2710 262 2752 cepit
281 2720 301 2741 a
321 2713 416 2741 ‘mss.
438 2706 482 2749 3’‚
503 2708 625 2750 recipit
644 2718 676 2738 ιι.
818 2705 859 2736 ab
880 2705 975 2735 ‘mss.
997 2701 1185 2741 πωπω-ω’,
1207 2710 1225 2731 a
1245 2700 1311 2741 (a).
1452 2701 1495 2733 24
1513 2699 1655 2731 Achilli-

173 2767 272 2794 tanos
291 2761 344 2804 (a)
367 2762 397 2793 b.
536 2760 578 2794 26
599 2759 780 2791 Cerninam
797 2767 819 2789 α
839 2757 856 2788 b
876 2766 905 2787 e.
1044 2754 1086 2787 27
1098 2752 1281 2784 Decumius
1300 2756 1462 2794 quaestor
1479 2752 1510 2783 b.

175 2813 302 2845 familia
324 2814 355 2854 h,
379 2811 527 2844 familiae
546 2810 624 2853 (a)?
640 2820 675 2841 n.
825 2807 868 2841 28
886 2809 1045 2849 praeerat
1064 2804 1234 2847 praesidio
1253 2814 1285 2846 a,
1308 2803 1479 2846 praesidio
1497 2805 1653 2845 praeerat

176 2867 217 2907 b,-
236 2876 317 2899 suac
335 2865 508 2909 praesidio
528 2866 686 2907 praeerat
703 2860 780 2893 edd.
