1835 3240
117 211 198 253 740
632 212 803 253 BELLI
827 211 1226 255 lllSPANIENSIS

142 324 169 365 2
191 324 266 364 iter
289 324 448 364 faciunt.
494 323 702 379 Pompeius
726 325 885 365 humero
909 332 948 365 et
977 325 1138 365 sinistro
1161 340 1274 366 crure
1307 327 1562 368 uehementer
1582 334 1668 368 erat

188 392 360 432 saucius.
385 391 473 432 Huc
490 393 714 441 accedebat,
731 393 899 432 utetiam
915 394 1030 433 talum
1046 393 1293 445 intorsisset3
1312 409 1485 446 quaeres
1498 396 1667 435 maxime

188 459 436 513 impediebat.
480 459 539 499 Ita
562 460 699 499 lectica
721 460 767 499 ad
791 467 935 501 turrem
959 475 1072 513 quom
1097 468 1204 501 essct
1224 461 1401 511 adlatus,
1425 462 1465 501 in
1490 476 1535 502 ea
1557 470 1666 503 tene-

141 526 166 566 3
189 527 317 567 batur.
363 527 579 568 Lusitanus
604 542 712 568 more
735 528 919 575 militari,
946 543 1029 568 cum
1055 542 1075 568 a
1099 526 1286 569 Caesaris
1309 529 1503 582 praesidio
1526 529 1666 570 fuisset

139 594 166 633 4
188 603 437 649 conspectus,
464 595 646 634 celeriter
667 597 842 648 equitatu
865 595 1169 648 cohortibusque
1192 597 1527 636 circumcluditur.
1562 596 1662 638 Erat

186 677 369 702 accessus
389 661 461 701 loci
482 662 697 702 difficultas.
732 665 760 716 ἦ
782 662 886 703 Nam
904 664 1048 703 idcirco
1062 671 1303 717 proptersuo
1316 664 1511 718 praesidio
1530 664 1668 704 fuisset

186 736 418 783 conspectus
450 730 634 770 celeriter
662 730 707 770 ad
741 731 930 770 munitum
960 731 1087 771 locum
1111 739 1252 771 natura
1273 738 1433 785 ceperat
1453 731 1527 772 sibi
1547 730 1665 772 Pom-

185 800 292 850 peius
328 797 505 848 quamuis
536 811 676 851 magna
707 798 954 839 multitudine
985 799 1140 838 deducti
1173 799 1348 839 homines
1381 814 1432 839 ex
1463 800 1665 853 superiore

135 863 159 904 ἶ)
183 865 267 905 loco
289 865 498 905 defendere
532 873 691 918 possent
720 866 888 906 subeunt
909 867 949 906 in
971 867 1140 906 aduentu
1163 881 1233 907 nos
1257 867 1454 920 depellunt
1471 867 1534 920 qui
1558 866 1661 907 telis.

183 930 333 984 Quibus
358 933 587 973 cedentibus
611 934 786 987 cupidius
810 935 1117 988 insequebantur
1139 935 1356 975 aduersarii
1389 942 1429 974 et
1459 935 1664 975 confestim

184 1000 390 1039 tardabant
412 1000 457 1039 ab
481 1016 662 1041 accessu.
708 1001 793 1042 Hoc
817 1003 972 1056 saepius
996 1004 1098 1043 facto
1121 1002 1506 1042 animaduertebatur
1527 1009 1664 1043 nostro

132 1066 157 1105 6
180 1082 320 1120 magno
339 1069 373 1107 id
393 1068 473 1108 ficri
493 1070 677 1122 periculo.
712 1068 842 1124 Opere
859 1071 1159 1110 circummunire
1178 1070 1412 1119 instituunt3
1437 1070 1663 1123 pariautem

180 1142 218 1175 et
241 1136 358 1175 celeri
384 1137 634 1177 festinatione
667 1138 810 1177 circum
842 1138 1081 1178 munitiones
1111 1138 1202 1192 iugo
1233 1138 1429 1191 dirigunt,
1466 1144 1508 1177 ut
1539 1151 1662 1190 aequo

181 1203 276 1256 pede
300 1218 385 1243 cum
409 1205 646 1244 aduersariis
671 1206 855 1258 congredi
880 1213 1054 1258 possent.
1089 1206 1127 1245 A
1149 1205 1287 1257 quibus
1312 1219 1396 1244 cum
1416 1204 1661 1244 animaduer-

100 1269 157 1313 39
183 1285 266 1310 sum
291 1279 411 1320 esset,
439 1273 527 1324 fuga
549 1273 624 1312 sibi
648 1273 883 1325 praesidium
908 1273 1080 1326 capiunt.
1123 1270 1360 1325 Pompeius,
1395 1279 1575 1325 utsupra
1597 1272 1662 1312 de-

178 1339 501 1389 amastrauinms,
528 1341 684 1380 saucius
708 1348 747 1380 et
767 1341 911 1380 intorto
937 1341 1014 1380 talo
1033 1341 1180 1380 idcirco
1201 1339 1427 1379 tardabatur
1444 1340 1490 1379 ad
1508 1340 1660 1393 fugien-

176 1406 280 1454 dum,
306 1407 474 1459 itemque
499 1415 657 1461 propter
678 1408 752 1448 lori
777 1409 1038 1448 difficultatem
1062 1421 1186 1461 neque
1208 1421 1307 1460 equo
1330 1421 1455 1460 neque
1477 1407 1660 1448 uehiculo

127 1473 153 1512 2
176 1473 290 1513 saluti
314 1489 410 1514 suae
434 1475 665 1528 praesidium
692 1490 831 1529 parare
855 1483 1020 1529 poterat.
1068 1474 1221 1517 Caedes
1252 1490 1272 1515 a
1306 1475 1454 1515 nostris
1489 1475 1658 1528 undique

118 1540 141 1580 3
166 1541 526 1582 administrabatur.
573 1541 772 1584 Conclusa
802 1544 1020 1584 munitione
1051 1543 1285 1596 amissisque
1317 1543 1475 1583 auxiliis
1497 1544 1545 1583 ad
1567 1557 1660 1583 con-

175 1610 314 1650 uallem
339 1624 580 1666 caesumque
601 1611 726 1651 locum
752 1613 789 1652 in
813 1612 1035 1666 speluncam
1054 1611 1264 1664 Pompeius
1284 1624 1329 1650 se
1352 1611 1549 1651 occultare
1572 1624 1660 1652 coc-

177 1677 246 1731 pit,
274 1685 311 1717 ut
336 1693 356 1717 a
380 1680 525 1719 nostris
550 1694 627 1719 nen
653 1681 764 1720 facile
787 1681 1033 1720 inueniretur
1055 1680 1129 1719 nisi
1148 1680 1387 1732 captiuorum
1408 1680 1566 1719 indicio.
1601 1678 1660 1719 Ita

173 1745 224 1784 ibi
248 1745 496 1787 interficitur.
534 1745 988 1788 CumCaesarGadibus
1013 1749 1165 1797 fuisset,
1191 1746 1381 1800 Hispalim
1401 1754 1427 1785 11
1449 1745 1650 1800 Id.April.

96 1812 154 1855 46)
173 1821 284 1866 caput
305 1814 464 1853 allatum
490 1822 527 1854 et
549 1816 687 1868 populo
712 1817 838 1855 datum
872 1823 932 1855 est
963 1815 1002 1855 in
1026 1822 1291 1868 conspectum.
1336 1812 1550 1853 Interfecto
1574 1812 1650 1854 Cn.

169 1880 356 1934 Pompeio
380 1882 628 1922 adolescente
650 1882 807 1930 Didius.
832 1897 943 1935 quem
969 1897 1086 1937 supra
1110 1883 1480 1931 demonstrantium,
1506 1882 1571 1921 illa
1588 1882 1655 1922 ad-

171 1950 294 1988 fectus
328 1949 478 1988 laetitia
512 1951 690 2003 proximo
722 1965 764 1990 sc
795 1953 943 2004 recepit
974 1951 1135 1991 castello
1159 1950 1443 2002 nonnullasque
1465 1964 1586 1989 naues
1609 1950 1656 1990 ad

167 2017 418 2057 reficiendum
442 2019 625 2058 subduxit
650 2026 713 2065 et,
747 2019 921 2071 ‹piamuis
956 2050 965 2058 .
995 2050 1003 2058 .
1032 2049 1040 2058 .
1071 2049 1078 2057 .
1113 2025 1271 2067 essent,
1305 2018 1503 2057 brachium
1530 2049 1538 2057 .
1567 2048 1576 2057 .
1606 2048 1614 2057 .
1643 2049 1651 2057 .

311 2131 329 2163 2
345 2132 405 2163 boc
425 2142 457 2164 (ι.
598 2132 616 2165 3
629 2133 669 2164 ad
692 2134 860 2175 turremf
873 2134 890 2165 5
910 2134 997 2165 dett.
1018 2133 1238 2173 Sclmcz'derz‘,
1254 2143 1272 2164 a
1292 2137 1384 2164 turre
1405 2131 1458 2173 (α)
1474 2142 1508 2163 ιι.

168 2191 242 2212 cum
264 2183 293 2222 b,
316 2193 411 2224 quem
432 2194 474 2222 ας
497 2195 561 2226 qua
581 2195 615 2216 ιι.
764 2185 899 2217 ablatus
919 2196 951 2227 α,
975 2186 1109 2217 oblatus
1131 2186 1161 2217 b.
1302 2184 1486 2216 tenebatur
1503 2194 1579 2225 ego,
1603 2183 1651 2215 fe-

167 2232 309 2263 rebatur
327 2234 426 2265 codd„
447 2235 487 2266 P.
507 2236 586 2268 247.
742 2237 762 2268 4
782 2246 800 2267 a
819 2246 886 2268 om.
911 2237 941 2269 b.
1095 2237 1111 2268 5
1132 2236 1181 2267 De
1199 2235 1213 2277 ξ
1232 2236 1252 2267 4
1272 2235 1344 2266 nid.
1368 2235 1405 2266 Ρ.
1427 2235 1505 2269 2¹18.

168 2284 325 2316 fiidcirco
345 2297 364 2317 (ι
387 2288 402 2317 ἱ)
422 2288 441 2318 ‘2
460 2286 561 2327 flete„
583 2287 711 2319 idcirco
732 2289 818 2329 quod
839 2299 874 2319 n.
1017 2299 1076 2320 suo
1094 2299 1127 2328 α,
1149 2298 1208 2319 suo
1229 2297 1245 2318 a
1267 2292 1380 2318 nostro
1401 2297 1435 2318 u.
1575 2286 1647 2319 7ad

167 2345 188 2366 α
209 2336 238 2375 b,
260 2346 327 2367 om.
350 2336 465 2368 Aldus
485 2348 518 2368 ιι.
661 2344 798 2381 ceperat
816 2339 959 2380 reliqui,
983 2349 1078 2381 quem
1099 2342 1236 2381 ceperat
1255 2338 1272 2369 b
1293 2348 1327 2369 ιι.
1469 2338 1487 2370 9
1508 2344 1650 2379 possunt

168 2389 198 2419 b.
340 2399 399 2420 nos
420 2390 596 2431 depellunt
613 2401 633 2421 α
654 2391 670 2421 b
689 2391 709 2423 2
728 2391 830 2431 dett„
854 2392 960 2423 nostri
982 2392 1199 2434 depelluntur
1218 2401 1253 2423 ιι.
1394 2390 1448 2431 qui
1468 2400 1500 2429 α,
1522 2400 1591 2421 om.
1613 2401 1647 2421 ιι.

311 2440 350 2471 10
370 2441 532 2473 cedentes
554 2442 583 2473 b.
735 2442 770 2474 ll
795 2442 887 2473 factu
906 2453 938 2482 ιι,
963 2441 1089 2474 factum
1110 2443 1140 2474 b.
1280 2441 1426 2472 animum
1445 2441 1650 2472 aduerteba-

166 2498 221 2524 tur
238 2504 271 2524 α.
440 2495 477 2526 12
497 2496 684 2526 instituunt
703 2506 778 2537 ego,
801 2496 953 2527 instituit
971 2496 1072 2528 codd.
1229 2495 1269 2527 13
1290 2505 1329 2525 ex
1350 2504 1370 2525 a
1391 2494 1421 2526 b.
1583 2495 1649 2525 cir-

165 2545 403 2576 cummittones
424 2556 457 2576 α.
598 2547 674 2586 iugo
696 2557 716 2577 α
736 2547 753 2578 3
773 2546 874 2586 dett„
897 2557 964 2577 om.
985 2558 1032 2578 m.
1047 2558 1107 2588 pr.
1124 2547 1153 2587 b,
1176 2546 1288 2586 iugum
1306 2556 1375 2576 See.
1396 2555 1442 2576 m.
1459 2546 1497 2584 ὂ,-
1518 2545 1549 2576 in
1570 2546 1647 2586 iugo

164 2606 197 2626 ιι.
353 2596 388 2627 to
409 2597 523 2627 saucio
542 2607 561 2627 a
583 2598 613 2628 b.
759 2599 798 2630 13
817 2598 920 2629 saluti
937 2598 1152 2638 Stephanus.
1175 2596 1297 2628 salutis
1316 2607 1336 2627 a
1357 2597 1387 2626 b.
1530 2598 1570 2630 19
1591 2598 1649 2629 ad-

163 2647 450 2678 ministrabantur
469 2648 499 2678 b.
652 2648 812 2679 conclusa
833 2658 909 2689 ego,
931 2649 1074 2680 exclusa
1093 2647 1192 2679 codd.
1341 2647 1532 2679 conuallem
1551 2659 1572 2679 α
1592 2649 1610 2679 h
1628 2649 1647 2681 3

165 2698 270 2737 dett„
293 2698 483 2730 conuallem
503 2702 614 2729 autem
633 2708 669 2729 n.
826 2700 867 2733 20
887 2709 1092 2740 exesumque
1113 2699 1130 2730 b
1149 2708 1178 2738 c,
1200 2708 1282 2730 exse
1302 2708 1464 2740 sumaque
1482 2710 1526 2739 a‚·
1547 2705 1647 2742 atquc

164 2760 303 2781 exesum
325 2761 356 2780 a.
484 2750 516 2780 iu
536 2748 731 2790 speluncam
752 2750 834 2790 b,ut
852 2751 1045 2792 speluncam
1065 2761 1085 2781 α
1100 2760 1139 2789 ο,-
1155 2755 1189 2780 ut
1208 2750 1238 2780 in
1257 2750 1454 2791 speluncam
1468 2761 1503 2782 u.

162 2801 205 2831 ‘22
228 2801 331 2831 fuisse
352 2810 385 2831 a.
528 2810 549 2830 ιι
570 2799 617 2830 ld.
638 2800 746 2841 April.
768 2809 800 2839 α,
825 2801 934 2842 pridie
954 2800 1004 2831 Id.
1022 2800 1148 2842 Aprilis
1169 2811 1202 2831 n.
1224 2800 1263 2831 P.
1286 2801 1362 2834 158.
1504 2802 1546 2836 23
1566 2813 1646 2833 con-

166 2858 284 2894 spectu
306 2854 334 2883 11.
498 2851 543 2883 24
561 2851 718 2882 adfectus
737 2861 771 2882 a.
935 2852 976 2884 25
996 2853 1166 2893 proximus
1187 2853 1218 2892 b,
1239 2853 1345 2895 primo
1364 2864 1392 2885 c.
1549 2854 1592 2887 26
1612 2859 1647 2886 et

162 2905 315 2946 quamuis
335 2909 450 2936 essent
467 2903 641 2936 brachium
657 2914 676 2935 α
692 2903 737 2944 (is
756 2902 914 2945 qaoduis)
927 2903 958 2944 b,
972 2914 1039 2937 om.
1054 2914 1088 2936 u.
1104 2903 1267 2936 Lac-unas
1280 2915 1343 2946 ego
1356 2907 1494 2937 notaui.
1513 2905 1642 2941 P.248.

1692 607 1710 637 ἴ)

1698 942 1738 975 10

1697 1280 1736 1312 15

1690 1618 1732 1651 20
