1835 3240
70 178 154 220 4⁶24
608 179 682 223 DE
714 180 904 223 BELLO
937 177 1186 222 GALLICO

104 289 129 330 5
153 289 366 332 ciuitatem
391 306 480 334 esse
502 308 654 334 omnem
677 295 716 334 in
740 295 884 343 armis3
917 294 1083 334 diuisum
1108 301 1303 345 senatum,
1328 294 1493 336 diuisum
1518 309 1638 350 popu-

152 359 246 409 lum,
271 374 361 400 suas
385 360 571 414 cuiusque
595 375 727 400 eorum
753 362 972 402 clientelas.
1030 360 1146 414 Quod
1170 363 1203 401 si
1226 362 1370 403 diutius
1392 364 1522 404 alatur
1543 378 1637 403 con-

153 428 365 478 trouersia,
392 430 489 476 fore,
517 429 569 468 uti
593 442 681 481 pars
706 443 790 468 cum
816 436 926 482 parte
948 430 1120 469 ciuitatis
1143 430 1342 483 confligat.
1395 430 1439 471 Id
1462 446 1511 472 ne
1534 433 1638 472 acei-

74 492 132 538 33
156 495 244 545 dat,
277 497 442 550 positum
465 496 503 535 in
527 496 610 534 eius
635 496 836 550 diligentia
858 504 972 550 atque
995 498 1245 537 auctoritate.
1309 495 1483 548 Caesar,
1518 500 1594 539 etsi
1616 514 1638 539 a

150 563 253 603 bello
267 570 381 616 atque
405 562 515 602 hoste
539 563 740 604 discedere
756 564 1080 605 detrimentosum
1104 579 1193 605 esse
1213 565 1479 615 existimabat,
1506 574 1634 607 tamen
1667 575 1686 606 5

153 645 230 671 non
253 631 459 684 ignorans,
485 637 630 683 quanta
654 645 706 671 ex
728 631 1042 673 dissensionibus
1065 633 1311 673 incommoda
1334 633 1428 673 oriri
1453 648 1640 676 consues-

151 705 257 748 sent,
284 713 332 738 ne
355 704 462 737 tanta
485 705 523 737 et
547 705 623 738 tam
646 699 855 740 coniuncta
879 701 1018 754 populo
1041 699 1222 741 Romano
1246 701 1401 750 ciuitas,
1426 715 1539 753 quam
1557 702 1640 755 ipse

153 779 308 819 semper
329 765 494 805 aluisset
525 767 781 820 omnibusque
813 767 928 808 rebus
961 776 1171 818 ornasset,
1206 769 1252 808 ad
1284 768 1362 808 uim
1396 776 1510 822 atque
1532 783 1641 809 arma

154 834 427 883 descenderet,
453 840 573 887 atque
593 848 638 875 ea
661 849 769 889 pars,
795 849 892 888 quae
915 836 1043 877 miuus
1067 837 1296 886 confideret,
1322 836 1473 876 auxilia
1495 851 1514 876 a
1541 835 1641 878 Ver-

106 900 133 942 2
155 900 399 954 cingetorige
431 910 682 953 arcesseret,
725 903 814 943 buic
844 905 900 944 rei
933 905 1264 958 praeuertendum
1298 904 1547 944 existimauit
1577 911 1638 954 et,
1674 912 1715 944 to

156 969 255 1021 quod
278 969 431 1023 legibus
445 968 698 1011 Haeduorum
721 971 785 1020 iis,
811 972 874 1025 qui
897 986 1089 1012 summum
1102 972 1371 1026 magistratum
1396 972 1638 1021 obtinerent,

155 1037 352 1077 excedere
376 1051 427 1077 ex
450 1038 589 1079 linibus
613 1053 692 1079 non
714 1039 867 1090 liceret,
892 1054 942 1080 ne
964 1041 1053 1093 quid
1076 1041 1121 1080 de
1143 1041 1229 1080 iure
1252 1047 1319 1080 aut
1341 1041 1387 1080 de
1408 1039 1558 1093 legibus
1577 1053 1643 1079 eo-

155 1119 240 1145 rum
265 1105 504 1146 deminuisse
529 1107 744 1157 uideretur,
769 1107 851 1161 ipse
873 1108 912 1147 in
938 1107 1125 1148 Haeduos
1148 1107 1343 1162 proficisci
1366 1108 1504 1147 statuit
1528 1121 1642 1148 sena-

157 1179 316 1225 tumque
338 1187 491 1213 omnem
525 1181 564 1215 et
594 1189 690 1228 quos
722 1176 826 1215 inter
856 1176 1129 1216 controuersia
1161 1182 1269 1215 esset
1300 1176 1346 1215 ad
1370 1189 1412 1215 se
1436 1174 1641 1215 Decetiam

107 1239 133 1280 3
156 1241 350 1280 euocauit.
396 1238 495 1281 Cum
527 1257 646 1296 prope
681 1243 805 1283 omnis
828 1243 966 1283 ciuitas
991 1257 1038 1285 eo
1059 1243 1330 1292 conuenisset,
1356 1243 1643 1295 docereturque
1678 1249 1717 1282 15

156 1308 289 1362 paucis
313 1310 409 1348 elam
435 1311 663 1350 conuocatis
686 1310 761 1350 alio
783 1311 895 1359 loco,
929 1311 1005 1351 alio
1036 1318 1211 1364 tempore
1227 1342 1236 1360 ,
1269 1318 1384 1363 atque
1407 1309 1642 1363 oportuerit,

156 1377 320 1416 fratrem
344 1391 365 1416 a
389 1377 511 1417 fratre
533 1378 827 1429 renuntiatum,
862 1393 946 1418 cum
980 1380 1088 1432 leges
1111 1379 1186 1418 duo
1210 1392 1261 1419 ex
1282 1392 1361 1418 una
1383 1378 1530 1418 familia
1554 1378 1644 1417 uiuo

157 1450 322 1497 utroque
347 1459 424 1484 non
447 1445 571 1485 solum
596 1447 850 1500 magistratus
874 1447 1001 1486 creari
1027 1453 1210 1486 uetarent
1227 1477 1237 1496 ,
1270 1447 1337 1486 sed
1372 1446 1488 1486 etiam
1522 1445 1560 1485 in
1583 1458 1645 1486 se-

108 1510 133 1550 4
156 1519 250 1551 natu
273 1526 362 1553 esse
385 1514 663 1567 prohiberent,
700 1513 844 1555 Cotum
874 1514 1078 1568 imperium
1102 1514 1299 1568 deponere
1321 1514 1472 1568 coegit,
1498 1510 1645 1553 Conui-

158 1579 400 1630 ctolitauem,
426 1582 489 1634 qui
512 1596 581 1636 per
603 1583 832 1623 sacerdotes
855 1596 964 1622 more
988 1583 1158 1622 ciuitatis
1181 1581 1420 1622 intermissis
1440 1582 1647 1635 magistra-
1676 1587 1721 1621 20

80 1645 138 1690 3-1-
159 1647 261 1688 tibus
284 1657 391 1689 esset
413 1657 586 1699 creatus,
613 1657 847 1704 potestatem
872 1650 1050 1691 obtinere
1072 1651 1202 1691 iussit.
1238 1648 1323 1689 Hoc
1342 1650 1499 1689 decreto
1521 1649 1645 1688 inter-

156 1715 284 1769 posito
306 1716 532 1758 cohortatus
556 1717 758 1768 Haeduos,
785 1726 826 1759 ut
848 1719 1209 1759 controuersiarum
1233 1733 1278 1758 ac
1300 1717 1558 1758 dissensionis
1578 1716 1645 1756 ob-

157 1783 441 1824 liuiscerentur
461 1792 577 1838 atque
600 1787 778 1826 omnibus
802 1786 959 1826 omissis
982 1787 1100 1827 rebus
1123 1786 1210 1826 huic
1231 1786 1333 1826 bello
1355 1786 1556 1826 seruirent
1578 1797 1643 1824 ea-

157 1864 256 1904 que,
291 1865 389 1904 quae
411 1853 676 1904 meruissent,
717 1854 890 1908 praemia
923 1854 969 1894 ab
991 1869 1034 1894 se
1057 1854 1211 1894 deuicta
1234 1852 1361 1894 Gallia
1387 1859 1647 1906 expectarent

159 1918 455 1974 equitatumque
476 1935 630 1962 omnem
653 1929 689 1962 et
713 1922 880 1976 peditum
914 1923 1018 1963 milia
1050 1922 1180 1962 decem
1215 1921 1288 1962 sibi
1311 1921 1495 1962 celeriter
1515 1919 1644 1960 mitte·
1674 1926 1718 1961 25

304 2111 317 2143 1
341 2121 418 2143 esse
439 2121 568 2143 omnem
591 2113 661 2144 AB
676 2113 744 2153 Ce,
765 2123 895 2145 omnem
916 2124 991 2145 esse
1012 2123 1044 2145 u.
1189 2113 1359 2155 populum,
1382 2111 1560 2143 suasBae
1582 2110 1648 2140 ’'re-

160 2160 286 2202 lr'qui',·
307 2162 463 2204 populum
484 2163 514 2194 in
536 2174 614 2196 suas
635 2164 809 2206 Scalzger·,
834 2165 906 2196 ‘elle'
923 2164 1123 2205 astipulari
1140 2164 1311 2195 uidentur
1329 2162 1422 2194 And.
1444 2159 1585 2200 Ooeonst,
1608 2170 1644 2191 π,

301 2214 321 2244 4
340 2214 402 2243 etsi
423 2213 512 2244 bello
534 2215 594 2246 be.
759 2217 779 2247 8
798 2214 915 2257 rebus]
936 2215 1046 2257 iisque
1066 2225 1093 2246 r.
1114 2224 1276 2256 saprum.
1298 2216 1332 2244 in
1354 2214 1383 2245 b.
1548 2215 1648 2251 atque

158 2273 252 2294 arma
273 2264 327 2295 Be
349 2265 545 2307 ‘plerz‘que'‚
568 2271 672 2308 atque
692 2268 733 2298 ad
755 2278 846 2299 arma
866 2277 901 2299 u.
1067 2267 1085 2298 9
1106 2266 1332 2297 descenderet
1352 2265 1369 2295 b
1384 2263 1471 2303 cde,
1493 2262 1646 2294 discede-

157 2320 211 2346 ret
227 2315 258 2346 B
275 2315 446 2357 ‘1·eliqm'‘.
605 2318 715 2349 minus
736 2317 925 2349 confideret
942 2318 972 2349 B
993 2316 1112 2348 ‘teu-lem
1132 2327 1228 2356 mss„
1251 2318 1313 2357 qui
1330 2315 1527 2346 diseederet
1544 2314 1647 2344 etl-lei-

160 2365 282 2406 bent',·
302 2368 412 2398 miuus
432 2368 497 2399 sibi
517 2369 705 2401 confideret
724 2370 740 2401 b
754 2370 816 2401 ed.
975 2367 1215 2408 Vei-cintorige
1226 2368 1267 2399 B.
1411 2367 1446 2399 11
1464 2367 1506 2398 iis
1519 2366 1646 2406 Aldus,

158 2418 213 2449 his
231 2419 261 2450 B
278 2419 356 2451 edd.
377 2424 461 2451 ante
480 2421 563 2453 Ald.
585 2432 618 2453 u.
761 2422 800 2455 12
820 2422 860 2453 de
881 2422 953 2453 iure
973 2426 1031 2452 aut
1050 2422 1091 2452 (le
1111 2420 1244 2461 legibus
1260 2421 1291 2451 A
1307 2419 1364 2460 (B)
1380 2419 1448 2450 CD
1463 2429 1483 2449 ιι
1502 2418 1649 2459 (suerat

158 2471 199 2502 de
219 2471 292 2502 iure
311 2476 371 2503 aut
389 2472 552 2513 legibus),
575 2473 614 2504 de
634 2473 768 2514 legibus
788 2479 846 2505 aut
864 2474 937 2505 iure
957 2484 985 2505 e.
1147 2473 1187 2504 14
1206 2472 1247 2503 ad
1266 2482 1302 2502 se
1323 2470 1496 2502 Decetiam
1517 2471 1579 2501 Aa
1600 2470 1648 2510 (is

159 2521 327 2563 Decetia)
349 2523 429 2554 bed
445 2527 480 2553 et
498 2525 638 2554 omissis
657 2524 697 2555 ad
718 2534 754 2556 se
773 2535 809 2564 e,
841 2525 883 2556 ad
903 2535 939 2556 se
959 2524 1061 2555 etiam
1080 2523 1110 2554 B
1129 2526 1164 2554 et
1178 2524 1230 2554 sic
1250 2522 1329 2552 ‘uel
1345 2522 1447 2553 etiam
1467 2521 1508 2552 ad
1529 2531 1566 2552 se
1584 2523 1650 2552 aut

159 2573 374 2614 simpliciter
392 2574 432 2604 ad
453 2584 490 2604 se
508 2584 589 2605 mss.
606 2574 794 2615 plerique&
927 2575 966 2607 15
986 2573 1191 2605 conuenisse
1209 2573 1391 2604 doceretur
1410 2572 1590 2614 perpaucis
1601 2570 1646 2602 A.

308 2623 346 2656 113
366 2624 520 2655 euocatis
541 2625 572 2656 b.
740 2625 778 2657 17
800 2624 939 2656 fratrem
959 2635 999 2655 ex
1020 2624 1126 2655 l'ratre
1143 2624 1189 2655 D.
1378 2623 1443 2654 duo
1462 2623 1562 2662 Affl)
1578 2622 1646 2662 Ce,

160 2687 227 2709 non.
247 2676 345 2708 duos.
489 2677 528 2708 19
549 2676 683 2708 Cottum
705 2677 737 2708 b.
879 2676 1188 2707 Conuictolitauem
1204 2675 1234 2706 B
1254 2675 1376 2714 (11133),
1399 2673 1649 2705 Conuictolita-

159 2729 226 2759 uim
245 2728 283 2767 Ι),-
303 2726 613 2759 Conuictolitauem
634 2737 667 2757 ll.
824 2727 868 2761 22
887 2726 1112 2758 dissensionis
1132 2726 1161 2758 B
1183 2727 1277 2757 ‘ms-s.
1299 2724 1438 2764 multi',
1461 2724 1649 2756 dissensio-

161 2789 239 2811 num
259 2777 349 2810 bed.
492 2778 534 2812 23
554 2778 688 2809 omissis
708 2777 809 2809 rebus
828 2778 1039 2819 Beroaldus,
1063 2778 1197 2810 omissis
1217 2778 1269 2810 his
1289 2778 1390 2809 rebus
1410 2776 1510 2809 codd.
1531 2777 1570 2809 P.
1592 2776 1647 2809 92.

304 2839 364 2867 ea,
387 2838 471 2871 quae
492 2839 508 2860 e
529 2830 624 2861 ‘ms-s.
641 2828 825 2870 pleriqne‚·
846 2833 946 2870 atque
968 2828 1016 2860 b'.
1158 2829 1199 2863 ,24
1221 2832 1441 2871 expectarent
1459 2828 1502 2860 B,

159 2881 201 2915 25
221 2890 239 2912 x
259 2880 329 2919 (B).
