1835 3240
692 173 1084 214 ---(’)3ᾲ-.Ἤ

155 294 323 335 maxime
353 290 561 344 opportuni
590 295 738 330 essent.
802 287 929 341 Quam
968 302 1048 328 rem
1080 288 1181 341 quod
1210 285 1476 330 Schneiderus
1505 292 1557 332 ita
1590 306 1633 333 se

153 359 369 402 remouisse
391 359 557 412 putauit,
582 365 624 398 ut
644 356 862 398 infinitiuos
887 356 1222 409 ‘relanguescere'
1246 362 1286 413 et
1318 357 1501 397 ‘remitti'
1534 360 1635 399 futu*

152 441 284 468 rorum
306 426 384 466 uim
418 427 595 467 obtinere
617 425 791 474 diceret,
826 425 868 464 fit
899 424 936 464 id
967 437 1044 463 non
1069 437 1160 463 raro
1183 422 1432 478 neglegentia
1455 426 1634 477 quadam,

153 502 193 535 ut
213 494 431 534 intinitiuus
454 493 674 548 praesentis
697 492 883 547 temporis
907 492 953 532 (10
976 492 1106 532 futuro
1128 497 1314 544 ponatur,
1339 491 1409 531 sed
1431 505 1637 545 numquam

154 570 248 612 tum,
275 576 361 602 cum
385 561 581 602 sententia
603 575 682 601 non
703 567 905 601 constaret
927 559 1001 600 nisi
1026 560 1155 599 futuro
1179 559 1322 612 posito.

267 627 315 668 C.
345 629 410 679 19,
436 629 460 669 5
485 630 579 669 haec
601 629 640 668 in
663 630 776 669 codd.
803 629 947 682 scripta
970 634 1083 668 sunt:
1130 634 1139 650 ‘
1157 623 1256 666 Cum
1286 640 1329 666 se
1351 626 1405 665 illi
1430 623 1638 666 identidem

153 697 193 737 in
215 698 336 738 siluas
359 698 407 737 ad
429 711 522 737 suos
546 697 772 751 reciperent
792 711 837 737 ac
859 710 998 737 rursus
1022 710 1074 735 ex
1096 695 1195 735 silua
1218 695 1257 734 in
1277 701 1436 734 nostros
1458 693 1639 747 impetum

156 767 354 815 facerent,
390 779 515 817 neque
536 765 662 805 nostri
684 764 839 819 longius
856 796 865 814 ,
899 779 1011 817 quam
1044 776 1157 816 quem
1181 762 1228 802 ad
1250 762 1367 802 finem
1390 769 1575 816 porrecta
1597 777 1641 802 ac

155 834 240 873 loca
262 840 397 886 aperta
418 833 683 886 pertinebant,
709 833 897 872 cedentes
919 831 1074 884 insequi
1097 830 1313 880 auderent,
1338 830 1495 871 interim
1520 831 1642 885 legio⁴

155 915 225 941 nes
247 915 338 950 sex,
363 914 462 953 quae
484 900 632 954 primae
652 907 861 946 uenerant,
887 913 1006 952 opere
1029 899 1204 939 dimenso
1224 905 1354 939 castra
1376 899 1531 939 munire
1554 912 1642 939 coe-

156 967 327 1022 perunt’.
369 966 414 1007 In
437 968 697 1008 collocatione
719 967 931 1008 uerborum
957 972 968 990 ⁶
983 974 1166 1021 porrecta
1188 981 1233 1007 ac
1256 967 1341 1007 loca
1363 966 1521 1020 aperta'
1556 981 1642 1008 cum

157 1036 351 1076 haesisset
371 1034 559 1076 Dauisius
592 1042 633 1076 et
663 1049 799 1089 parum
830 1036 1040 1076 attendens
1076 1035 1123 1074 ad
1155 1035 1319 1074 formam
1342 1035 1557 1088 particulae
1580 1051 1643 1076 co-

156 1103 353 1157 pulatiuae
378 1111 584 1157 ‘porrecta
605 1118 651 1144 ac
672 1110 805 1157 aperta
828 1102 933 1143 loca'
956 1103 1206 1143 scribendum
1230 1110 1432 1157 putasset,
1458 1100 1644 1144 Clarkius

158 1185 242 1213 eam
272 1172 465 1211 rationem
498 1172 757 1221 monstrauit,
801 1185 874 1224 qua
905 1184 983 1211 una
1012 1170 1218 1211 collocatio
1250 1170 1461 1211 uerborum
1490 1171 1644 1211 defendi

159 1246 301 1293 potest,
326 1246 369 1280 ut
392 1239 604 1293 ‘porrecta'
628 1253 697 1293 per
717 1253 760 1279 se
778 1239 905 1293 posita
928 1245 968 1278 et
991 1237 1105 1279 ‘loca'
1128 1239 1175 1279 ad
1200 1237 1366 1292 ‘aperta'
1391 1245 1539 1278 tantum
1559 1253 1647 1293 per-

159 1307 289 1347 tinere
311 1307 477 1347 diceret.
527 1306 670 1360 Neque
693 1321 766 1360 ego
789 1307 826 1346 id
848 1320 1030 1360 quaeram
1047 1336 1056 1354 ,
1090 1320 1160 1346 cur
1188 1303 1344 1347 Caesar
1374 1306 1428 1347 ita
1460 1307 1647 1361 perplexe

161 1374 292 1415 dicere
314 1375 498 1414 maluerit
519 1388 634 1427 quam
655 1374 886 1427 simpliciter
909 1374 1011 1414 ‘loca
1032 1381 1215 1427 porrecta
1236 1381 1353 1427 atque
1375 1374 1548 1428 aperta',
1574 1374 1648 1415 etsi

162 1442 278 1481 huius
300 1442 358 1482 rei
380 1442 475 1482 satis
497 1441 708 1481 infeliciter
725 1438 991 1481 Schneiderus
1013 1441 1231 1481 reddidisse
1247 1442 1444 1482 rationem
1466 1443 1644 1482 uidetur:

162 1509 200 1548 id
222 1509 325 1549 scire
347 1509 480 1558 uelim,
505 1508 593 1561 quid
615 1508 670 1548 ita
692 1508 788 1548 haec
810 1508 897 1548 loca
918 1515 1101 1562 porrecta
1123 1508 1197 1548 dici
1220 1508 1432 1562 potuerint.
1464 1509 1524 1550 Ita
1545 1511 1649 1551 enim

163 1590 281 1629 supra
304 1589 338 1615 c.
366 1576 418 1616 18
440 1575 636 1628 descripta
658 1583 775 1615 sunt:
815 1573 939 1614 ‘Loci
962 1582 1102 1616 natura
1125 1576 1220 1616 haec
1243 1583 1349 1626 erat,
1385 1592 1497 1630 quem
1520 1578 1649 1618 locum

165 1643 289 1683 nostri
312 1643 455 1682 castris
479 1642 722 1696 delegerant.
788 1639 913 1682 Collis
937 1643 983 1682 ab
1006 1657 1156 1683 summo
1178 1644 1395 1697 aequaliter
1416 1646 1579 1686 decliuis
1603 1647 1649 1686 ad

164 1712 304 1751 1111111011
327 1708 462 1751 Sabim
485 1710 688 1764 uergebat,
741 1709 805 1750 Ab
828 1724 875 1750 eo
897 1710 1056 1750 flumine
1078 1711 1161 1765 pari
1183 1711 1405 1753 accliuitate
1438 1713 1549 1754 collis
1583 1728 1652 1754 na-

164 1779 347 1819 scebatur
367 1778 560 1819 aduersus
582 1778 672 1818 hnic
694 1785 735 1819 et
749 1778 987 1828 contrarius,
1014 1793 1152 1833 passus
1175 1780 1335 1821 circiter
1356 1782 1543 1822 ducentos
1566 1782 1652 1822 infi-

164 1861 250 1888 mus
273 1854 447 1901 apertus,
471 1847 519 1886 ab
541 1846 747 1900 superiore
768 1854 878 1901 parte
900 1847 1096 1887 siluestris
1111 1878 1122 1897 ,
1151 1855 1193 1888 ut
1215 1863 1294 1888 non
1317 1849 1432 1889 facile
1454 1850 1652 1890 introrsus

167 1915 332 1969 perspici
355 1913 518 1968 posset'.
552 1913 616 1954 Ad
637 1928 735 1964 rem,
761 1929 874 1968 quam
896 1915 1064 1970 agimus,
1090 1916 1185 1955 nihil
1207 1917 1394 1970 pertinet,
1419 1924 1547 1957 utrum
1564 1931 1654 1958 uer·

166 1984 224 2023 bis
250 1990 406 2037 ‘passus
430 1981 588 2022 circiter
610 1982 814 2024 ducentos'
836 1983 1018 2037 spatium,
1045 1984 1145 2036 quod
1167 1984 1273 2024 inter
1289 1985 1428 2025 collem
1450 1993 1490 2025 et
1511 1986 1654 2026 flumen

166 2051 459 2099 intercedebat,
495 2050 747 2104 designetur,
779 2065 828 2091 au
856 2051 894 2091 id
917 2051 1081 2104 spatium
1104 2051 1229 2105 ipsius
1251 2053 1362 2093 collis
1378 2083 1388 2103 ,
1424 2054 1524 2106 quod
1556 2054 1654 2094 silua

168 2118 349 2168 uacabat,
375 2132 607 2172 quamquam
628 2119 736 2169 mihi,
762 2133 847 2159 cum
869 2119 1002 2159 statim
1019 2117 1161 2159 Neruii
1184 2120 1363 2160 dicantur
1379 2121 1552 2173 equitum
1575 2129 1655 2162 sta-

167 2187 294 2226 tiones
326 2186 509 2226 habuisse
541 2187 579 2226 in
607 2194 743 2240 aperto
773 2187 858 2227 loco
891 2187 1103 2227 secundum
1132 2188 1301 2238 flumen,
1336 2189 1400 2242 qui
1431 2189 1532 2229 alius
1564 2204 1654 2230 esse

168 2267 279 2306 quam
303 2254 434 2293 infima
455 2268 545 2307 pars
568 2254 697 2304 collis,
723 2269 835 2308 quam
858 2263 1033 2309 apertam
1055 2256 1168 2309 paulo
1190 2263 1280 2296 ante
1304 2256 1461 2297 dixerat
1483 2255 1652 2308 Caesar,

169 2336 246 2361 non
272 2329 424 2377 potest,
459 2322 529 2362 hac
558 2336 602 2362 re
634 2323 896 2363 demonstrari
920 2324 1096 2372 uidetur,
1131 2323 1242 2363 collis
1264 2324 1420 2364 radices
1443 2326 1488 2364 ad
1513 2326 1654 2366 flumen

170 2404 291 2442 usque
313 2390 567 2444 pertinuisse.
608 2389 703 2441 Sed,
726 2398 814 2431 utut
838 2393 933 2432 haec
956 2405 1020 2431 res
1043 2404 1084 2431 se
1109 2391 1240 2441 habet,
1269 2392 1481 2445 ‘porrecta'
1504 2393 1568 2433 illa
1593 2400 1654 2434 ‘ac

170 2459 254 2498 loca
277 2457 435 2511 aperta'
472 2472 517 2498 ea
539 2457 805 2512 intellegenda
837 2472 926 2500 esse
959 2467 1145 2513 apparet,
1180 2473 1279 2512 quae
1312 2461 1418 2500 inter
1449 2461 1593 2501 flumen
1617 2468 1656 2501 et

170 2525 289 2565 siluas
321 2525 634 2567 intercedebant.
699 2524 812 2579 Quae
842 2527 932 2581 quid
963 2535 1072 2577 erat,
1107 2541 1179 2567 cur
1200 2534 1382 2581 porrecta
1403 2528 1657 2569 dicerentur?

172 2590 214 2631 In
237 2593 308 2633 hoc
330 2593 432 2633 enim
456 2594 650 2634 uocabulo
672 2595 706 2634 si
729 2608 803 2647 qua
823 2594 928 2635 inest
949 2595 1159 2649 peculiaris
1181 2594 1337 2635 habitus
1361 2596 1436 2635 loci
1462 2597 1657 2650 significa-

175 2659 243 2707 tio,
268 2660 349 2701 sola
369 2661 486 2715 spatii
508 2662 711 2717 longitudo
734 2663 925 2703 declarari
948 2671 1100 2717 potest,
1135 2677 1249 2717 quam
1281 2663 1328 2704 ab
1360 2663 1419 2703 his
1442 2664 1537 2704 locis
1560 2664 1656 2705 alie-

177 2739 263 2765 nam
286 2740 373 2768 esse
395 2735 569 2782 apertum
593 2736 668 2769 est.
708 2728 813 2770 Nam
830 2729 974 2771 Neruii
997 2746 1032 2771 c.
1053 2731 1121 2781 19,
1146 2730 1188 2781 7,
1213 2746 1300 2771 cum
1324 2744 1376 2770 ex
1397 2731 1506 2771 siluis
1530 2745 1656 2772 erum—

176 2800 337 2846 perent,
370 2796 417 2835 ad
447 2796 589 2836 flumen
620 2797 903 2849 decurrerent,
945 2799 1087 2840 1111111011
1116 2799 1358 2848 transirent,
1400 2798 1495 2838 haec
1527 2798 1657 2837 omnia

177 2875 299 2913 paene
322 2875 399 2902 uno
423 2869 598 2917 tempore
628 2864 771 2907 fecisse
793 2866 989 2907 dicuntur.
1052 2866 1190 2920 Itaque
1222 2867 1314 2919 quin
1346 2866 1442 2906 haec
1473 2872 1656 2919 corrupta
