1835 3240
67 172 151 232 θυι)
494 192 768 234 AnnENnA
792 193 870 233 ET
892 191 1272 235 CORRIGENDA

137 306 286 347 profert
302 309 339 337 et
354 316 375 338 a
393 307 514 338 uerbis
533 307 697 339 Caesaris
715 306 887 338 nonnihil
901 306 1148 347 discreparent
1165 310 1200 339 et
1216 318 1262 339 ex
1279 307 1364 339 aliis
1383 307 1496 348 libris,
1517 316 1623 349 quam

142 359 179 389 in
197 358 324 399 quibus
341 358 438 400 apud
456 359 646 390 Caesarem
665 358 846 399 leguntur,
863 360 981 400 petita
1000 358 1218 390 dicerentur.
1253 358 1393 391 Neutro
1411 362 1624 401 argumento

141 408 189 448 τό,
211 408 306 450 quod
322 409 540 441 lVilmansio
559 411 677 440 uisum
695 411 759 448 est,
775 408 930 449 probari
946 410 1004 449 iis,
1026 419 1116 450 quae
1130 420 1166 451 p.
1180 409 1235 449 37,
1250 408 1268 440 3
1289 409 1459 449 diximus,
1481 409 1624 440 demon-

137 463 292 492 stratur.
434 460 490 499 39,
504 460 546 492 24
558 458 771 499 Exemplar-i
780 458 998 490 Fabriciano
1017 461 1125 490 etiam
1135 459 1312 490 Davisius
1329 461 1367 490 in
1386 461 1481 491 curis
1499 470 1623 491 secun-

139 511 194 543 dis
212 521 297 543 usus
314 515 368 543 est
384 515 419 543 et
434 512 626 552 scripturis
644 520 665 541 a
681 510 833 542 Gruter-o
849 513 1008 542 enotatis
1018 512 1220 554 Dionysius
1233 511 1394 544 Vossius.
1533 513 1590 549 43,
1603 512 1623 544 9

138 564 182 595 ab
200 566 260 595 im.
274 564 513 595 Hauniensem
528 565 687 604 primum
702 566 787 604 post
797 563 1061 605 Elberlingium
1079 564 1250 596 adhibuit
1261 563 1455 597 IVlzittius.
1482 564 1535 595 De
1553 574 1622 605 quo

139 615 258 646 codice
275 613 370 655 quod
387 613 581 654 aliquoties
599 623 620 644 a
638 614 739 644 nobis
756 614 947 645 secundum
960 614 1142 646 silentium
1155 615 1374 656 conserentis
1385 615 1541 646 relatum
1554 619 1619 656 est,

137 662 176 694 id
193 665 362 706 ibisecim
370 675 420 704 us,
434 665 497 695 ubi
512 665 884 696 secundiHauniensis
901 668 977 697 siue
993 666 1253 708 Gottorpiensis
1265 669 1484 708 scripturam
1500 669 1552 698 ita
1563 677 1624 709 po-

136 716 458 756 sueratll'lzittius,
471 720 522 757 nt,
543 717 633 758 quid
648 719 685 748 in
698 719 820 759 primo
840 719 1050 758 inuenisset,
1061 721 1266 759 appareret.
1409 720 1466 759 44,
1482 719 1520 751 12
1539 722 1623 750 ante

140 767 212 799 ‘ille
232 769 371 800 esceidit
390 768 485 810 ‘ipse'
503 768 573 800 uel.
714 769 769 809 46,
788 769 827 802 12
843 770 965 801 Etiam
985 780 1075 811 quae
1093 773 1129 801 in
1147 773 1260 811 gestis
1283 770 1520 803 Treuerorum
1538 783 1566 803 c.
1583 772 1619 804 11

135 816 180 840 '—
193 818 233 850 17
253 819 422 860 leguntur
438 821 597 850 maxime
613 829 659 850 θῶ·
677 821 804 860 quinto
823 823 858 852 et
873 824 977 852 sea-to
997 831 1122 852 comm.
1140 821 1181 852 de
1199 822 1230 852 b.
1247 820 1341 853 Gall.
1356 825 1487 864 petita,
1506 834 1552 854 ea:
1570 825 1623 854 in-

138 871 314 911 terpolato
332 871 451 903 codice
470 871 650 912 descripta
669 875 767 903 sunt.
916 873 970 909 47,
988 874 1009 907 2
1027 873 1070 904 ab
1090 875 1151 904 im.
1171 883 1241 904 scr.
1262 873 1426 906 dicendae
1446 877 1481 906 et
1497 885 1532 906 u.
1553 874 1619 906 ult.

135 919 306 961 singulae.
449 921 503 962 53,
524 922 542 954 9
563 923 604 953 ab
622 924 683 953 im.
704 926 789 954 ante
811 922 973 954 collocari
992 922 1082 955 adde
1099 928 1134 955 et
1152 924 1263 955 omnia
1281 924 1412 955 auxilia
1431 928 1468 956 et
1483 935 1518 956 u.
1540 926 1560 957 8
1577 925 1622 956 ab

133 973 195 1002 im.
208 973 292 1012 post
300 971 460 1013 compleri
474 971 564 1004 adde
576 977 609 1004 et
622 972 755 1004 interea
768 973 923 1005 sarcinas
937 974 969 1005 in
984 984 1084 1005 unum
1097 974 1208 1006 locum
1222 975 1386 1007 conferri.
1528 976 1583 1014 56,
1599 977 1619 1007 4

135 1020 180 1051 ab
200 1022 260 1052 im.
280 1031 348 1053 scr.
369 1023 424 1062 44,
448 1023 502 1055 11.
652 1024 706 1064 57,
728 1024 770 1056 14
787 1035 856 1057 scr.
880 1026 919 1058 13
934 1036 1001 1066 pro
1020 1026 1061 1058 22
1081 1030 1119 1058 et
1138 1026 1174 1059 11
1190 1037 1260 1068 pro
1281 1026 1321 1059 19
1341 1030 1377 1059 et
1395 1037 1428 1058 u.
1450 1026 1490 1059 16
1510 1026 1538 1058 si
1551 1037 1621 1068 pro

137 1070 218 1102 nisi.
376 1073 431 1114 63,
451 1073 494 1107 20
514 1084 583 1106 scr.
604 1080 680 1106 erat
698 1075 794 1107 haec.
932 1077 989 1117 64,
1010 1076 1050 1108 13
1068 1087 1137 1109 scr.
1158 1076 1188 1119 ἓ.
1209 1079 1227 1110 6
1247 1081 1283 1109 et
1298 1088 1334 1109 u.
1353 1077 1397 1111 26
1415 1087 1484 1109 scr.
1505 1082 1539 1109 et
1551 1087 1621 1119 pro

135 1132 188 1155 ac.
330 1123 441 1165 68,15
461 1125 504 1156 ab
524 1127 586 1156 im.
601 1129 684 1166 post
694 1125 772 1157 Par.
793 1137 862 1159 sec.
881 1127 971 1158 adde
981 1127 1080 1160 Leid.
1094 1139 1144 1171 pr.
1158 1128 1232 1160 Cui.
1251 1132 1286 1160 et
1302 1140 1337 1160 u.
1356 1129 1395 1160 12
1413 1130 1456 1160 ab
1474 1131 1532 1161 im.
1549 1138 1619 1160 scr.

134 1174 208 1216 Vll,
229 1175 286 1215 40,
306 1175 339 1207 6.
482 1177 537 1217 69,
560 1178 600 1209 16
618 1178 661 1208 ab
681 1180 741 1209 im.
762 1188 830 1210 scr.
852 1179 1029 1211 ciuitatum
1050 1183 1087 1211 et
1102 1190 1137 1211 u.
1161 1180 1202 1214 14
1219 1181 1263 1211 ab
1284 1182 1345 1211 im.
1368 1179 1422 1218 70,
1443 1180 1475 1211 6.

134 1225 189 1264 70,
211 1226 225 1258 1
246 1236 316 1257 scr.
337 1225 363 1266 Ι,
387 1227 439 1266 14,
462 1227 494 1259 1.
633 1228 687 1268 72,
705 1230 726 1261 2
744 1239 813 1260 scr.
835 1229 858 1267 1,
877 1230 932 1270 36,
946 1231 966 1262 2
986 1233 1023 1261 et
1036 1240 1072 1261 u.
1090 1231 1109 1262 3
1123 1230 1165 1271 11,
1179 1232 1212 1271 8,
1227 1232 1330 1272 2pro
1349 1230 1391 1271 ΙΙ,
1411 1231 1444 1271 8,
1464 1231 1497 1263 3.
1517 1230 1625 1272 Apud

136 1277 212 1310 Cic.
232 1279 326 1310 Phil.
346 1279 408 1319 IX,
426 1278 457 1319 7,
476 1280 529 1319 16,
549 1290 652 1321 quem.
670 1280 784 1312 Iocum
801 1284 1044 1322 praetermisi,
1066 1285 1102 1314 in
1117 1282 1296 1314 Vaticano
1315 1283 1434 1314 codice
1451 1285 1506 1313 est
1521 1291 1620 1324 quoq.

133 1339 268 1361 uersus.
391 1331 447 1371 74,
465 1332 501 1363 15
514 1332 558 1363 ab
572 1334 632 1363 im.
646 1332 857 1374 Maduigius
870 1336 904 1364 in
918 1334 1076 1366 emendd.
1095 1335 1170 1366 Cic.
1188 1335 1273 1366 libb.
1288 1335 1329 1366 de
1341 1335 1435 1375 legg.
1451 1338 1485 1366 et
1495 1334 1620 1366 acadd.

126 1391 167 1423 p.
189 1381 252 1413 183
271 1384 358 1413 item
378 1385 422 1413 ut
436 1382 624 1414 Bentleius
642 1384 933 1426 etElbcrlingius
951 1386 1174 1417 scribendum
1195 1388 1447 1417 existimauit:
1466 1386 1517 1417 Ad
1537 1386 1624 1417 alte-

131 1441 203 1464 ram
223 1439 351 1474 partem
379 1434 569 1465 succedunt
586 1433 684 1475 Vbii,
704 1446 846 1477 quorum
867 1436 932 1468 fuit
950 1437 1075 1468 ciuitas
1095 1437 1207 1479 ampla
1224 1442 1326 1479 atque
1346 1439 1492 1479 florens,
1514 1443 1552 1469 ut
1569 1442 1622 1470 est

133 1488 250 1525 eaptus
270 1484 537 1525 Germanorum,
559 1487 680 1528 paulo,
701 1497 799 1529 quam
819 1493 899 1519 sunt
916 1488 1067 1520 eiusdem
1087 1490 1225 1529 generis
1245 1490 1365 1528 ceteri,
1387 1490 1618 1533 humaniores,

132 1537 218 1576 qnia
243 1537 353 1568 uerba
379 1541 415 1568 ut
435 1541 489 1568 est
506 1543 625 1579 captus
644 1536 891 1570 Germanorum
910 1542 1111 1572 necessario
1130 1551 1209 1572 cum.
1226 1543 1456 1582 sequentibus
1475 1545 1622 1574 coniun-

129 1588 247 1630 genda
264 1592 400 1621 essent:
420 1593 520 1631 captu
533 1592 624 1621 enim
635 1590 858 1632 facultatem
874 1594 1011 1622 tantum
1026 1594 1392 1634 ingeniisrgngficari.
1412 1594 1486 1625 Hoc
1496 1604 1622 1626 uerum

133 1641 188 1670 est
201 1663 209 1677 ‚
228 1639 403 1682 uideoque
422 1650 475 1671 mc
492 1643 611 1672 minus
630 1645 724 1673 reete
743 1642 918 1674 iudicium
936 1645 1217 1686 interpretatum
1236 1655 1323 1676 esse.
1357 1644 1484 1677 Nihilo
1504 1649 1621 1678 tamen

130 1692 249 1722 minus
266 1702 381 1724 meam
399 1695 576 1725 rationem
597 1697 712 1734 teneo,
729 1705 807 1725 cum
827 1695 892 1726 illa
911 1697 1027 1726 ascita
1047 1698 1224 1737 originem
1244 1697 1470 1738 corruptelae
1483 1707 1552 1729 non
1565 1707 1621 1728 sa-

132 1745 178 1774 tis
191 1746 422 1786 perspiciam,
438 1755 549 1786 neque
561 1747 868 1786 significationem
882 1747 1050 1778 vocabuli
1061 1752 1179 1789 captus
1192 1748 1444 1789 impedimento
1458 1759 1532 1779 esse
1543 1749 1621 1779 ewi-

130 1797 249 1835 stimo,
272 1805 341 1836 quo
359 1798 479 1827 minus
497 1797 607 1828 uerba
626 1802 661 1828 ut
679 1802 734 1828 est
752 1801 869 1839 captus
889 1796 1134 1829 Germanorum
1153 1799 1400 1839 superioribus
1418 1798 1618 1840 adiungan-

130 1849 205 1878 tur.
243 1847 317 1879 Hoc
335 1850 425 1879 enim
447 1848 539 1880 dicit
558 1849 713 1889 Caesar,
734 1851 918 1880 ciuitatem
938 1849 1112 1881 Vbiorum
1129 1849 1289 1891 amplam
1307 1853 1414 1891 atque
1423 1851 1619 1892 florentem

121 1898 255 1940 fuisse,
269 1899 410 1940 qualem
431 1900 707 1941 amplitudinem
724 1900 899 1942 etflorem
913 1900 1169 1932 Germanorum
1188 1902 1371 1941 ingenium
1387 1903 1552 1942 recipiat,
1565 1903 1619 1932 ni-

129 1952 260 1982 mirum
279 1961 385 1992 opum
403 1954 511 1992 atque
524 1954 726 1992 potentiae.
752 1951 912 1983 Romano
931 1955 1048 1982 autem
1066 1951 1215 1991 homini,
1230 1954 1270 1982 ut
1283 1953 1415 1983 ciuitas
1426 1952 1547 1994 ampla
1561 1956 1618 1984 at—

129 2013 195 2044 que
204 2003 344 2045 florens
363 2003 438 2034 dici
450 2006 583 2044 posset,
593 2006 826 2043 praestantia
846 2003 961 2044 legum
979 2005 1150 2034 instituta
1165 2005 1393 2045 ipsorumque
1409 2007 1542 2036 ciuium
1556 2005 1620 2036 hu-

129 2056 288 2085 manitas
300 2055 440 2094 requiri
449 2053 664 2093 uidebatur,-
678 2056 785 2095 atque
798 2064 872 2085 eam
885 2055 1147 2086 humanitatem
1158 2065 1296 2096 quoque
1310 2056 1444 2087 Caesar
1455 2060 1617 2099 eoeparte

131 2104 229 2137 Vbiis
248 2104 419 2136 concedit.
561 2105 670 2143 75,16
691 2115 760 2136 scr.
774 2104 1006 2137 Schneiderus
1025 2104 1238 2146 Scaligerani
1253 2111 1287 2137 et
1301 2107 1510 2148 quorundam
1522 2107 1614 2138 dete-

129 2157 254 2189 riorum
275 2157 441 2189 codicum.
592 2157 647 2198 78,
671 2157 707 2189 11
731 2157 774 2189 ab
793 2159 855 2188 im.
875 2166 943 2188 scr.
964 2158 1020 2200 29,
1040 2157 1072 2189 3.
1211 2158 1266 2198 79,
1288 2158 1328 2190 13
1347 2162 1430 2190 ante
1447 2158 1543 2190 Haun
1560 2168 1612 2201 pr.

129 2209 219 2241 adde
237 2208 311 2240 Cui.
332 2211 368 2240 et
384 2207 459 2240 dele
477 2207 543 2240 Ox.
564 2212 601 2240 et
618 2219 652 2239 u.
666 2208 707 2242 ,23
726 2218 796 2240 scr.
816 2210 837 2241 4
851 2219 919 2250 pro
938 2209 969 2241 3.
1111 2209 1166 2247 80,
1181 2209 1280 2242 aser.
1301 2208 1409 2250 11,29,
1425 2210 1443 2241 5
1462 2213 1498 2242 et
1513 2220 1549 2242 u.
1571 2209 1613 2243 17

129 2259 172 2290 ab
191 2261 252 2291 im.
268 2259 324 2300 111,
337 2260 389 2298 61,
402 2261 434 2292 3.
577 2261 632 2300 83,
650 2260 663 2292 1
678 2270 748 2291 scr.
763 2260 1028 2292 Indutiomarum
1040 2264 1077 2293 et
1087 2271 1123 2292 u.
1138 2260 1230 2293 14ab
1241 2262 1300 2292 im.
1317 2259 1375 2302 VI,
1391 2262 1422 2299 9,
1436 2262 1469 2293 6.

128 2311 183 2350 85,
199 2311 217 2343 3
236 2308 359 2342 Posset
378 2313 413 2342 et
431 2310 539 2353 possit
557 2311 651 2342 male
668 2313 705 2342 in
725 2311 826 2344 codd.
842 2315 1054 2353 permutata
1067 2315 1155 2344 sunt
1171 2313 1201 2343 b.
1220 2311 1312 2344 Gall.
1328 2312 1357 2351 I,
1379 2310 1432 2352 17,
1446 2312 1478 2344 3.
1496 2312 1542 2353 II,
1556 2312 1611 2354 17,

128 2363 147 2393 4
168 2365 263 2394 eaetr.
287 2363 338 2403 18,
360 2363 392 2395 2.
414 2361 474 2402 VI,
494 2363 550 2402 29,
571 2363 602 2394 4.
625 2362 666 2394 33
686 2365 781 2394 eoetr.
803 2362 880 2403 VII,
901 2364 933 2404 2,
954 2364 987 2397 2.
1008 2363 1061 2402 71,
1079 2364 1113 2398 2.
1134 2363 1265 2396 Verum
1281 2363 1308 2404 J,
1329 2363 1362 2404 8,
1376 2364 1410 2397 2.
1429 2362 1492 2404 III,
1509 2363 1562 2401 11,
1576 2365 1609 2396 5.

129 2412 178 2453 V,
202 2413 239 2445 11
256 2437 263 2453 ,
287 2415 317 2445 4.
340 2413 394 2453 46,
417 2415 435 2446 4
452 2415 665 2455 imperfecta
683 2417 778 2445 recte
792 2418 981 2456 ponuntur
997 2418 1120 2456 utpote
1138 2415 1340 2456 eatfuturis
1356 2413 1516 2446 directae
1534 2425 1613 2447 ora-

130 2465 240 2494 tionis
259 2473 443 2495 conuersa.
586 2465 643 2505 86,
655 2465 675 2495 2
691 2464 882 2506 postLeid.
904 2476 955 2508 pr.
975 2465 1066 2498 adde
1083 2464 1227 2498 etvind.
1239 2475 1290 2507 pr.
1429 2464 1484 2506 87,
1497 2465 1516 2497 9
1530 2465 1610 2497 Pal-

127 2524 269 2546 marum
295 2515 538 2547 similitudine
564 2518 601 2547 in
621 2517 788 2548 cornibus
807 2518 1048 2550 describendis
1065 2520 1173 2550 etiam
1191 2518 1332 2549 Plinius
1348 2527 1434 2549 usus
1453 2522 1508 2549 est
1525 2519 1610 2550 hist.

127 2569 205 2597 nat.
224 2565 285 2605 XI,
306 2565 361 2603 37,
387 2566 446 2598 123
463 2580 470 2596 :
492 2566 626 2609 Sparsit
643 2568 727 2600 haee
748 2567 897 2610 [cornua
915 2568 1061 2611 natura]
1081 2569 1114 2600 in
1133 2578 1244 2600 ramos
1263 2573 1300 2600 ut
1316 2579 1509 2609 ceruorum,
1530 2569 1609 2601 aliis

127 2617 297 2659 simplicia
316 2617 436 2648 tribuit
454 2621 491 2648 ut
508 2618 540 2648 in
559 2618 677 2650 eodem
691 2629 818 2660 genere
834 2620 1058 2652 subulonibus
1072 2630 1113 2652 ex
1126 2625 1324 2661 argumento
1338 2620 1451 2662 dictis,
1466 2620 1610 2652 aliorum

127 2669 227 2701 finxit
244 2669 277 2700 in
298 2669 427 2711 palmas
447 2669 636 2711 digitosque
656 2671 769 2703 emisit
787 2682 828 2703 ex
847 2672 902 2711 iis,
921 2673 1009 2705 unde
1023 2672 1259 2715 placycerotas
1273 2677 1409 2704 uocant.
1551 2672 1607 2713 88,

129 2721 169 2754 15
189 2722 232 2752 ab
251 2723 311 2752 im.
333 2731 402 2752 scr.
424 2720 483 2761 ΙΙΙ,
506 2722 536 2761 6,
559 2723 576 2753 5
592 2732 661 2763 pro
680 2722 739 2763 ΙΙΙ,
760 2724 793 2764 6,
814 2724 847 2756 3.
1014 2723 1069 2765 90,
1089 2725 1106 2756 5
1125 2724 1170 2755 ab
1188 2726 1250 2756 im.
1268 2734 1338 2756 ser.
1357 2725 1414 2766 20,
1434 2725 1467 2758 3.

129 2772 243 2814 97,18
260 2782 330 2804 scr.
352 2773 530 2804 accedant.
672 2774 727 2814 98,
741 2775 759 2806 5
778 2784 848 2805 scr.
860 2775 914 2815 58,
927 2776 960 2809 2.
1101 2775 1177 2813 101,
1193 2775 1232 2808 13
1251 2776 1294 2807 ab
1312 2777 1374 2808 im.
1387 2786 1455 2808 scr.
1470 2774 1612 2819 ἔθαψεν

130 2827 165 2856 et
181 2835 217 2856 u.
237 2825 255 2858 7
274 2825 318 2856 ab
336 2826 398 2856 im.
421 2824 445 2865 1,
467 2824 522 2865 77,
542 2825 573 2857 2.
719 2826 851 2866 105,12
867 2825 948 2859 Νοη
966 2827 1083 2858 solum
1101 2827 1153 2859 his
1169 2837 1236 2869 pro
1254 2827 1310 2869 iis,
1329 2827 1391 2859 sed
1407 2830 1516 2860 etiam
1534 2828 1608 2868 hos,

128 2886 206 2908 cum
232 2886 292 2908 eos
319 2877 476 2908 scribere
496 2876 681 2917 deberent,
702 2876 872 2910 librarios
886 2880 1048 2920 posuisse
1067 2881 1267 2912 certissimo
1286 2879 1496 2912 documento
1513 2881 1611 2919 sunt,
