1835 3240
108 882 149 915 10

108 1221 148 1254 15

109 1560 151 1593 20

598 149 783 194 COMM.
809 149 848 193 V
876 146 1002 191 CAP.
1030 147 1227 189 17—21.
1654 149 1735 191 359

177 267 362 311 seruabat
384 266 620 320 paulumque
650 279 704 306 ex
732 264 798 305 uia
819 263 1039 305 excedebat
1059 261 1236 315 locisque
1257 261 1452 314 impeditis
1474 275 1520 302 ac
1542 262 1661 303 silue-

177 335 325 377 stribus
347 347 437 375 sese
460 333 680 374 occultabat
701 340 816 385 atque
837 332 885 372 iis
907 330 1135 386 regionibus
1151 360 1161 377 ,
1186 329 1325 382 quibus
1346 342 1418 368 nos
1440 329 1517 368 iter
1540 331 1661 370 factu-

175 416 241 444 ros
265 408 520 456 cognouerat,
546 415 690 455 pecora
712 408 829 453 atque
852 399 1030 439 homines
1053 412 1105 439 ex
1127 397 1232 452 agris
1254 396 1294 436 in
1317 396 1437 436 siluas
1456 397 1663 448 compelle-

174 471 243 511 bat
265 478 318 520 et,
345 484 432 510 cum
456 469 652 522 equitatus
686 475 822 508 noster
842 467 1006 507 liberius
1029 466 1240 520 praedandi
1261 463 1522 516 uastandique
1545 476 1664 503 causa
1684 464 1712 503 2

181 551 224 578 se
244 538 286 578 in
307 551 425 591 agros
448 538 640 587 eiecerat,
674 535 856 576 omnibus
887 534 963 574 uiis
985 533 1214 586 semitisque
1237 531 1458 573 essedarios
1481 545 1534 571 ex
1555 530 1664 570 siluis

178 605 381 646 emittebat
402 612 441 645 et
462 618 603 657 magno
636 618 721 644 cum
752 602 925 656 periculo
948 608 1175 641 nostrorum
1199 601 1370 653 equitum
1394 614 1481 639 cum
1502 598 1550 638 iis
1573 612 1668 638 con-

179 673 340 727 fligebat
361 680 478 725 atque
501 672 573 712 hoc
595 679 701 712 metu
722 671 840 711 latius
863 670 1000 724 uagari
1037 668 1280 722 prohibebat.
1335 666 1664 720 Relinquebatur,
1688 665 1713 706 3

177 747 220 780 ut
240 754 368 793 neque
389 739 546 792 longius
570 738 617 779 ab
639 739 795 792 agmine
817 738 1015 792 legionum
1038 736 1184 776 discedi
1209 733 1361 776 Caesar
1382 742 1603 790 pateretur,
1630 740 1669 774 et

178 815 327 848 tantum
359 808 400 847 in
432 806 538 861 agris
573 807 773 847 uastandis
795 807 1068 858 incendiisque
1092 804 1281 844 faciendis
1306 804 1483 844 hostibus
1505 815 1669 843 nocere-

183 882 259 925 tur,
286 882 474 928 quantum
504 873 639 915 labore
668 882 786 928 atque
817 874 961 914 itinere
983 872 1193 926 legionarii
1215 872 1359 912 milites
1382 873 1537 912 efficere
1558 876 1667 924 pote-

179 950 285 984 rant.
328 941 491 983 Interim
514 940 799 992 Trinobantes,
836 956 957 996 prope
979 940 1203 982 firmissima
1226 953 1362 979 earum
1384 940 1588 993 regionum
1612 937 1666 978 ci-
1685 937 1743 982 20

178 1011 307 1061 uitas,
333 1024 387 1050 ex
408 1024 483 1064 qua
504 1008 814 1051 Mandubracius
836 1011 1068 1051 adulescens
1093 1006 1282 1049 Caesaris
1305 1007 1416 1047 [idem
1438 1014 1599 1047 secutus
1622 1006 1670 1046 ad

181 1092 268 1119 eum
289 1078 330 1119 in
352 1080 618 1120 continentem
642 1077 809 1119 Galliam
844 1085 1037 1127 uenerat,
1071 1077 1182 1117 cuius
1215 1083 1326 1129 pater
1360 1075 1400 1115 in
1432 1089 1479 1115 ea
1509 1074 1670 1114 ciuitate

180 1160 345 1201 regnum
369 1147 595 1188 obtinuerat
614 1149 926 1200 interfectusque
949 1153 1036 1187 erat
1055 1160 1078 1186 a
1102 1143 1430 1192 Cassiuellauno,
1463 1142 1547 1196 ipse
1579 1143 1671 1195 fuga

180 1222 348 1255 mortem
371 1215 584 1266 uitauerat,
608 1217 761 1271 legatos
785 1216 832 1255 ad
856 1212 1071 1256 Caesarem
1093 1213 1255 1253 mittunt
1275 1211 1587 1265 pollicenturque
1608 1224 1671 1250 se-
1692 1210 1720 1251 2

181 1295 225 1322 se
248 1283 282 1323 ei
306 1283 505 1325 dedituros
528 1291 644 1337 atque
666 1285 858 1338 imperata
881 1285 1080 1332 facturos3
1106 1287 1258 1335 petunt,
1283 1286 1326 1319 ut
1342 1278 1672 1319 Mandubracium
1695 1275 1720 1317 3

183 1350 231 1389 ab
254 1350 398 1390 iniuria
421 1348 717 1393 Cassiuellauni
748 1352 932 1392 defendat
961 1358 1076 1403 atque
1107 1350 1148 1390 in
1182 1348 1380 1389 ciuitatem
1415 1347 1568 1396 mittat,
1606 1346 1673 1398 qui

184 1418 334 1471 praesit
355 1418 640 1473 imperiumque
663 1420 853 1474 optineat.
918 1418 991 1458 His
1015 1416 1168 1458 Caesar
1202 1417 1369 1469 imperat
1398 1415 1553 1455 obsides
1577 1427 1672 1467 qua·
1694 1412 1720 1452 4

185 1486 365 1539 draginta
388 1488 702 1540 frumentumque
725 1487 921 1528 exercitui
945 1485 1347 1536 Mandubraciumque
1374 1483 1421 1524 ad
1444 1496 1512 1522 eos
1535 1481 1669 1521 mittit.

182 1551 243 1594 Illi
265 1554 456 1607 imperata
480 1555 666 1596 celeriter
688 1557 879 1604 fecerunt,
906 1554 1061 1594 obsides
1075 1554 1121 1593 ad
1136 1566 1338 1592 numerum
1358 1552 1672 1602 frumentumque

183 1621 392 1662 miserunt.
444 1622 755 1663 Trinobantibus
788 1623 961 1663 defensis
994 1622 1120 1677 adque
1149 1620 1195 1659 ab
1219 1620 1323 1659 omni
1347 1619 1512 1659 militum
1535 1616 1675 1657 iniuria
1697 1615 1749 1660 21

184 1689 391 1742 prohibitis
415 1688 545 1740 Iceni,
581 1687 731 1744 Cangi,
758 1689 1001 1743 Segontiaci,
1027 1688 1251 1736 Ancalites,
1276 1685 1453 1736 Bibroci,
1478 1683 1597 1726 Cassi
1619 1685 1674 1724 le-

184 1757 409 1811 gationibus
433 1758 563 1798 missis
578 1773 667 1799 sese
681 1756 847 1799 Caesari
871 1759 1030 1799 dedunt.
1063 1756 1125 1797 Ab
1148 1756 1207 1796 bis
1232 1755 1434 1808 cognoscit
1458 1769 1536 1794 non
1559 1755 1674 1808 longe
1696 1753 1724 1794 2

185 1838 238 1864 ex
260 1838 306 1865 eo
329 1826 414 1865 loco
437 1827 616 1880 oppidum
642 1824 934 1867 Cassiuellauni
952 1826 1094 1867 abesse
1117 1823 1229 1864 siluis
1253 1823 1536 1877 paludibusque
1552 1822 1677 1861 muni-

184 1898 263 1932 tum
278 1924 288 1942 ,
324 1908 398 1946 quo
428 1896 526 1934 satis
549 1909 714 1948 magnus
738 1896 933 1936 hominum
958 1894 1191 1948 pecorisque
1213 1905 1401 1932 numerus
1424 1890 1672 1931 conuenerit.

187 1958 380 2014 Oppidum
401 1969 531 2002 autem
553 1962 736 2004 Britanni
758 1970 925 2013 uocant,
951 1977 1038 2003 cum
1061 1962 1182 2002 siluas
1206 1960 1410 2014 impeditas
1433 1959 1535 1999 uallo
1557 1965 1672 2012 atque
1695 1956 1720 1997 3

186 2029 294 2069 fossa
315 2030 558 2081 munierunt,
583 2046 657 2085 quo
679 2031 921 2072 incursionis
935 2030 1102 2071 hostium
1117 2028 1302 2070 uitandae
1327 2042 1446 2069 causa
1459 2026 1676 2068 conuenire

333 2189 348 2222 1
370 2190 574 2233 paulumque
592 2193 650 2223 Be
672 2191 827 2232 ‘ceterz'’,
848 2191 1092 2234 paululumque
1115 2191 1155 2222 C.
1349 2189 1369 2220 2
1389 2199 1424 2220 se
1445 2188 1462 2220 b
1478 2199 1507 2220 c.

189 2241 207 2272 5
224 2240 377 2273 eiecerat
394 2242 468 2273 AB
482 2242 567 2283 CD,
589 2243 781 2274 effunderet
799 2243 816 2274 b
829 2242 919 2274 cde.
1090 2240 1170 2283 uiis]
1193 2241 1281 2272 notis
1300 2239 1385 2271 add.
1405 2250 1421 2270 e
1440 2239 1534 2272 And.
1559 2240 1674 2272 Oxou.

335 2294 371 2326 11
395 2293 628 2327 Trinouantes
649 2296 679 2327 b.
854 2295 894 2327 12
913 2293 1181 2326 Mandubracius
1200 2293 1230 2324 B
1251 2290 1447 2333 ‘'plerique',
1470 2289 1678 2323 Mandubra-

190 2343 257 2375 tius
276 2345 402 2386 ubique
420 2356 455 2377 υ.
494 2347 640 2379 Orosius
669 2347 736 2387 VI,
767 2347 784 2379 9
799 2372 807 2387 ,
837 2347 934 2388 apud
951 2357 1052 2388 quem
1073 2346 1196 2377 editur
1219 2344 1465 2376 Trinobantuin
1484 2344 1679 2376 firmissima

192 2394 314 2427 ciuitas
334 2407 408 2428 eum
427 2396 641 2438 Androgorio
662 2398 767 2439 duce,
789 2397 852 2429 sed
871 2407 944 2428 cum
962 2396 1136 2436 Androgio
1164 2399 1217 2427 est
1244 2398 1279 2427 in
1299 2394 1593 2435 Langobar-dico,
1624 2397 1679 2426 uz·-

193 2445 296 2478 detur
312 2458 386 2479 cum
406 2447 653 2489 Mandubragio
671 2450 881 2490 scripsisse,
914 2448 1009 2490 quod
1035 2458 1092 2489 ap.
1118 2447 1220 2480 Caes.
1251 2457 1280 2478 c.
1300 2447 1343 2478 22
1371 2449 1466 2478 σει-έν.
1490 2448 1526 2477 z‘n
1544 2448 1575 2478 B
1593 2446 1681 2488 legi-

195 2499 274 2536 tur,-
293 2501 386 2529 certe
404 2497 437 2530 M
457 2501 562 2531 initio
581 2499 772 2531 adicienda
792 2503 856 2530 est.
998 2499 1204 2529 adulescens
1215 2498 1258 2528 B.
1402 2497 1442 2528 13
1462 2496 1574 2538 pater]
1595 2495 1679 2528 lma-

195 2551 352 2582 nuentius
370 2551 453 2584 add.
474 2552 552 2584 edd.
574 2556 612 2583 et
627 2552 889 2584 hnannuetitius
909 2562 939 2582 e.
1052 2551 1091 2582 14
1111 2549 1318 2581 interfectus
1336 2558 1356 2579 a
1374 2547 1472 2580 Cass.
1492 2559 1537 2580 m.
1556 2558 1615 2590 pr.
1634 2549 1678 2580 A.

339 2601 377 2633 16
398 2601 679 2635 Mandubracium
697 2603 740 2634 B.
908 2602 949 2634 18
968 2601 1120 2643 optineat
1136 2602 1180 2632 B.
1342 2599 1385 2631 iis
1405 2600 1532 2632 Caesar
1548 2600 1675 2631 ABD.

337 2661 379 2682 XL
397 2652 469 2693 (B).
636 2654 675 2687 19
695 2652 1045 2694 Mandubraciumque
1065 2652 1107 2684 B.
1295 2651 1338 2684 ‚20
1359 2650 1597 2691 frumentaque
1617 2649 1676 2680 be.

338 2702 378 2736 21
400 2703 668 2737 Trinouantibus
686 2705 760 2738 AB
773 2706 800 2738 C
814 2706 845 2737 b.
987 2705 1097 2746 adque
1115 2704 1165 2744 B,
1187 2713 1256 2735 non
1277 2707 1394 2745 atque.
1549 2703 1593 2736 22
1612 2701 1681 2733 Ice-

195 2754 242 2795 ni,
263 2753 370 2795 Cangi
386 2755 531 2797 Lipsius
548 2757 596 2789 ad
615 2757 697 2790 Tac.
718 2768 804 2790 ann.
822 2757 908 2798 XII,
930 2757 993 2797 323
1014 2755 1221 2796 Cenomagui
1240 2757 1329 2787 etin
1346 2753 1679 2796 771a7·g.Cen01ua11ni

197 2807 249 2846 Ι),
272 2805 468 2848 Cenimagni
485 2809 621 2850 reliqui
637 2810 737 2842 codd.
759 2813 795 2842 et
810 2809 890 2841 edd.
1045 2808 1088 2842 23
1108 2809 1149 2840 ab
1168 2808 1209 2840 iis
1228 2808 1269 2840 B·
1437 2805 1479 2840 27
1496 2804 1679 2837 munierint

202 2857 219 2888 b
233 2868 261 2889 c.
402 2858 614 2892 incursiones
634 2860 780 2893 hostium
799 2860 931 2893 uitandi
952 2860 1017 2899 bc,
1039 2869 1106 2891 ηοη
1127 2869 1157 2891 e.
