1835 3240
656 162 840 206 COMM.
865 161 924 205 VI
946 160 1071 204 CAP.
1099 162 1166 203 13.
1645 163 1727 205 389

172 285 240 324 hos
262 282 395 322 eadem
418 279 546 319 omnia
568 285 660 318 sunt
692 278 803 327 iura,
829 290 928 331 quae
950 275 1117 316 dominis
1138 275 1179 314 in
1201 288 1353 314 seruos.
1419 274 1500 315 Sed
1523 278 1568 316 de
1592 277 1648 316 bis

169 349 319 390 duobus
341 346 553 400 generibus
576 346 738 386 alterum
762 353 822 385 est
843 344 1037 392 druidum,
1063 343 1228 383 alterum
1251 341 1439 394 equitum.
1502 341 1560 382 Illi
1588 359 1649 383 re·
1672 344 1696 383 4

168 417 238 456 bus
261 415 402 455 diuinis
425 414 638 463 intersunt,
663 413 856 454 sacrificia
880 412 1033 466 publica
1054 424 1099 450 ac
1122 410 1277 464 priuata
1300 416 1535 463 procurant,
1561 411 1652 450 reli-

170 483 307 537 giones
330 483 667 536 interpretantur:
693 481 740 520 ad
763 494 830 520 eos
852 493 1016 533 magnus
1038 477 1344 518 adolescentium
1378 489 1563 516 numerus
1597 478 1651 516 di-

122 559 140 591 5
172 550 360 604 sciplinae
383 564 502 590 causa
533 548 761 596 concurrit,
806 560 1024 601 magnoque
1059 547 1096 585 hi
1127 553 1219 586 sunt
1249 545 1348 599 apud
1380 558 1449 584 eos
1483 543 1649 583 honore.

96 895 137 927 10

98 1233 138 1264 15

98 1571 142 1604 20

165 617 271 658 Nam
296 619 377 657 fere
410 617 456 657 de
488 616 667 657 omnibus
702 614 987 655 controuersiis
1009 613 1174 667 publicis
1197 613 1438 666 priuatisque
1461 611 1652 651 constitu·
1675 611 1699 651 5

167 692 252 733 unt,
278 692 333 735 et,
357 685 390 725 si
413 685 515 737 quod
536 690 596 724 est
618 682 829 722 admissum
853 682 1019 731 facinus,
1044 680 1078 721 si
1100 680 1240 720 caedes
1264 682 1365 720 facta
1381 711 1391 730 ,
1418 679 1452 719 si
1474 679 1520 718 de
1542 679 1655 719 bere-

167 753 303 802 ditate,
330 753 376 793 de
399 752 537 791 finibus
560 751 834 791 controuersia
857 757 917 791 est
936 780 946 797 ,
970 749 1072 789 idem
1095 748 1334 797 decernunt,
1370 746 1542 801 praemia
1564 759 1655 799 poe-

172 834 319 873 nasque
342 819 610 868 constituunt,
635 818 669 858 si
692 818 755 870 qui
778 825 845 858 aut
867 818 1043 871 priuatus
1065 822 1133 856 aut
1154 816 1320 869 populus
1343 829 1479 855 eorum
1495 814 1655 854 decreto
1676 812 1703 852 6

169 902 247 927 non
269 888 400 936 stetit,
434 886 638 926 sacrificiis
669 885 925 926 interdicunt.
980 883 1091 924 Haec
1122 897 1248 937 poena
1270 883 1370 937 apud
1392 897 1460 923 eos
1483 889 1545 922 est
1566 895 1656 935 gra-

170 955 350 995 uissima.
395 952 548 1006 Quibus
569 954 624 994 ita
645 961 707 994 est
727 954 975 993 intcrdICtum
994 983 1004 1002 ,
1030 951 1069 991 bi
1091 965 1257 991 numero
1277 950 1482 1003 impiorum
1505 964 1550 990 ac
1572 963 1657 990 sce·
1677 949 1703 989 7

169 1023 384 1063 leratorum
407 1022 618 1071 habentur,
643 1022 703 1062 his
725 1034 861 1061 omnes
885 1021 1093 1069 decedunt,
1119 1019 1264 1059 aditum
1279 1031 1578 1070 sermonemque
1591 1018 1657 1057 de—

168 1090 340 1143 fugiunt,
365 1104 413 1130 ne
436 1089 526 1143 quid
548 1104 601 1129 ex
618 1090 853 1144 contagione
875 1087 1111 1129 incommodi
1134 1087 1344 1141 accipiant,
1371 1099 1497 1138 neque
1519 1085 1577 1124 his
1592 1099 1658 1137 pe-

171 1157 339 1197 tentibus
361 1158 421 1198 ius
442 1158 617 1198 redditur
638 1171 764 1210 neque
786 1157 910 1197 honos
932 1157 1035 1197 ullus
1059 1155 1389 1196 communicatur.
1432 1151 1506 1193 His
1528 1159 1658 1192 autem
1681 1151 1707 1191 8

170 1225 348 1265 omnibus
372 1226 573 1266 druidibus
596 1232 754 1279 praeest
775 1240 878 1266 unus
894 1256 904 1275 ,
939 1225 1003 1278 qui
1025 1238 1215 1264 summam
1236 1223 1342 1263 inter
1363 1235 1431 1261 eos
1454 1220 1571 1260 habet
1591 1233 1660 1259 au-

173 1294 410 1333 ctoritatem.
455 1292 544 1333 Hoc
564 1301 717 1334 mortuo
740 1301 833 1343 aut,
865 1293 898 1333 si
921 1293 984 1346 qui
1006 1306 1059 1332 ex
1079 1291 1240 1345 reliquis
1264 1290 1428 1331 excellit
1449 1288 1654 1342 dignitate,
1679 1286 1706 1326 9

173 1361 362 1408 succedit,
387 1368 469 1410 aut,
494 1361 527 1401 si
541 1368 634 1401 sunt
649 1361 777 1414 plures
792 1375 922 1415 pares,
943 1359 1130 1414 suffragio
1146 1359 1342 1407 druidum,
1368 1369 1659 1408 nonnumquam

173 1429 288 1469 etiam
313 1428 432 1469 armis
455 1429 501 1469 de
524 1428 744 1483 principatu
767 1428 1024 1468 contendunt.
1078 1426 1132 1466 Hi
1165 1433 1274 1467 certo
1306 1425 1399 1465 anni
1421 1431 1598 1477 tempore
1620 1422 1659 1462 in
1683 1420 1736 1461 ‘10

175 1497 313 1536 finibus
338 1493 576 1547 Carnutum,
603 1511 700 1550 quae
722 1496 832 1551 regio
854 1496 976 1536 totius
1001 1493 1154 1535 Galliae
1176 1493 1304 1534 media
1327 1493 1506 1541 habetur,
1530 1489 1659 1530 consi-

173 1564 267 1604 dunt
289 1565 329 1604 in
350 1564 438 1605 loco
461 1572 710 1606 consecrato.
765 1563 852 1604 Huc
883 1577 1019 1604 omnes
1042 1562 1236 1616 undique,
1271 1562 1336 1615 qui
1366 1557 1661 1601 controuersias

317 1723 331 1755 1
354 1728 434 1756 sunt
451 1724 563 1755 omnia
574 1724 780 1756 Az'moz'nus.
922 1724 944 1755 4
962 1722 1003 1754 ad
1023 1732 1081 1754 eos
1101 1731 1177 1763 ego,
1199 1721 1241 1752 ad
1259 1721 1320 1752 bos
1339 1719 1440 1752 codd.
1459 1719 1659 1751 Aimoz'nus.

172 1773 334 1806 Addend.
355 1774 402 1805 ad
417 1774 458 1805 P.
482 1774 557 1806 105.
702 1777 719 1807 5
739 1774 771 1805 bi
790 1783 811 1804 a
829 1773 1018 1804 Az'moz'nns
1038 1772 1116 1804 edd.
1137 1775 1221 1803 ante
1238 1770 1337 1811 Ald.,
1359 1770 1383 1801 ii
1401 1768 1516 1801 Aldus
1535 1778 1569 1800 u.

173 1826 191 1858 7
207 1826 340 1858 fucinus
360 1826 544 1858 admissum
557 1836 592 1857 α.
734 1825 815 1856 side
831 1824 1035 1864 hereditate,
1056 1823 1096 1854 de
1114 1823 1238 1855 finibus
1258 1833 1278 1854 a
1291 1833 1307 1853 e
1319 1822 1508 1854 Az'moz‘nus
1529 1830 1664 1851 omnes-

174 1889 240 1919 que
262 1878 349 1910 Oad.
365 1881 515 1920 praeter
531 1879 586 1917 D‚·
609 1877 697 1910 side
716 1877 925 1917 hereditate,
946 1877 974 1908 si
994 1877 1034 1908 de
1054 1876 1178 1907 finibus
1196 1876 1276 1907 Du.
1496 1874 1516 1905 8
1536 1873 1623 1904 idem
1644 1884 1663 1904 a

177 1930 274 1961 ‘mss.
294 1928 534 1969 vetustiores',
557 1939 628 1961 non
647 1929 763 1960 iidem.
945 1927 1137 1958 decernunt
1155 1926 1210 1968 (α)
1222 1926 1239 1957 b
1251 1937 1286 1965 c,
1308 1925 1509 1956 discernunt
1525 1924 1557 1955 A
1570 1924 1635 1955 CD
1648 1934 1664 1954 e

175 1981 378 2013 Aimoz'nus.
519 1981 538 2012 9
556 1980 584 2012 si
603 1981 658 2022 qni
676 1981 708 2012 D
723 1979 774 2019 (a)
789 1979 836 2011 be
857 1980 1026 2021 ‘quinque
1045 1979 1137 2019 alii',
1159 1978 1189 2010 si
1208 1978 1286 2020 quia
1303 1987 1466 2018 suprasc.
1487 1981 1599 2007 autem
1612 1976 1664 2015 A,-

177 2032 205 2063 si
224 2032 298 2073 quis
316 2033 507 2064 Aimoz'nzts
526 2031 604 2063 edd.
625 2034 708 2062 aute
727 2041 762 2062 u.
904 2030 1029 2072 priuati
1048 2040 1068 2061 α
1084 2031 1102 2061 b
1116 2040 1145 2060 e.
1310 2028 1455 2071 populus
1474 2028 1506 2059 A
1519 2027 1579 2059 Ca
1592 2028 1664 2059 boe

177 2083 367 2114 Aimoz‘nus
386 2082 602 2122 Hotomani,
623 2081 778 2124 publicus
799 2092 820 2113 u
838 2081 1030 2113 Aimoz‘nas
1047 2080 1243 2122 Bouquetz'.
1401 2079 1440 2111 10
1459 2079 1598 2110 steterit
1618 2079 1635 2109 b
1649 2089 1665 2108 c

174 2135 379 2175 Aimoz'nus,
400 2145 469 2166 non
489 2135 538 2176 (a)
558 2145 669 2176 neque
688 2145 717 2166 e.
883 2133 917 2165 11
941 2134 988 2164 ita
1007 2143 1073 2164 om.
1097 2143 1126 2163 e.
1283 2131 1316 2162 hi
1335 2141 1356 2162 α
1373 2131 1565 2162 Aimoz'nus
1584 2130 1663 2161 edd.

176 2191 260 2219 ante
278 2187 351 2219 Alci
365 2213 375 2227 ,
397 2188 421 2219 ii
440 2187 553 2219 Aldus
571 2197 607 2218 u.
765 2186 806 2219 12
826 2185 877 2217 bis
895 2186 1088 2217 Aimoz'nus
1107 2184 1188 2216 edd.
1207 2187 1288 2216 ante
1307 2182 1404 2223 Ach,
1428 2183 1469 2213 iis
1489 2193 1533 2222 u;
1553 2183 1593 2213 ab
1614 2182 1666 2213 bis

175 2248 195 2269 a
208 2249 245 2278 e,
267 2237 370 2270 abiis
392 2239 438 2269 bc
456 2237 580 2270 Aldus.
725 2237 908 2268 discedunt
927 2237 1018 2276 bce,
1041 2246 1111 2267 non
1130 2236 1195 2276 (a).
1336 2234 1462 2264 aditum
1480 2231 1616 2274 reliqui
1633 2236 1667 2264 et

175 2291 375 2328 Az'moinus,
395 2291 522 2322 aditum
542 2300 656 2322 eorum
675 2299 695 2321 a
711 2290 729 2320 b
742 2300 772 2322 e.
1010 2286 1279 2330 sermonemque]
1299 2292 1400 2329 atque
1420 2297 1609 2318 sermonem
1629 2297 1663 2318 α.

319 2342 501 2383 diffugiunt
517 2343 721 2374 Atmoinus.
867 2342 905 2373 13
925 2341 1093 2373 incomodi
1111 2351 1144 2372 a.
1266 2340 1318 2371 bis
1336 2349 1357 2370 α
1376 2339 1567 2371 Aimosnus
1585 2337 1663 2369 edd.

177 2398 257 2426 ante
275 2395 375 2435 Ald„
397 2395 439 2427 iis
457 2395 574 2427 Aldus
593 2405 629 2425 u.
775 2394 813 2427 14
833 2404 914 2425 onos
927 2394 971 2425 Α.
1117 2393 1155 2424 16
1175 2392 1237 2424 hoc
1258 2396 1390 2423 mortuo
1409 2396 1469 2423 aut
1486 2392 1514 2423 si
1532 2392 1668 2432 reliqui

180 2446 240 2486 (Ἥ
255 2447 408 2478 ulterius
428 2446 666 2487 interpolam't
684 2445 712 2476 si
731 2450 864 2476 mortuo
883 2445 1038 2476 succedit
1055 2444 1130 2475 eius
1149 2444 1261 2479 heres,
1282 2448 1341 2475 aut
1362 2443 1439 2486 si');
1459 2443 1664 2474 hocmortuo

180 2495 208 2526 si
227 2495 276 2534 (a)
290 2497 307 2527 b
320 2497 397 2528 cde
415 2498 618 2530 Az'moz'nus.
819 2496 875 2538 qui
897 2496 965 2527 CD
986 2496 1038 2537 (a)
1053 2495 1070 2525 b
1085 2506 1100 2525 e
1118 2498 1155 2526 ec
1170 2505 1217 2526 m.
1234 2505 1292 2536 pr.
1314 2495 1362 2534 A,
1385 2494 1459 2536 quis
1479 2494 1666 2525 Aimoimzs

182 2545 258 2577 edd.
278 2551 359 2578 ante
377 2558 412 2580 u.
577 2548 736 2588 dignitati
755 2548 911 2579 succedit
928 2548 1131 2579 Ae‘tnoz'nus.
1314 2545 1352 2577 17
1373 2550 1431 2577 aut
1449 2545 1478 2577 si
1496 2556 1513 2575 e
1531 2545 1667 2586 reliqui

181 2597 380 2638 Aimoinus,
397 2604 432 2630 at
449 2599 477 2630 si
497 2599 548 2641 (a)
561 2599 654 2631 And.
671 2599 786 2631 Oxou.
965 2608 1063 2640 pares
1082 2597 1198 2639 plures
1216 2606 1250 2628 α.
1391 2595 1554 2636 suffragio
1574 2595 1665 2626 drui-

182 2649 277 2685 dum,
298 2660 541 2693 nonnumquam
559 2652 694 2694 reliqui
711 2656 746 2683 et
762 2652 975 2690 Aimoz‘nus;
1005 2650 1168 2691 suffragio
1188 2649 1345 2681 druidum
1365 2649 1554 2690 adlegitur,
1585 2658 1665 2678 non-

183 2711 361 2742 numquam
379 2713 399 2733 a
412 2704 463 2735 cd
480 2707 514 2735 et
529 2715 575 2736 m.
591 2715 652 2746 pr.
667 2730 677 2745 ,
699 2708 742 2736 ut
758 2704 983 2746 Elberlc'ngz'o
1003 2706 1120 2735 uisum
1139 2706 1210 2743 est,
1242 2713 1258 2733 e
1286 2702 1492 2741 (IVlzz'ttius
1511 2699 1666 2739 alligitur

184 2753 294 2793 legit)
313 2757 364 2793 εἰ,
386 2757 450 2795 qui
465 2756 628 2798 adligitur
648 2758 688 2789 b.-
708 2759 743 2789 z'n
764 2757 796 2789 A
813 2767 882 2788 sec.
903 2767 950 2788 ⁷71.
971 2756 1151 2797 deligitur,
1172 2758 1209 2787 in
1230 2766 1246 2786 e
1265 2756 1351 2786 item
1368 2764 1437 2785 sec.
1458 2763 1504 2784 m.
1526 2751 1665 2791 cligitur

183 2807 456 2847 suprascripsit.
475 2807 515 2839 P.
535 2807 589 2840 86.
612 2807 868 2850 (nonuunquam
889 2807 971 2849 (a)).
1159 2807 1199 2839 18
1217 2811 1368 2848 tempore
1387 2803 1467 2836 anni
1485 2813 1519 2834 (ι.

189 2856 228 2888 19
248 2865 312 2897 qua
331 2856 422 2897 regio
443 2856 473 2887 b.
