1835 3240
689 181 1085 223 *30*

152 311 232 338 non
254 302 574 337 commemorata
619 293 665 336 C.
688 295 744 337 27
765 295 855 335 inde
877 308 897 334 a
922 295 957 346 ἓ.
984 291 1009 332 3
1032 299 1072 333 et
1093 305 1127 331 c.
1153 290 1210 332 28
1230 292 1285 332 in.
1311 293 1525 334 subiectum
1549 307 1635 334 sae-

152 379 200 419 pe
228 371 400 405 mutatur
430 365 536 404 nulla
568 363 729 403 alterius
759 373 952 414 personae
975 360 1262 414 significatione
1283 361 1425 414 posita.
1469 358 1518 401 C.
1544 359 1587 412 8,
1610 359 1637 400 6

152 440 192 473 et
214 432 266 474 17
286 433 342 473 in.
368 432 576 471 durissime
597 445 619 470 a
640 428 910 482 superioribus
931 428 978 466 ad
999 427 1188 467 inferiora
1210 427 1414 467 transitur.

266 499 341 540 His
363 499 478 539 rebus
502 496 803 538 commentarios
827 495 872 535 de
894 495 996 534 bello
1012 494 1203 535 Africano
1227 502 1268 534 et
1283 493 1536 547 Hispaniensi
1559 509 1638 535 nou

152 568 277 609 solum
301 582 379 607 non
401 567 448 607 ab
472 564 601 605 Hirtio
617 594 626 612 ,
660 565 726 604 sed
758 577 807 603 ne
829 563 934 615 ipsos
957 562 1110 615 quidem
1133 562 1180 602 ab
1203 562 1338 602 eodem
1362 561 1516 615 homine
1538 562 1637 602 scri-

151 643 239 690 ptos
263 649 349 676 esse
371 634 544 673 iudicare
567 631 759 683 cogimur.
796 627 897 670 Cum
920 629 1116 670 Hirtianis
1139 629 1240 669 enim
1265 629 1375 669 libris
1397 629 1510 682 plane
1532 630 1639 670 nulla

153 703 213 743 his
237 702 448 742 similitudo
471 698 706 746 intercedit,
732 697 808 736 nisi
830 698 934 737 forte
957 704 1139 737 octauum
1161 697 1300 736 librum
1324 697 1370 736 de
1391 696 1492 736 hello
1515 694 1640 736 Galli-

154 784 200 810 co
223 784 268 810 ea
291 783 343 809 ex
365 774 475 822 parte
497 764 716 818 comparari
739 778 854 818 posse
887 764 1181 804 existimaueris
1197 795 1207 814 ,
1243 764 1343 816 quod
1372 764 1455 817 ipse
1487 777 1641 816 quoque

155 836 348 876 uarietate
371 841 521 875 careat.
584 830 696 884 Quae
718 845 783 872 res
807 832 978 872 omnium
1000 831 1255 871 mediocrium
1276 831 1515 884 scriptorum
1537 844 1642 870 com-

153 903 282 944 munis
304 903 363 956 (in
385 902 520 941 eodem
543 900 646 940 enim
668 900 781 950 uitio,
807 907 849 940 ut
869 913 987 939 unum
1011 912 1168 952 ponam,
1194 895 1405 938 Cornelius
1421 896 1558 950 Nepos
1579 910 1643 937 re-

155 969 457 1024 prehendendus
491 970 576 1019 est)
608 968 662 1008 ita
696 975 847 1007 tantum
870 973 1109 1007 momentum
1132 966 1172 1005 in
1193 965 1264 1005 hac
1287 965 1517 1018 quaestione
1540 965 1644 1004 face-

154 1044 231 1086 ret,
256 1037 288 1076 si
311 1036 434 1076 uerba
456 1042 521 1075 aut
543 1036 734 1075 orationis
757 1036 882 1075 forma
904 1035 945 1074 in
967 1034 1147 1074 omnibus
1169 1033 1281 1073 libris
1304 1033 1437 1073 eadem
1460 1033 1644 1084 frequen-

157 1111 333 1145 taretur:
368 1104 406 1143 id
436 1104 538 1158 quod
574 1104 747 1144 maxime
770 1103 1011 1143 contrarium
1036 1115 1123 1141 esse
1146 1101 1329 1140 uidimus.
1393 1097 1543 1140 Contra
1567 1100 1646 1140 dis-

158 1172 323 1212 crimina
344 1171 516 1211 maxima
538 1179 645 1211 sunt.
688 1169 863 1211 Primum
886 1169 1091 1223 dispositio
1115 1169 1325 1216 materiae,
1360 1182 1458 1220 quae
1487 1168 1527 1207 in
1551 1166 1646 1207 Hir-

157 1239 276 1278 tianis
299 1239 411 1278 libris
434 1245 523 1292 apta
544 1245 620 1289 est,
644 1238 683 1278 in
706 1239 765 1278 his
786 1238 895 1278 rudis
918 1244 1031 1289 atque
1055 1236 1157 1276 omni
1182 1243 1266 1276 arte
1290 1236 1502 1283 destituta3
1538 1235 1646 1275 dein-

158 1307 205 1347 de
236 1307 435 1347 scribendi
463 1320 589 1360 genus
619 1307 659 1346 in
686 1306 765 1346 ill-is
793 1312 945 1346 rectum
978 1312 1018 1344 et
1049 1305 1240 1357 simplex,
1281 1303 1320 1342 in
1352 1304 1487 1342 horum
1520 1302 1646 1342 altero

159 1374 421 1427 granditatem
446 1381 597 1414 tumore
620 1381 804 1427 captans,
839 1373 879 1412 in
901 1373 1028 1412 altero
1051 1372 1260 1420 abiectum,
1284 1371 1325 1410 in
1348 1377 1517 1425 utroque
1539 1383 1647 1409 cras-

158 1455 245 1481 sum
266 1441 459 1495 longeque
489 1441 685 1493 elegantia
716 1440 909 1488 inferius3
946 1440 1112 1491 denique
1146 1452 1276 1478 sermo
1305 1438 1346 1477 in
1374 1437 1450 1476 illis
1480 1437 1647 1490 optimus

159 1517 199 1550 et
220 1509 475 1563 purissimus,
508 1508 547 1547 in
571 1508 629 1548 his
653 1507 898 1559 antiquarius
921 1514 960 1547 et
980 1505 1171 1559 uulgariS.
1205 1506 1336 1558 Atque
1360 1505 1496 1544 harum
1518 1517 1648 1543 rerum

161 1577 237 1617 duo
261 1583 441 1616 extrema
462 1583 569 1616 certe
592 1589 672 1615 non
693 1574 745 1614 ita
763 1581 989 1628 comparata
1011 1580 1117 1623 sunt,
1141 1580 1184 1613 ut
1204 1573 1244 1612 in
1268 1572 1431 1613 eundem
1454 1572 1649 1612 hominem

160 1644 278 1684 etiam
301 1644 558 1697 neglegenter
578 1643 817 1683 scribentem
841 1649 895 1691 et,
921 1655 1022 1694 quae
1044 1647 1181 1694 postea
1195 1640 1473 1680 emendaturus
1486 1647 1561 1688 est,
1586 1653 1651 1680 ca-

161 1712 272 1752 dant.
325 1709 432 1750 Nam
454 1711 494 1750 in
518 1711 616 1750 libro
651 1711 697 1750 de
728 1709 830 1749 bello
852 1709 1043 1749 Africano
1071 1708 1255 1748 iudicium
1287 1707 1334 1748 de
1366 1708 1650 1762 compositione

161 1779 211 1820 ab
234 1778 418 1818 Hirtiano
440 1779 555 1832 plane
578 1778 779 1818 diuersum
803 1776 1153 1831 deprehendimus,
1186 1789 1312 1828 neque
1335 1775 1477 1828 pingue
1499 1776 1652 1830 ingeni-

162 1861 251 1896 um,
276 1847 388 1898 quale
411 1845 446 1885 is
469 1845 568 1885 liber
590 1845 857 1893 demonstrat,
882 1844 930 1884 ad
952 1844 1243 1883 similitudinem
1266 1843 1508 1896 superiorum
1531 1843 1652 1883 libro·

162 1928 249 1954 rum
271 1913 408 1954 limare
430 1926 473 1953 se
495 1920 534 1953 et
556 1912 837 1952 circumcidere
860 1911 1006 1964 potuit:
1040 1924 1129 1950 nam
1149 1912 1183 1950 is
1198 1942 1208 1961 ,
1234 1911 1297 1963 qui
1318 1911 1458 1950 librum
1483 1911 1528 1951 de
1549 1911 1650 1951 bello

165 1980 423 2035 Hispaniensi
442 1980 629 2033 scripsit,
663 1979 727 2019 uel
748 1979 901 2019 modica
923 1978 1179 2031 componendi
1203 1978 1390 2018 facultate
1413 1979 1652 2019 destitueba-

165 2056 246 2097 tur,
270 2049 384 2097 adeo,
408 2048 447 2087 id
469 2048 569 2100 quod
592 2047 638 2087 de
660 2060 703 2087 se
714 2046 923 2088 Vitruuius
946 2047 1104 2094 fatetur,
1130 2045 1240 2085 nisus
1264 2053 1324 2085 est
1344 2045 1532 2085 scribere.
1565 2044 1652 2085 Ne-

166 2130 241 2170 que
261 2129 357 2156 uero
371 2146 381 2165 ,
417 2115 483 2168 qui
514 2115 634 2168 polite
656 2122 694 2155 et
715 2115 864 2155 urbane
884 2113 989 2166 loqui
1012 2113 1146 2153 didicit
1166 2114 1284 2168 idque
1306 2126 1429 2166 genus
1451 2112 1648 2166 probauit,

165 2197 347 2237 umquam
369 2183 483 2236 plane
505 2183 545 2222 in
567 2181 831 2236 antiquarium
852 2188 892 2222 et
911 2181 1072 2235 uulgare
1094 2180 1258 2221 incidet:
1285 2187 1423 2220 contra
1445 2181 1652 2234 detergere

166 2252 304 2293 sordes
326 2251 444 2303 longe
467 2250 733 2290 difficillimum
755 2257 830 2290 est.
876 2247 1029 2301 Quibus
1051 2256 1181 2289 autem
1203 2248 1331 2288 causis
1346 2279 1356 2297 ,
1390 2262 1439 2287 ne
1462 2248 1558 2288 duos
1582 2262 1653 2289 ex-

151 2326 315 2377 -tremos
337 2318 459 2358 libros
482 2316 614 2358 Hirtio
639 2318 923 2364 tribueremus,
955 2317 1049 2356 moti
1078 2330 1236 2365 sumus,
1272 2315 1429 2356 eaedem
1453 2317 1524 2356 hos
1546 2316 1652 2369 ipsos

167 2401 192 2427 a
214 2385 382 2426 diuersis
405 2385 631 2425 auctoribus
653 2385 822 2438 scriptos
845 2384 1045 2424 euincunt.
1105 2380 1211 2423 Nam
1242 2382 1444 2435 dispositio
1466 2384 1654 2423 materiae

167 2467 317 2509 genere
338 2460 489 2494 tantum
511 2453 649 2492 similis
672 2459 754 2502 est,
786 2465 915 2492 sermo
938 2452 1011 2491 nisi
1034 2451 1074 2490 in
1096 2450 1302 2503 perpaucis
1324 2449 1441 2489 rebus
1463 2450 1577 2502 plane
1600 2450 1654 2490 di—

170 2535 328 2561 uersus.
373 2517 619 2572 Quamquam
641 2526 768 2559 autem
793 2526 960 2574 uterque
988 2519 1088 2558 liber
1119 2517 1272 2571 pinguis
1295 2524 1356 2557 est
1378 2523 1416 2556 et
1436 2516 1650 2570 impolitus,

170 2597 303 2629 tamen
324 2589 448 2629 multo
471 2588 568 2628 haec
591 2594 680 2627 sunt
701 2587 741 2626 in
763 2587 862 2626 bello
881 2586 1070 2626 Africano
1091 2586 1258 2625 minora.
1292 2583 1473 2637 Denique
1491 2585 1653 2625 alterius

170 2656 378 2709 scriptoris
400 2655 629 2709 compositio
652 2655 764 2707 copia
784 2654 994 2694 uerborum
1016 2654 1207 2694 redundat
1229 2660 1269 2693 et
1289 2652 1524 2702 effunditur,
1555 2654 1655 2693 alter

173 2738 253 2764 non
293 2723 476 2764 astrictus
511 2729 570 2763 est
601 2730 641 2762 et
671 2722 951 2772 circumcisus,
989 2722 1056 2762 sed
1085 2721 1240 2770 infans,
1274 2720 1339 2760 ille
1371 2734 1493 2774 genus
1523 2727 1655 2760 tamen

172 2791 364 2844 quoddam
386 2790 583 2831 scribendi
605 2797 645 2829 et
665 2797 789 2830 artem
810 2789 904 2829 licet
923 2789 1057 2829 rudem
1081 2789 1260 2844 sequitur
1274 2819 1283 2837 ,
1318 2787 1378 2828 hic
1408 2802 1456 2828 ne
1479 2789 1655 2842 aspirare

175 2859 327 2912 quidem
349 2860 397 2900 ad
419 2859 518 2900 hanc
542 2872 673 2899 curam
696 2858 822 2912 potuit
840 2857 1004 2898 inscitus
1025 2863 1130 2897 totus
1152 2863 1191 2897 et
1212 2855 1377 2908 rigidus.
