1835 3240
705 196 817 202 ——-—
876 170 959 212 215

168 284 360 325 diendae'.
414 282 540 323 Recte
562 282 818 326 Vascosanus
849 285 982 339 posuit
1017 288 1142 337 ‘quae
1173 291 1260 324 erat
1298 290 1651 340 transgredienda’:

168 366 254 392 nam
277 351 507 404 scriptorem
531 351 626 392 hacc
649 353 695 392 ad
719 354 935 393 conuallem
960 352 1143 393 retulisse
1156 352 1297 392 docent
1314 353 1435 393 uerba
1460 356 1654 410 ‘ultraque

165 432 250 459 eam
273 419 503 458 conuallem'
527 426 566 458 et
588 421 624 472 ξ.
649 420 675 459 2
700 421 822 472 ‘prius
846 434 1012 461 necesse
1034 434 1123 460 esse
1146 420 1362 460 conuallem
1390 421 1654 476 oliuetumque

163 485 417 539 transgredi'.
451 485 620 527 Pluralis
646 488 1023 542 ‘transgrediendae'
1047 488 1198 540 positus
1211 495 1286 537 est,
1311 488 1400 540 quia
1413 496 1655 541 supra‘con-

163 553 301 594 ualles'
321 554 540 608 legebatur,
566 569 664 608 quae
688 557 813 595 forma
834 555 871 594 111
897 555 1191 595 commentariis
1213 556 1259 595 116
1281 555 1384 595 hello
1395 553 1550 596 Gallico
1563 570 1656 597 con·-

163 628 316 661 stanter
344 622 383 661 in
415 624 569 675 optimis
599 624 712 663 codd.
738 630 897 663 seruata
931 623 971 662 in
998 623 1160 675 reliquis
1183 623 1292 662 libris
1315 638 1337 663 a
1358 624 1547 677 magistro
1570 640 1654 665 mu-

160 696 241 729 tata
265 697 340 730 est.
383 688 598 743 Sequentia
621 691 679 731 sic
702 691 893 730 eduntur:
936 689 1030 730 ‘Hic
1061 705 1146 730 cum
1168 689 1372 731 Labienus
1405 692 1654 733 animaduer-

161 758 277 798 tisset.
300 755 528 807 Caesarem,
555 759 588 799 si
612 759 731 798 uellet
753 772 838 798 eum
862 759 990 798 locum
1014 772 1224 811 occupare,
1250 759 1357 812 prius
1379 773 1542 800 necesse
1565 774 1653 801 esse

161 826 379 866 conuallem
403 827 664 879 oliuetuinque
688 827 935 881 transgredi,
964 840 1098 866 eorum
1121 827 1298 866 locorum
1322 829 1470 880 peritus
1492 828 1533 868 in
1554 829 1652 869 insi-

161 894 233 934 diis
266 908 350 934 cum
382 902 494 948 parte
524 894 718 947 equitatus
749 895 903 947 leuique
935 901 1136 934 armatura
1166 895 1346 935 consedit
1377 903 1416 936 et
1447 903 1653 950 praeterea

159 969 248 1015 post
278 969 447 1001 montem
482 962 682 1015 collesque
714 964 865 1015 equites
898 963 937 1002 in
967 962 1122 1002 occulto
1155 962 1444 1013 collocauerat,
1470 972 1537 1013 ut,
1564 979 1651 1005 cum

157 1029 240 1083 ipse
263 1043 316 1069 ex
336 1030 552 1083 improuiso
574 1031 814 1084 legionarios
838 1032 999 1071 adortus
1023 1036 1153 1079 esset,
1187 1044 1240 1070 ex
1268 1031 1366 1071 colle
1390 1046 1431 1072 se
1455 1033 1650 1085 equitatus

157 1098 385 1138 ostenderet
407 1105 446 1138 et
467 1112 509 1137 re
533 1098 673 1150 duplici
697 1099 947 1151 perturbatus
971 1095 1126 1139 Caesar
1148 1098 1312 1150 eiusque
1345 1101 1548 1140 exereitus
1581 1113 1652 1141 ne-

158 1180 232 1219 que
254 1173 362 1206 retro
384 1166 639 1219 regrediundi
665 1179 791 1219 neque
817 1167 918 1207 ultra
940 1168 1178 1220 procedendi
1201 1168 1335 1208 oblata
1364 1168 1551 1208 facultate
1573 1169 1651 1208 cir-

158 1242 390 1274 cumuentus
438 1234 750 1274 concideretur'.
803 1233 849 1274 In
888 1237 999 1276 codd.
1044 1244 1132 1290 post
1169 1234 1292 1276 uerba
1333 1241 1343 1259 ‘
1360 1243 1400 1276 et
1442 1242 1653 1289 praeterea

157 1309 245 1355 post
284 1309 455 1342 montem
496 1303 715 1354 collesque'
758 1302 853 1342 haec
895 1305 1136 1344 adiciuntur:
1195 1309 1204 1327 ⁴
1223 1302 1393 1344 Caesari
1434 1303 1562 1343 subito
1606 1317 1651 1344 se

159 1370 423 1419 ostenderet',
469 1384 569 1422 quae
603 1370 724 1409 uerba
754 1370 969 1410 uariandae
1001 1372 1193 1412 orationis
1236 1386 1353 1412 causa
1394 1371 1650 1411 inferioribus

161 1444 237 1477 ‘ex
267 1438 367 1478 colle
390 1451 432 1477 se
463 1438 656 1490 equitatus
686 1439 933 1478 ostenderet'
966 1453 989 1478 a
1020 1440 1209 1493 magistro
1241 1441 1413 1492 ascripta
1445 1453 1651 1492 perperam

158 1505 231 1544 huc
266 1506 375 1545 illata
414 1519 502 1545 esse
542 1505 677 1545 nescio
708 1506 793 1558 quis
832 1507 977 1559 primus
1009 1504 1271 1561 perspexerit.
1324 1505 1404 1546 Sed
1446 1521 1523 1546 uua
1563 1520 1650 1546 cum

155 1572 232 1612 illis
257 1572 487 1627 ‘collesque'
512 1573 731 1612 eiciendum
755 1581 853 1613 erat.
887 1573 991 1614 Nam
1015 1589 1140 1628 neque
1164 1576 1294 1628 plures
1317 1575 1438 1614 colles
1462 1574 1523 1614 1116
1545 1588 1650 1615 60111-

156 1654 373 1680 memorare
396 1640 554 1687 licebat,
581 1648 618 1680 et
641 1641 804 1681 ridicule
827 1651 1115 1695 componuntur
1136 1643 1235 1682 11366
1260 1647 1364 1695 ‘post
1381 1649 1552 1681 montem
1571 1643 1652 1682 601-

154 1707 320 1760 lemque'
350 1711 433 1760 (ita
465 1708 568 1748 enim
592 1709 745 1761 quidam
769 1709 1031 1763 ediderunt),
1066 1724 1153 1749 cum
1175 1724 1286 1749 mons
1318 1710 1420 1748 idem
1453 1710 1504 1750 sit
1533 1717 1649 1763 atque

154 1775 281 1815 collis.
336 1773 662 1830 Oudendorpius,
697 1791 785 1816 cum
808 1777 911 1816 iufra
945 1778 1167 1831 ponendum
1201 1784 1358 1831 putaret
1390 1782 1460 1817 ‘ex
1483 1778 1582 1818 colle
1605 1792 1649 1818 se

155 1844 350 1896 equitatus
363 1844 491 1883 subito
503 1841 669 1885 Caesari
691 1845 947 1894 ostenderet',
971 1846 1009 1885 id
1022 1854 1227 1886 assecutus
1243 1853 1320 1895 est,
1345 1845 1447 1898 quod
1460 1846 1650 1900 magistro

153 1925 200 1953 eo
223 1912 309 1951 loco
332 1912 579 1952 scribendum
602 1913 822 1953 uidebatur.
870 1911 1013 1965 Neque
1045 1914 1145 1954 enim
1177 1921 1377 1954 auctorem
1400 1914 1454 1953 ibi
1476 1914 1529 1953 ita
1552 1914 1651 1954 scri-

152 1981 281 2034 psisse
302 1980 444 2020 indicio
467 1987 543 2030 est,
569 1981 668 2033 quod
692 1981 874 2034 deinceps
889 1978 1076 2022 Caesaris
1095 1995 1236 2022 nomen
1253 1982 1397 2036 posuit.
1432 1980 1651 2035 Excipiunt

154 2048 274 2089 haec:
303 2046 475 2089 ‘Caesar
496 2055 698 2102 postquam
721 2049 898 2102 equitatu
921 2057 1013 2090 ante
1030 2049 1650 2103 praemissoinsciusinsidiarum

151 2129 238 2156 cum
262 2117 308 2156 ad
333 2130 418 2156 eum
441 2118 569 2157 locum
591 2117 782 2166 uenisset,
808 2117 919 2157 abusi
944 2118 1030 2158 ¹siue
1043 2118 1152 2158 obliti
1171 2125 1466 2171 praeceptorum
1481 2117 1651 2159 Labieni

153 2184 239 2225 siue
260 2185 391 2234 ueriti,
417 2199 465 2225 ne
487 2185 528 2225 in
552 2186 658 2225 fossa
681 2184 727 2224 ab
750 2186 947 2238 equitibus
971 2185 1304 2239 opprimerentur,
1335 2186 1415 2226 rari
1438 2200 1482 2226 ac
1504 2187 1651 2240 singuli

152 2252 199 2291 de
231 2266 329 2306 rupe
360 2253 516 2306 prodire
546 2260 585 2292 et
615 2266 769 2293 summa
801 2261 935 2307 petere
968 2253 1103 2293 collis:
1145 2267 1241 2305 quos
1276 2251 1465 2295 Caesaris
1498 2255 1650 2307 equites

152 2320 355 2360 consecuti
376 2324 518 2374 partim
541 2321 824 2362 interfecerunt
847 2322 986 2375 partim
1012 2321 1190 2361 uiuorum
1213 2329 1304 2361 sunt
1335 2323 1445 2375 potiti
1464 2353 1473 2371 ,
1509 2323 1649 2362 deinde

153 2390 330 2439 protinus
373 2389 511 2429 collem
552 2396 687 2443 petere
729 2390 1018 2429 contenderunt
1059 2396 1177 2441 atque
1226 2403 1312 2429 eum
1363 2392 1529 2431 decusso
1569 2389 1650 2430 La-

151 2452 256 2494 bieni
296 2456 489 2508 praesidio
531 2457 714 2497 celeriter
755 2458 1085 2510 occupauerunt'.
1140 2455 1216 2509 Qui
1259 2458 1319 2498 hic
1362 2459 1473 2499 abusi
1515 2459 1648 2499 nescio

156 2534 231 2572 qua
253 2536 295 2562 re
323 2524 520 2575 dicuntur,
557 2539 624 2565 eos
649 2525 840 2577 intellegi,
875 2539 973 2577 quos
994 2523 1194 2565 Labienus
1218 2526 1256 2565 in
1280 2526 1363 2579 ipsa
1386 2527 1564 2567 conualle
1586 2541 1651 2566 oc-

157 2587 399 2640 cultauerat,
434 2608 519 2633 cum
553 2607 605 2633 ex
634 2594 765 2633 fossae
796 2593 1170 2633 commemoratione
1199 2601 1384 2647 apparet,
1429 2603 1509 2634 111111
1548 2594 1650 2647 quod

159 2667 306 2696 summa
347 2660 456 2700 collis
498 2661 748 2714 petiuerunt,
803 2668 840 2702 et
883 2661 983 2714 quod
1026 2657 1262 2701 Caesariani
1302 2662 1471 2702 insecuti
1513 2661 1650 2701 collem

159 2734 449 2774 occupauerunt
477 2735 516 2768 et
544 2729 634 2769 iude
667 2729 902 2782 praesidium
935 2729 1029 2781 (qui
1059 2738 1148 2768 sunt
1179 2729 1329 2781 equites
1363 2736 1448 2782 post
1479 2736 1647 2768 montem

159 2790 357 2842 collocati,
380 2795 458 2834 uid.
474 2797 511 2848 ξ.
528 2794 571 2849 3)
595 2798 867 2838 decusserunt.
905 2795 983 2838 Sed
1001 2796 1142 2837 ‘abusi'
1167 2804 1394 2850 corruptum
1412 2810 1499 2837 esse
1513 2809 1648 2836 omnes

157 2858 352 2899 uiderunt.
415 2860 520 2902 Nam
550 2864 703 2906 etiamsi
735 2865 878 2905 abusos
909 2865 994 2905 51116
1037 2865 1179 2905 oblitos
1217 2872 1511 2918 praeceptorum
1554 2877 1648 2904 con-
