1835 3240
72 155 155 198 552
643 155 718 198 DE
750 155 941 199 BELLO
974 153 1148 199 CIVILI

150 276 205 317 et,
229 282 327 322 quae
349 268 542 310 sentimus
564 269 652 323 ipsi,
678 269 848 322 reliquos
871 270 1020 310 sentire
1037 274 1277 324 speramus),
1303 272 1633 325 confirmantqui-

105 336 130 377 3
153 338 237 377 dem
261 345 369 384 certe
390 337 510 377 totius
532 337 730 377 exercitus
753 337 906 377 animos
927 338 1078 378 alienos
1100 351 1188 379 esse
1211 337 1422 380 aCurione
1444 341 1633 381 maxime-

152 419 226 457 que
249 419 345 459 opus
367 419 455 445 esse
477 405 517 444 in
539 410 791 457 conspectum
815 405 1032 445 exercitum
1056 406 1191 446 uenire
1214 413 1253 446 et
1274 407 1517 460 colloquendi
1541 408 1633 448 dare

103 472 129 511 4
154 473 392 513 facultatem.
437 471 525 523 Qua
547 472 729 525 opinione
751 473 942 513 adductus
964 472 1096 513 Varus
1118 480 1277 526 postero
1301 474 1362 514 die
1379 489 1491 516 mane
1512 475 1636 528 legio-

153 554 223 581 nes
247 555 297 581 ex
322 539 464 580 castris
486 539 628 579 educit.
670 538 787 581 Facit
806 541 906 581 idem
932 539 1071 588 Curio,
1096 548 1213 594 atque
1234 555 1310 581 una
1332 542 1434 581 ualle
1455 557 1534 582 non
1551 558 1631 583 ma-

80 607 138 652 28
155 623 232 661 gna
253 607 459 648 interiecta
482 621 574 647 suas
596 614 758 661 uterque
781 609 913 663 copias
935 609 1110 649 instruit.
1153 608 1253 649 Erat
1273 609 1311 649 in
1336 610 1516 650 exercitu
1536 609 1636 651 Vari

157 674 307 716 Sextus
331 673 546 727 Quintilius
567 674 713 726 Varus,
737 690 851 730 quem
875 677 997 717 fuisse
1012 674 1164 717 Corfini
1186 691 1304 730 supra
1327 677 1635 718 demonstratum

157 750 231 783 est.
275 742 351 782 Hic
373 743 555 783 dimissus
577 757 600 784 a
623 742 796 784 Caesare
817 745 859 785 in
880 746 1058 785 Africam
1082 752 1264 794 uenerat,
1294 745 1548 798 legionesque
1570 758 1637 785 eas

156 811 390 850 traduxerat
404 808 543 861 Curio,
569 826 665 865 quas
687 812 956 866 superioribus
979 813 1222 867 temporibus
1235 809 1412 853 Corfinio
1434 820 1640 867 receperat

157 875 308 918 Caesar
323 908 333 926 ,
364 878 463 919 adeo
493 885 535 919 ut
555 880 689 934 paucis
712 881 872 921 mutatis
894 881 1189 921 centurionibus
1211 881 1312 920 idem
1335 881 1494 921 ordines
1515 882 1640 921 mani-

107 944 136 986 2
158 946 310 999 pulique
342 954 588 989 constarent.
634 947 747 988 Hanc
780 956 917 989 nactus
949 948 1225 1003 appellationis
1246 963 1402 989 causam
1427 947 1642 1001 Quintilius

157 1015 325 1055 circuire
348 1016 470 1056 aciem
485 1012 673 1057 Curionis
695 1024 812 1070 atque
835 1019 1047 1058 obsecrare
1069 1017 1213 1056 milites
1236 1017 1378 1070 coepit,
1405 1030 1455 1057 ne
1476 1017 1637 1071 primam

157 1084 409 1134 sacramenti,
435 1085 535 1137 quod
559 1085 658 1138 apud
680 1083 895 1125 Domitium
919 1093 1036 1139 atque
1059 1086 1157 1139 apud
1180 1099 1222 1125 se
1246 1092 1498 1138 quaestorem
1517 1085 1641 1124 dixis-

109 1148 134 1188 3
156 1157 270 1201 sent,
295 1153 521 1192 memoriam
546 1154 786 1205 deponerent
808 1167 883 1193 neu
905 1161 1042 1195 contra
1064 1167 1131 1194 eos
1154 1167 1261 1193 arma
1284 1154 1458 1199 ferrent,
1491 1152 1555 1205 qui
1578 1165 1643 1192 ea-

160 1218 244 1259 dem
269 1226 404 1259 essent
434 1221 496 1260 usi
529 1222 686 1261 fortuna
718 1221 929 1274 eademque
951 1222 990 1261 in
1013 1221 1214 1261 obsidione
1236 1221 1436 1274 perpessi,
1472 1234 1548 1260 neu
1570 1234 1639 1273 pro

164 1285 223 1326 his
247 1294 492 1340 pugnarent,
527 1302 549 1328 a
572 1287 711 1340 quibus
743 1302 831 1328 cum
865 1289 1104 1329 contumelia
1126 1289 1312 1342 perfugae
1335 1288 1639 1342 appellarentur.

156 1352 246 1393 Huc
270 1368 391 1407 pauca
413 1355 460 1397 ad
482 1369 589 1409 spem
612 1356 833 1410 largitionis
857 1357 1019 1406 addidit,
1045 1370 1144 1410 quae
1166 1355 1213 1396 ab
1235 1370 1307 1396 sua
1328 1356 1580 1405 liberalitate,
1610 1355 1645 1394 si

111 1421 136 1460 4
158 1435 201 1462 se
223 1428 338 1476 atque
360 1422 513 1463 Attium
546 1425 673 1464 secuti
704 1431 862 1476 essent,
887 1432 1104 1479 expectare
1133 1424 1335 1465 deberent.
1397 1422 1483 1463 Hae
1514 1422 1647 1464 habita

160 1490 339 1530 oratione
362 1492 506 1533 nullam
529 1492 569 1532 in
592 1499 742 1546 partem
764 1492 811 1533 ab
834 1494 1013 1533 exercitu
1036 1490 1223 1533 Curionis
1246 1493 1288 1532 fit
1309 1492 1562 1546 significatio,
1588 1498 1646 1531 at-

85 1558 142 1603 29
167 1572 243 1614 que
264 1559 319 1598 ita
341 1573 433 1601 suas
456 1566 621 1614 uterque
652 1561 786 1615 copias
813 1562 982 1604 reducit.
1027 1562 1084 1601 At
1114 1562 1154 1602 in
1185 1561 1330 1602 castris
1353 1557 1542 1601 Curionis
1565 1574 1645 1600 ma-

160 1641 262 1680 gnus
285 1628 456 1668 omnium
478 1629 645 1669 incessit
666 1630 798 1669 timor.
825 1630 952 1684 [nam]
976 1628 1014 1670 Is
1038 1629 1158 1670 uariis
1181 1629 1379 1669 hominum
1399 1629 1647 1669 sermonibus

160 1695 345 1737 celeriter
364 1703 545 1750 augetur.
589 1697 871 1752 Vnusquisque
903 1699 1006 1739 enim
1040 1698 1245 1752 opiniones
1269 1697 1440 1750 fingebat
1461 1703 1501 1736 et
1521 1696 1568 1736 ad
1589 1695 1643 1745 id,

111 1762 139 1804 2
161 1765 262 1816 quod
284 1764 330 1804 ab
352 1765 431 1805 alio
452 1765 653 1815 audierat,
688 1767 747 1806 sui
781 1767 924 1819 aliquid
957 1766 1111 1806 timoris
1131 1765 1310 1805 addebat.
1355 1763 1442 1804 Hoc
1472 1763 1537 1803 ubi
1568 1777 1646 1803 uno

163 1838 323 1872 auctore
346 1833 392 1872 ad
416 1834 546 1887 plures
570 1841 887 1888 permanauerat,
911 1841 1026 1887 atque
1048 1834 1147 1874 alius
1170 1833 1234 1873 alii
1256 1833 1490 1881 tradiderat,
1515 1832 1646 1885 plures

115 1898 141 1939 3
163 1907 346 1940 auctores
367 1900 451 1941 eius
473 1901 530 1941 rei
554 1901 804 1942 uidebantur.
849 1899 980 1942 Ciuile
1002 1903 1169 1951 bellum,
1193 1915 1318 1956 genus
1341 1900 1560 1948 hominum,
1586 1898 1648 1938 cui

162 1967 303 2008 liceret
323 1968 445 2008 libere
470 1970 598 2009 facere
622 1977 662 2017 et
683 1972 808 2023 sequi,
834 1971 934 2023 quod
958 1970 1098 2020 uellet3
1124 1970 1302 2023 legiones
1315 1983 1401 2019 eae,
1426 1981 1523 2024 quae
1536 1966 1649 2022 paulo

163 2042 255 2076 ante
278 2037 378 2090 apud
401 2036 652 2078 aduersarios
675 2040 952 2092 fuerant(nam
975 2038 1093 2079 etiam
1107 2034 1295 2078 Caesaris
1318 2036 1547 2077 beneficium
1566 2048 1650 2074 mu-

115 2097 141 2137 4
164 2105 319 2139 tauerat
349 2101 593 2141 consuetudo
609 2132 620 2152 ,
669 2116 744 2155 qua
786 2102 1030 2143 offerrentur
1052 2130 1246 2141 ......
1281 2099 1491 2152 municipia
1532 2097 1649 2138 etiam

310 2192 321 2223 l
346 2192 479 2233 quidam
499 2202 533 2224 a.
673 2193 693 2226 2
712 2197 804 2224 certe
824 2203 893 2225 om.
916 2193 948 2224 b.
1088 2192 1335 2234 maximequea
1350 2191 1444 2222 ‘msa
1463 2188 1648 2231 plerae'qzte',

163 2242 307 2273 maxime
325 2243 366 2274 P.
385 2243 574 2275 ,Uanutius
593 2254 628 2275 11.
832 2244 851 2276 3
870 2248 1090 2287 conspectum
1109 2244 1326 2285 Stephanus,
1347 2246 1532 2283 conspectu
1551 2251 1571 2271 α
1585 2241 1602 2271 b
1616 2251 1646 2272 e.

309 2299 343 2325 et
361 2305 429 2326 om.
450 2305 484 2326 α.
626 2295 646 2326 4
665 2299 799 2337 postera
819 2306 839 2327 α
853 2296 883 2327 b.
1040 2295 1210 2336 legionem
1230 2295 1261 2325 b.
1423 2293 1439 2325 7
1461 2292 1648 2334 Quintilius

164 2355 185 2376 a
208 2344 329 2385 ‘'m-ss.',
352 2344 558 2387 Quinctilius
578 2347 617 2378 P.
637 2346 825 2378 Manutius
845 2357 879 2378 u.
1043 2345 1169 2378 Corfini
1188 2356 1208 2377 a
1230 2344 1340 2377 ‘mesu’
1511 2343 1650 2374 demon-

164 2398 349 2430 strauimus
370 2399 401 2430 b.
545 2399 564 2431 9
585 2399 831 2430 transduxerat
848 2409 881 2430 a.
1032 2398 1134 2430 Curio
1153 2408 1239 2441 quas
1255 2396 1382 2436 Aldus,
1404 2405 1488 2438 quas
1508 2394 1610 2426 Curio
1629 2405 1650 2426 a

165 2453 209 2489 (is
230 2452 327 2492 quos)
348 2452 378 2482 b.
567 2451 607 2483 10
625 2451 712 2482 idem
731 2461 751 2482 α
766 2451 783 2482 h
806 2450 976 2491 ‘alliqzte',
998 2450 1100 2481 iidem
1120 2460 1156 2481 u.
1349 2449 1384 2480 11
1409 2447 1595 2489 Quintilius
1614 2456 1648 2486 0,

166 2502 374 2543 Quinctilius
395 2512 430 2532 η.
572 2503 613 2535 12
633 2502 779 2535 circuire
797 2512 818 2533 α
833 2502 863 2542 b,
885 2501 1067 2533 circumire
1086 2511 1120 2532 u.
1261 2499 1403 2542 primam
1422 2501 1441 2530 2
1461 2498 1549 2529 dett.
1569 2497 1649 2531 edd.

165 2557 248 2586 ante
267 2554 377 2594 Seal„
399 2555 507 2596 prima
525 2565 546 2586 (ι
565 2555 583 2586 3
604 2554 716 2594 dett.;
735 2553 834 2596 primi
854 2553 929 2585 cod.
952 2552 1032 2584 Vrs.
1055 2552 1220 2594 Scaliger
1237 2562 1272 2582 u.
1418 2550 1454 2583 16
1473 2550 1525 2582 his
1538 2549 1650 2581 aedd.

163 2607 318 2647 priores,
339 2605 379 2636 iis
398 2606 437 2636 P.
458 2606 645 2637 Μιιηιιίίιιε
664 2616 699 2637 u.
910 2615 984 2636 eum
1004 2604 1210 2636 contumelia
1229 2613 1305 2645 ego,
1327 2603 1532 2635 contumelia
1551 2613 1570 2634 a
1588 2603 1606 2634 b
1619 2613 1649 2633 c.

315 2657 351 2688 17
372 2656 437 2688 huc
455 2667 475 2688 a
489 2657 520 2696 b,
544 2657 594 2687 bis
614 2666 649 2687 u.
794 2657 834 2689 18
853 2660 1034 2698 expectare
1054 2666 1089 2686 α.
1230 2655 1323 2687 abita
1342 2665 1375 2686 a.
1538 2654 1580 2689 20
1599 2654 1652 2685 De

168 2720 197 2741 c.
217 2709 259 2742 29
279 2707 353 2739 uid.
374 2708 414 2740 P.
439 2709 500 2740 150
518 2719 595 2749 sqq.
738 2713 772 2739 at
792 2708 832 2740 P.
852 2708 1052 2750 Manutius,
1073 2713 1176 2749 atque
1195 2707 1297 2740 codd.
1453 2707 1492 2741 21
1516 2706 1569 2737 his
1587 2717 1650 2738 ae.

1675 888 1714 921 10

1680 1904 1700 1939 10

310 2760 352 2794 25
372 2759 424 2791 cui
446 2758 727 2800 θιιιίαηᾶυῑψῐηε,
749 2759 836 2800 quod
855 2758 956 2791 codd.
1095 2758 1137 2791 26
1158 2758 1264 2790 licere
1283 2769 1317 2791 a.
1467 2757 1574 2789 uellet
1593 2757 1650 2797 be,
1683 2759 1685 2762 '

167 2810 223 2842 uel
243 2821 275 2842 α.
427 2809 490 2841 hae
513 2810 608 2841 ‘mss.
630 2806 764 2840 multi‘.
927 2807 971 2843 ,28
988 2808 1216 2841 Lacuuarum
1235 2811 1340 2851 sz'gna
1360 2809 1417 2841 liic
1435 2811 1471 2841 et
1488 2808 1652 2850 deinceps

168 2871 231 2903 ego
246 2863 365 2904 posui.

1705 1904 1724 1937 U(
