1835 3240
86 882 126 916 10

90 1223 130 1255 15

564 142 749 187 COMM.
775 142 853 187 VII
876 141 999 185 CAP.
1024 142 1078 184 63
1093 169 1142 173 —
1157 143 1225 183 65.
1631 139 1712 181 443

156 271 309 320 petuum
330 259 534 314 imperium
568 259 867 313 libertatemque
899 272 941 299 se
965 257 1152 311 consequi
1175 256 1349 296 uideant.
1396 253 1466 294 His
1490 254 1637 294 consti-
1658 252 1685 292 4

157 333 246 373 tutis
268 329 386 370 rebus
410 329 584 369 Haeduis
608 326 942 383 Segusiauisque,
977 326 1039 379 qui
1063 332 1154 367 sunt
1184 322 1362 365 finitimei
1394 322 1635 375 prouinciae,

157 400 289 439 decem
312 397 419 438 milia
442 398 610 451 peditum
632 398 821 450 imperat3
856 396 928 435 huc
951 396 1057 435 addit
1080 394 1233 447 equites
1255 391 1521 442 octingentos.
1565 387 1638 428 His
1661 387 1685 427 5

156 467 332 521 praeficit
364 467 524 506 fratrem
549 464 833 519 Eporedorigis
858 464 1078 516 bellumque
1107 461 1246 502 inferri
1268 456 1550 510 Allobrogibus
1583 456 1641 494 iu-

159 535 239 575 bet.
298 533 437 574 Altera
461 548 513 574 ex
535 540 643 587 parte
666 530 838 572 Gabalos
861 532 1140 585 proximosque
1162 542 1281 583 pagos
1304 527 1580 566 Aruernorum
1602 522 1643 562 in
1665 519 1691 560 6

157 602 323 643 Heluios
340 633 350 652 ‚
384 602 477 642 item
500 600 678 641 Rutenos
702 597 986 652 Cadurcosque
1009 599 1057 638 ad
1080 599 1177 638 fines
1200 596 1413 638 Volcarum
1436 589 1644 632 Arecomi-

157 684 289 710 corum
314 669 604 724 depopulandos
627 668 759 708 mittit.
811 666 951 708 Nihilo
981 667 1111 706 minus
1143 663 1398 705 clandestinis
1422 658 1569 701 nuntiis
1591 657 1646 698 le·
1666 655 1692 695 7

158 738 457 793 gationibusque
490 737 730 791 Allobrogas
760 736 973 785 sollicitat,
1014 747 1177 787 quorum
1209 739 1361 773 mentes
1394 728 1566 769 nondum
1597 724 1645 765 ab

159 806 363 860 superiore
387 805 487 845 bello
509 805 706 845 resedisse
728 804 928 858 sperabat.
983 801 1135 842 Horum
1168 799 1406 854 principibus
1438 793 1642 850 pecunias,
1667 790 1693 831 8

159 874 308 915 ciuitati
323 881 452 914 autem
475 873 682 927 imperium
705 873 824 912 totius
848 870 1074 926 prouinciae
1097 869 1319 924 pollicetur.
1346 866 1492 906 Adhos
1506 875 1641 903 omnes
1663 859 1720 903 65

162 956 275 983 casus
298 942 454 996 prouisa
479 948 593 981 erant
614 941 809 994 praesidia
832 939 1051 980 cohortium
1082 938 1247 978 duarum
1280 942 1320 976 et
1348 933 1514 987 uiginti,
1549 943 1647 983 quae

161 1025 214 1050 ex
234 1010 319 1063 ipsa
341 1009 542 1063 prouincia
565 1009 611 1049 ab
634 1007 763 1049 Lucio
788 1006 965 1049 Caesare
987 1008 1118 1060 legato
1142 1006 1189 1046 ad
1212 1018 1347 1045 omnes
1371 1009 1502 1056 partes
1530 1013 1648 1053 oppo-

161 1078 371 1118 nebantur.
418 1077 553 1117 Heluii
584 1091 654 1118 sua
685 1084 823 1131 sponte
856 1091 940 1117 cum
975 1075 1147 1115 finitimis
1171 1072 1319 1128 proelio
1342 1067 1544 1123 congressi
1569 1066 1649 1120 pel-
1670 1063 1697 1104 2

162 1147 296 1187 luntur
319 1153 358 1186 et
380 1144 480 1186 Gaio
506 1145 668 1187 Valerio
693 1144 953 1185 Donnotauro
968 1176 977 1194 ‚
1014 1142 1163 1184 Caburi
1185 1141 1262 1181 filio
1278 1172 1287 1190 ‚
1314 1137 1490 1193 principe
1512 1134 1650 1175 ciuita-

163 1216 212 1255 tis
228 1246 238 1264 ‚
264 1214 595 1268 conpluribusque
627 1214 713 1255 aliis
736 1213 954 1254 interfectis
976 1213 1082 1252 intra
1106 1210 1243 1265 oppida
1266 1222 1311 1248 ac
1333 1219 1468 1247 muros
1491 1201 1649 1255 conpel-

164 1284 311 1324 luntur.
357 1282 593 1336 Allobroges
617 1283 767 1323 crebris
791 1282 838 1322 ad
859 1280 1095 1322 Rhodanum
1120 1277 1318 1332 dispositis
1342 1271 1547 1329 praesidiis
1570 1283 1651 1309 ma-
1673 1263 1697 1306 3

164 1365 241 1404 gna
265 1365 348 1391 cum
373 1365 467 1391 cura
489 1357 528 1391 et
550 1351 753 1405 diligentia
775 1364 867 1390 suos
891 1351 988 1390 fines
1011 1355 1186 1389 tuentur.
1251 1343 1424 1390 Caesar,
1461 1339 1559 1394 quod
1581 1337 1650 1377 ho-
1672 1334 1699 1375 4

166 1426 247 1459 stes
280 1419 452 1471 equitatu
485 1419 711 1472 superiores
744 1433 832 1459 esse
855 1416 1107 1469 intellegebat
1141 1423 1178 1455 et
1210 1411 1436 1454 interclusis
1471 1406 1651 1448 omnibus

167 1487 375 1528 itineribus
410 1487 515 1528 nulla
545 1501 589 1528 re
623 1501 673 1528 ex
709 1487 913 1540 prouincia
945 1493 1062 1538 atque
1092 1482 1207 1524 Italia
1239 1478 1438 1522 subleuari
1479 1480 1649 1530 poterat,

166 1562 276 1596 trans
290 1555 470 1596 Rhenum
492 1556 533 1595 in
556 1553 810 1596 Germaniam
833 1554 951 1594 mittit
973 1554 1019 1594 ad
1044 1567 1109 1593 eas
1133 1551 1330 1599 ciuitates,
1356 1560 1451 1600 quas
1474 1541 1653 1597 superio-

167 1623 274 1664 ribus
297 1624 410 1664 annis
433 1631 668 1677 pacauerat,
709 1623 939 1676 equitesque
961 1622 1007 1662 ab
1032 1621 1088 1661 his
1111 1619 1279 1660 arcessit
1301 1624 1340 1657 et
1361 1614 1459 1656 leuis
1482 1617 1654 1653 armatu-

166 1705 234 1732 rae
256 1691 424 1745 pedites,
463 1692 524 1744 qui
548 1692 654 1731 inter
675 1705 743 1731 eos
766 1690 950 1744 proeliari
975 1695 1228 1730 consuerant.
1291 1685 1439 1725 Eorum
1464 1681 1652 1727 aduentu,
1677 1675 1701 1716 5

167 1760 269 1813 quod
290 1760 418 1800 minus
440 1760 593 1800 idoneis
616 1760 725 1812 equis
749 1759 975 1808 utebantur,
1001 1772 1022 1798 a
1044 1757 1211 1798 tribunis
1236 1755 1399 1795 militum
1416 1747 1655 1802 reliquisque

170 1828 256 1882 [sed
279 1829 336 1883 et]
361 1828 554 1882 equitibus
576 1826 768 1868 Romanis
798 1835 914 1880 atque
937 1826 1111 1868 euocatis
1135 1839 1254 1878 equos
1284 1821 1401 1864 sumit
1423 1814 1656 1859 Germanis-

314 1926 328 1958 1
351 1936 386 1957 se
406 1926 463 1966 (B)
477 1929 492 1957 ?
507 1927 524 1957 b
537 1926 615 1957 cde
628 1951 638 1966 ,
664 1936 731 1957 om.
753 1925 786 1956 A
800 1926 827 1957 ζ’
841 1925 902 1956 Ι)α
915 1926 931 1955 ?
956 1924 1023 1965 (Ec
1039 1923 1245 1966 Beyerllum
1264 1923 1297 1951 et
1315 1917 1573 1950 Achaiam-lum
1598 1913 1657 1944 hic

167 1989 329 2019 percusse
348 1979 520 2019 arbt‘lror,
542 1979 646 2010 illum
664 1979 823 2018 silentio,
846 1979 950 2018 Ιιιιιισ,
974 1977 1069 2018 quod
1081 1986 1149 2017 pro
1170 1971 1424 2006 consuetudine
1444 1970 1473 2001 B
1490 1972 1524 2000 ct
1541 1978 1561 1999 a
1576 1975 1658 2008 per-

171 2029 393 2070 mutauerit).
534 2030 711 2061 contitutis
730 2040 775 2060 m.
795 2039 852 2071 pr.
874 2029 915 2060 B.
1058 2028 1078 2062 2
1098 2025 1365 2067 Segusiauisque
1383 2022 1424 2053 B.
1581 2017 1657 2049 fini-

171 2082 242 2113 timi
263 2082 294 2113 ei
314 2081 511 2123 prouinciae
529 2082 587 2113 Be
606 2084 642 2113 et
656 2081 808 2122 reliqui,
830 2080 964 2112 finitimi
984 2078 1182 2121 prouinciae
1202 2087 1266 2109 cu.
1498 2071 1517 2104 3
1538 2081 1559 2102 X
1578 2069 1652 2110 (Β)-

313 2133 444 2174 equites
466 2144 564 2165 occec
586 2134 644 2164 be.
785 2134 805 2165 4
824 2131 1067 2174 Epor-odigeris
1086 2130 1129 2161 Β.
1287 2125 1409 2158 inferri
1428 2124 1457 2155 B
1479 2120 1656 2163 ‘reltquz‘2

169 2182 300 2215 inferre
321 2184 440 2215 bede.
598 2186 615 2217 5
637 2183 800 2216 Gaballos
819 2184 850 2215 B
871 2182 1070 2225 ‘plerique'.
1236 2180 1253 2211 fi
1274 2179 1354 2210 item
1372 2177 1404 2208 in
1425 2174 1576 2206 Rutenos
1597 2174 1655 2205 be.

312 2235 497 2277 Volgarum
514 2237 544 2268 B
565 2237 654 2280 {fere
674 2236 817 2268 onmes'.
972 2233 1208 2266 Aremicorum
1228 2231 1299 2263 ΑΒ
1312 2231 1352 2270 C,
1372 2227 1607 2260 Aremicarum
1625 2236 1654 2266 e,

171 2286 446 2320 Arelnenicorum
467 2288 498 2320 b.
640 2288 660 2321 8
677 2288 882 2327 Allobrogas
901 2286 932 2318 A
944 2286 1003 2327 (Β)
1019 2286 1045 2317 C
1057 2285 1101 2324 D,
1123 2283 1328 2323 Allobroges
1348 2291 1376 2312 e.
1544 2276 1660 2310 solici-

171 2344 222 2371 tat
238 2340 279 2380 B,
302 2340 491 2371 sollicitant
511 2340 542 2371 b.
707 2339 725 2371 9
746 2339 910 2370 residisse
929 2336 1008 2377 BC,
1031 2335 1163 2367 redisse
1183 2335 1214 2366 b.
1380 2331 1419 2364 10
1440 2327 1656 2373 prouinciae]

173 2393 323 2425 ciuitatis
343 2394 372 2424 b.
526 2392 567 2425 12
585 2403 625 2424 ex
646 2392 718 2435 ipsa
736 2391 913 2434 prouincia
932 2389 960 2421 B
981 2390 1077 2421 ‘mssa
1100 2387 1165 2428 16³,
1187 2397 1228 2418 ex
1249 2387 1322 2429 ipsa
1341 2389 1460 2417 coacta
1479 2381 1657 2424 prouincia

173 2456 189 2476 e
203 2456 235 2477 u.
390 2445 496 2477 Lucio
516 2446 555 2486 Β,
576 2445 617 2477 L.
638 2456 671 2477 ur
831 2445 869 2477 13
889 2442 1086 2484 congressis
1105 2444 1188 2472 ante
1208 2449 1301 2471 corr.
1322 2438 1363 2478 Β,
1385 2445 1592 2476 congressus
1615 2432 1655 2465 C.

317 2496 357 2529 14
376 2495 458 2528 Gaio
478 2497 519 2537 B,
542 2495 581 2528 C.
601 2507 636 2528 u.
825 2494 1044 2527 Donnotauro
1062 2493 1092 2524 Β
1111 2495 1144 2523 et
1162 2494 1214 2523 sle
1234 2490 1306 2522 ‘uel
1324 2489 1554 2521 Domnotauro
1573 2496 1656 2516 mss.

176 2547 344 2588 quidam'5
366 2549 542 2580 duumuiro
562 2549 595 2589 cl,
618 2548 815 2580 Donotauro
835 2558 870 2579 υ.
1028 2545 1150 2577 Cabuli
1170 2545 1201 2576 b.
1363 2543 1401 2574 15
1423 2539 1660 2582 conpluribus-

175 2608 237 2639 que
256 2598 295 2630 B.
437 2600 559 2641 oppida
577 2609 615 2631 ac
634 2609 747 2630 muros
761 2598 792 2630 Β
810 2601 843 2629 et
860 2599 913 2629 sic
934 2596 1005 2628 ‘uel
1019 2601 1052 2628 et
1069 2606 1183 2627 muros
1201 2593 1366 2636 7·elz·qm·';
1387 2592 1510 2635 oppida
1527 2599 1660 2621 muros—

176 2661 239 2692 que
260 2661 276 2681 c
291 2651 313 2682 cl
329 2654 383 2691 et,
403 2654 467 2692 qni
480 2662 537 2693 pr.
558 2662 604 2683 m.
624 2661 805 2693 murosque
825 2661 908 2690 orn„
929 2660 998 2681 sec.
1020 2659 1064 2682 m.
1089 2649 1119 2681 b.
1357 2643 1597 2687 conpelluntur
1614 2641 1657 2672 B.

319 2701 359 2734 17
380 2701 463 2734 fines
482 2713 551 2734 om.
571 2712 690 2735 errore
712 2701 840 2735 Graeu.
861 2712 894 2733 η.
1038 2699 1077 2732 19
1097 2699 1192 2730 nulla
1210 2699 1241 2729 in
1263 2708 1299 2729 re
1313 2697 1344 2729 b.
1486 2694 1528 2729 20
1548 2691 1604 2733 ad]
1625 2691 1658 2721 in

175 2764 221 2784 m.
238 2763 297 2794 pr.
319 2754 349 2785 b.
511 2755 556 2789 22
572 2759 780 2787 consuerant
797 2754 867 2786 AB
883 2754 952 2786 CD
966 2764 994 2793 e,
1016 2755 1269 2784 consueuerant
1286 2761 1321 2783 u.
1486 2747 1528 2781 24
1548 2744 1608 2776 sed
1627 2748 1662 2775 et

177 2814 245 2835 om.
266 2803 345 2836 edd.
365 2807 448 2835 aule
465 2803 566 2845 Lz'ps.
586 2808 624 2837 et
637 2805 748 2846 Scal.,
771 2805 894 2838 sedent
911 2807 993 2836 ante
1013 2812 1103 2836 corr.
1126 2802 1166 2833 B.
1186 2801 1225 2833 P.
1249 2800 1325 2833 101.
1504 2793 1659 2827 euocatiS

174 2857 212 2888 Ι).
239 2857 313 2888 102.
454 2857 598 2888 assumit
617 2857 648 2889 b.
