1835 3240
716 183 1110 224 —27-—ffl

167 303 334 360 peremit,
367 303 459 342 item
486 298 642 353 optimis
664 297 962 337 insternendum
984 294 1260 335 uestimentis'.
1299 292 1500 335 Particula
1523 296 1654 348 ‘quod'

165 370 338 412 subiecto
361 366 612 408 coniunctiuo
634 380 703 419 pro
725 366 951 406 accusatiuo
975 378 1060 404 cum
1083 361 1278 402 infinitiuo
1300 361 1427 413 posita
1450 370 1510 401 est
1535 362 1603 412 36,
1632 363 1652 403 1

168 437 303 492 ‘legati
345 432 604 476 Carteienses
642 434 947 480 renuntiarunt,
991 431 1091 485 quod
1125 428 1356 483 Pompeium
1393 432 1431 468 in
1461 437 1655 482 potestate

165 504 367 545 haberent'
384 534 394 553 ,
428 503 598 555 itemque
632 500 700 551 10,
724 501 750 541 2
785 509 894 542 recte
915 500 1090 540 restituit
1110 496 1299 537 Dauisius
1326 501 1413 536 ‘suo
1435 496 1520 536 loeo
1543 511 1656 550 prae-

164 572 323 612 teritum
358 578 441 620 est,
486 570 588 624 quod
628 570 778 622 equites
817 583 870 609 ex
900 567 1015 608 Italia
1047 581 1133 606 cum
1164 564 1388 618 Asprenate
1419 565 1653 605 uenissent’.

164 638 253 679 Hoc
285 653 410 692 genus
444 653 529 678 eum
560 636 788 691 Maduigius
821 649 958 690 opusc.
985 636 1054 675 alt.
1080 649 1117 688 p.
1142 633 1227 674 232
1249 633 1295 673 ab
1319 633 1534 673 emendatis
1557 634 1656 673 scri-

164 708 341 762 ptoribus
370 706 538 747 alienum
570 719 660 746 esse
692 719 820 758 neque
852 711 944 744 ante
974 702 1167 743 Hadriani
1189 709 1367 755 tempora
1387 700 1658 742 increbruisse

165 776 479 824 demonstraret,
522 781 655 814 tamen
686 774 761 813 duo
793 779 901 813 certe
932 771 1181 824 antiquorum
1212 769 1448 822 scriptorum
1478 769 1660 823 exempla

164 842 390 895 relinquere
421 848 485 882 est
515 847 675 881 coactus
707 838 873 881 Catonis
900 853 963 893 ap.
988 837 1093 879 Plin.
1119 838 1212 878 hist.
1237 844 1319 876 nat.
1344 834 1513 887 XXIX,
1538 836 1579 884 1,
1605 836 1659 877 14

167 911 308 950 ‘dicam
331 910 377 950 de
398 909 485 949 istis
510 907 676 949 Graecis
698 923 769 948 suo
791 909 904 956 loco,
936 905 1076 947 Marce
1100 906 1177 955 fili,
1213 905 1301 958 quid
1325 905 1492 944 Athenis
1518 905 1660 958 exqui-

165 979 282 1019 situm
305 977 468 1018 habeam
483 1008 493 1027 ,
528 984 591 1027 et,
626 977 727 1030 quod
757 977 902 1016 bonum
930 975 982 1015 sit
1002 975 1159 1015 illorum
1180 973 1334 1013 litteras
1357 973 1557 1026 inspicere
1580 987 1660 1013 non

165 1045 414 1101 perdiscere,
447 1045 644 1095 uincam',
678 1052 717 1085 et
747 1043 879 1085 Plauti
907 1041 1072 1083 Asinar.
1106 1040 1149 1090 I,
1185 1041 1229 1091 l,
1261 1040 1314 1081 37
1353 1041 1548 1094 ‘equidem
1577 1041 1660 1082 scio

164 1116 265 1165 iam,
298 1114 399 1154 filius
429 1114 531 1166 quod
559 1120 664 1153 amet
693 1126 804 1153 meus
836 1112 964 1152 istanc
994 1110 1248 1151 meretricem
1280 1123 1301 1149 e
1323 1109 1507 1162 proximo
1528 1107 1662 1150 Phile-

166 1182 303 1224 nium'.
349 1179 398 1223 C.
422 1181 493 1232 22,
529 1180 554 1221 7
584 1182 625 1221 in
657 1181 838 1221 oratione
875 1179 1031 1232 obliqua
1059 1178 1176 1219 etiam
1207 1178 1245 1217 in
1278 1177 1428 1217 causali
1458 1177 1662 1217 enuntiato

169 1264 371 1306 perperam
393 1250 644 1290 accusatiuus
667 1264 753 1290 cum
775 1247 971 1289 infinitiuo
994 1247 1144 1301 positus
1167 1253 1252 1286 est:
1285 1245 1406 1285 ‘serui
1433 1246 1663 1300 transfugae

168 1321 452 1360 nuntiauerunt
483 1319 766 1372 oppidanorum
797 1317 901 1356 bona
924 1316 1063 1356 uenire
1086 1329 1213 1368 neque
1236 1321 1353 1354 extra
1375 1314 1519 1354 uallum
1541 1314 1664 1354 licere

169 1388 282 1428 exire
312 1388 388 1427 nisi
419 1386 675 1436 discinctum,
708 1387 857 1426 idcirco
880 1386 1004 1437 quod,
1039 1399 1093 1425 ex
1118 1398 1194 1436 quo
1218 1383 1278 1422 die
1301 1382 1480 1436 oppidum
1502 1382 1664 1435 Ategua

170 1463 279 1496 esset
311 1461 489 1508 captum,
523 1461 629 1494 metu
669 1453 909 1494 conterritos
950 1453 1172 1506 complures
1204 1451 1413 1503 profugere
1444 1450 1485 1489 in
1518 1448 1665 1490 Baetu-

168 1523 307 1563 riam':
348 1537 436 1562 nam
468 1523 568 1575 quod
599 1521 800 1562 Robertus
833 1520 1059 1573 Stephanus
1095 1517 1348 1571 ‘idcircoque'
1379 1517 1582 1565 correxit,
1625 1516 1665 1557 id

169 1590 392 1631 sententiae
415 1597 474 1630 est
495 1589 752 1629 contrarium.
796 1588 1016 1628 Praeterea
1039 1588 1141 1627 hunc
1164 1586 1304 1626 librum
1327 1600 1413 1625 cum
1436 1585 1537 1625 bello
1557 1583 1668 1625 Afri-

170 1672 268 1698 cano
300 1664 339 1697 et
370 1657 517 1697 duobus
542 1656 735 1696 Hirtianis
767 1656 1060 1695 commentariis
1088 1654 1330 1709 comparanti
1353 1654 1449 1693 haec
1471 1667 1665 1693 memora-

167 1725 261 1766 bilia
281 1724 532 1764 uidebuntur.
577 1722 623 1763 In
644 1724 747 1764 bello
770 1723 962 1763 Africano
991 1730 1223 1763 constanter
1246 1721 1390 1761 dicitur
1414 1725 1560 1773 ‘neque
1583 1720 1667 1774 opi-

170 1793 280 1833 nans'
323 1792 391 1844 (7,
427 1791 468 1832 3.
512 1791 590 1842 66,
624 1792 695 1845 2),
730 1792 903 1845 itemque
926 1791 966 1831 in
989 1790 1266 1832 Alexandrino
1291 1788 1389 1839 (63,
1425 1788 1465 1829 5.
1507 1788 1587 1838 73,
1620 1788 1664 1829 2.

169 1860 240 1912 75,
267 1861 335 1914 l):
371 1875 459 1901 nam
488 1861 529 1901 in
557 1867 698 1900 octauo
722 1861 822 1900 libro
846 1860 892 1900 de
914 1860 952 1899 b.
979 1858 1084 1900 Gall.
1111 1872 1239 1912 neque
1262 1858 1335 1898 hoc
1356 1857 1590 1897 uocabulum
1611 1857 1670 1897 le-

171 1930 278 1984 gitur
309 1943 435 1983 neque
469 1929 733 1982 ‘inopinans⁷,
767 1943 843 1982 quo
875 1927 1027 1969 Caesar
1054 1929 1139 1968 solo
1161 1941 1256 1968 usus
1280 1933 1356 1967 est.
1403 1924 1561 1979 ‘Neque
1585 1925 1669 1979 opi-

172 1998 284 2039 nans'
314 2004 473 2052 praeter
502 1998 591 2038 illos
613 1997 722 2038 locos
744 1998 879 2051 legere
902 2012 981 2038 non
1003 1996 1160 2038 memini
1184 1995 1261 2036 nisi
1282 1995 1320 2034 in
1342 1992 1455 2034 Bruti
1479 1993 1594 2047 epist.
1620 1993 1669 2033 ad

173 2063 262 2106 Cic.
295 2064 337 2116 Ι,
372 2065 414 2116 4,
438 2064 480 2115 4,
515 2066 562 2106 de
595 2066 735 2119 quibus
758 2066 937 2121 epistolis
958 2080 1042 2106 cum
1065 2065 1239 2105 maxime
1263 2063 1521 2116 disceptatur.
1564 2059 1669 2101 Belli

171 2132 449 2188 Hispaniensis
482 2133 653 2188 scriptor
685 2148 841 2188 semper
870 2135 1001 2189 posuit
1029 2133 1217 2173 usitatum
1243 2130 1513 2185 ‘necopinans'
1537 2129 1598 2182 (2,
1622 2128 1666 2171 2.

173 2201 243 2252 15,
266 2202 308 2242 2.
346 2201 412 2252 16,
437 2202 498 2255 4).
542 2200 589 2243 In
620 2202 817 2243 Hirtianis
852 2202 1148 2243 commentariis
1184 2199 1400 2255 ‘repente',
1434 2199 1476 2239 in
1497 2197 1536 2237 b.
1562 2196 1671 2236 Afri-

173 2283 272 2310 cano
298 2270 456 2311 ‘subito'
481 2270 646 2311 excluso
669 2272 796 2311 altero
820 2271 910 2325 poni
932 2269 1308 2310 animaduertimus:
1337 2267 1377 2306 in
1399 2266 1502 2307 bello
1525 2266 1671 2320 Hispa-

173 2340 302 2380 niensi
325 2353 451 2392 neque
475 2340 667 2393 ‘repente'
690 2353 818 2392 neque
845 2339 1003 2379 ‘subito'
1037 2351 1163 2391 neque
1188 2335 1370 2376 ‘subitus'
1394 2334 1565 2388 legitur,
1600 2333 1670 2374 sed

176 2407 434 2462 ‘repentinus'
456 2406 499 2457 9,
524 2408 565 2448 3.
609 2405 710 2448 Item
739 2407 910 2461 scriptor
936 2407 1026 2447 belli
1050 2405 1326 2459 Hispaniensis
1350 2410 1582 2444 constanter
1603 2416 1672 2456 po-

175 2477 256 2516 suit
279 2476 527 2516 ‘uulneribus
550 2476 718 2516 afficere'
743 2475 803 2525 (9,
838 2476 879 2516 3.
916 2475 983 2525 12,
1008 2474 1047 2516 4.
1086 2474 1151 2523 15,
1174 2474 1216 2514 4.
1244 2472 1311 2523 16,
1335 2472 1375 2512 4.
1402 2472 1473 2521 23,
1497 2470 1523 2510 2
1546 2478 1586 2510 et
1606 2470 1668 2523 8),

176 2559 383 2597 numquam
410 2544 648 2584 ‘uulnerare'
672 2551 739 2583 aut
764 2543 1097 2591 ‘conuulnerare',
1130 2543 1231 2596 quod
1254 2542 1294 2582 in
1316 2541 1353 2580 b.
1371 2539 1461 2580 Asr.
1488 2541 1672 2591 frequen-

176 2612 252 2651 tari
274 2612 548 2654 animaduerti.
590 2611 782 2666 Proprius
806 2612 897 2652 belli
920 2611 1198 2665 Hispaniensis
1225 2617 1284 2650 est
1306 2609 1447 2649 creber
1470 2621 1561 2648 usus
1583 2620 1673 2646 uer-

178 2678 314 2719 borum
338 2682 452 2722 ‘bene
474 2683 653 2736 magnus'
678 2681 736 2733 (1,
762 2681 804 2720 2.
847 2680 889 2731 4,
915 2678 955 2720 3.
1006 2680 1070 2729 12,
1096 2680 1137 2719 4.
1182 2678 1250 2728 13,
1275 2678 1314 2717 4.
1366 2676 1431 2726 15,
1457 2675 1496 2716 6.
1536 2673 1601 2723 16,
1627 2673 1668 2713 2.

179 2746 250 2796 22,
273 2746 313 2787 6-
359 2748 427 2799 35,
460 2750 488 2790 2
510 2756 550 2790 et
570 2748 611 2789 3.
652 2748 721 2799 40,
752 2748 790 2788 1.
834 2749 904 2798 41,
932 2748 1000 2801 1);
1039 2748 1154 2788 ‘bene
1185 2746 1308 2787 multi⁷
1343 2744 1411 2793 34,
1449 2745 1487 2784 5.
1533 2742 1601 2790 36,
1625 2740 1667 2781 4.

181 2812 250 2863 37,
274 2814 323 2864 4,
361 2817 476 2857 ‘bene
505 2818 634 2871 longe'
667 2816 737 2865 25,
768 2817 796 2857 2
826 2819 1024 2871 leguntur.
1071 2815 1139 2856 Ex
1167 2814 1369 2870 particulis
1394 2809 1671 2865 temporalibus

182 2896 391 2935 numquam
421 2892 620 2938 ponuntur
653 2886 914 2940 ‘postquam',
960 2887 1054 2935 ιιη’,
1103 2884 1222 2933 ‘ubi’,
1257 2895 1382 2935 neque
1415 2875 1670 2931 ‘antequam',
