1835 3240
654 166 1079 208 —199—

134 286 228 329 satis
250 296 393 325 causae
426 281 551 322 nisum
577 288 639 321 est
660 279 836 329 Vkert0,
877 294 947 320 cur
966 281 1006 320 in
1028 279 1221 334 Hispania
1242 281 1365 321 fuisse
1387 287 1614 333 negaretur.

132 354 281 394 Eadem
308 365 428 391 causa
460 357 521 390 est
552 362 710 397 eorum,
743 361 841 400 quae
873 349 909 401 ἓ.
935 345 962 387 6
991 347 1117 387 eiusd.
1143 361 1178 387 c.
1203 348 1244 387 in
1275 347 1384 387 codd.
1412 348 1615 399 leguntur:

135 418 316 461 ‘Cassius
338 418 398 458 his
419 417 538 458 rebus
560 416 745 456 incensus
768 422 899 456 mouet
920 422 1050 455 castra
1081 421 1121 455 et
1142 422 1302 469 postero
1325 415 1385 455 die
1409 412 1619 466 Segouiam

131 488 178 528 ad
200 487 343 526 flumen
366 483 578 526 Siciliense
600 483 737 524 uenit‘.
773 482 882 523 Nam
905 483 1005 536 quod
1029 480 1240 537 Segouiam
1261 483 1302 523 in
1325 481 1509 522 citeriore
1532 495 1621 534 pro-

130 555 259 595 uincia
281 559 560 594 commemorat
581 549 686 591 Plin.
712 550 805 590 hist.
832 557 913 590 nat.
939 548 1020 599 III,
1046 549 1097 599 3,
1130 549 1200 597 27,
1233 550 1329 590 nihil
1361 550 1515 598 obstat,
1547 562 1621 600 quo

130 623 258 662 minus
281 622 392 675 plura
404 620 542 674 oppida
564 618 678 658 huius
692 618 877 667 nominis,
901 618 991 657 item
1011 624 1048 657 ut
1063 619 1246 668 aliorum,
1261 618 1300 657 in
1312 616 1516 670 Hispaniis
1540 616 1623 655 sue-

130 690 225 730 rint.
270 687 477 730 Siciliense
508 700 603 727 uero
626 686 769 725 flumen
791 686 831 725 in
856 684 1046 739 Hispania
1069 685 1303 739 appellatum
1325 698 1413 725 esse
1435 685 1530 724 satis
1553 683 1624 722 mi-

131 772 216 797 rum
239 764 314 797 est.
351 755 408 796 De
432 753 583 807 Singuli
608 754 726 793 fluuio
748 754 823 793 iam
847 753 1123 808 cogitauerunt
1143 754 1395 806 interpretes.
1437 752 1481 792 Id
1502 751 1625 804 igitur

131 825 178 865 ab
211 823 341 864 Hirtio
376 824 543 863 ‘flumen
566 820 831 874 Singiliense'
864 823 1105 861 nominatum
1136 821 1321 861 existimo
1354 819 1553 860 adiectiuo
1576 818 1623 858 de

133 892 274 946 Singili
297 892 435 944 oppido
458 891 619 937 usitato,
644 896 687 929 ut
709 902 759 928 ex
782 889 980 942 inseriptt.
1007 887 1426 928 notauitFurlancttus
1448 883 1620 926 inForc.

133 961 279 1001 lexico.
315 957 481 999 Cassius
505 956 707 998 Carmona
731 954 957 996 Cordubam
980 957 1224 997 contendens
1249 957 1375 996 altero
1407 955 1469 995 die
1499 952 1624 1007 Sego-

134 1030 234 1068 uiam
257 1028 367 1068 uenit
388 1026 476 1077 (57,
501 1025 542 1064 2.
569 1024 640 1073 59,
666 1024 734 1076 3>=
761 1022 938 1078 Singulis
961 1031 1089 1064 autem
1106 1054 1116 1073 ,
1151 1024 1217 1077 qui
1238 1024 1277 1064 in
1300 1021 1455 1063 Baetim
1486 1022 1625 1063 influe-

134 1097 211 1145 bat,
237 1109 260 1135 a
281 1092 469 1135 Corduba
489 1108 568 1133 non
590 1093 706 1147 longe
728 1100 816 1133 erat
837 1100 1028 1132 remotus.

243 1160 292 1204 C.
319 1162 372 1203 58
395 1163 489 1202 baec
511 1162 551 1200 in
574 1161 685 1200 codd.
710 1160 919 1213 leguntur:
948 1158 1128 1200 ‘interim
1141 1158 1316 1200 Thorius
1339 1158 1388 1199 ad
1401 1154 1626 1198 Cordubam

133 1239 287 1271 ueteres
309 1230 486 1283 legiones
509 1230 691 1279 adducit3
725 1243 793 1277 ao,
827 1242 874 1269 ne
897 1227 1158 1269 dissensionis
1181 1227 1336 1268 initium
1368 1233 1500 1267 natum
1523 1225 1626 1266 sedi-

135 1300 234 1339 tiosa
262 1298 425 1338 militum
458 1311 606 1349 suaque
638 1303 777 1336 natura
809 1297 1034 1346 uideretur,
1070 1295 1186 1336 simul
1218 1302 1259 1335 ut
1287 1302 1425 1335 contra
1448 1292 1498 1347 Q.
1527 1291 1627 1335 Cas-

135 1368 250 1415 sium,
277 1366 340 1418 qui
364 1363 550 1405 Caesaris
575 1364 732 1404 nomine
754 1364 964 1403 maioribus
988 1363 1137 1403 uiribus
1161 1364 1217 1404 uti
1238 1364 1467 1412 uidebatur,
1502 1375 1628 1415 aeque

135 1441 332 1487 potentem
355 1438 570 1486 opponeret
592 1431 818 1484 dignitatem
834 1462 845 1478 ,
881 1428 958 1471 Cn.
984 1429 1170 1484 Pompeio
1195 1445 1237 1471 se
1260 1431 1504 1484 prouinciam
1524 1429 1627 1469 reci-

137 1515 274 1555 perare
307 1502 408 1541 uelle
440 1502 565 1553 palam
598 1498 814 1538 dictitabat.
860 1497 915 1538 Et
943 1499 1109 1538 forsitan
1142 1499 1256 1539 etiam
1281 1499 1353 1538 hoc
1377 1498 1516 1538 fecerit
1538 1497 1626 1537 odio

135 1567 322 1610 Caesaris
345 1575 385 1608 et
405 1581 537 1608 amore
558 1566 750 1619 Pompeii,
776 1565 887 1605 cuius
911 1579 1051 1605 nomen
1074 1567 1235 1606 multum
1259 1572 1415 1619 poterat
1436 1566 1534 1619 apud
1559 1578 1627 1605 eas

134 1636 326 1689 legiones,
352 1648 447 1687 quas
469 1633 527 1674 M.
556 1633 684 1674 Varro
707 1633 948 1673 obtinuerat.
994 1631 1074 1673 Sed
1095 1634 1150 1682 id,
1176 1648 1250 1686 qna
1273 1641 1423 1681 mente,
1456 1647 1628 1673 commu-

135 1704 195 1744 nis
218 1709 304 1743 erat
326 1702 577 1742 coniectura:
604 1708 712 1741 certe
737 1701 809 1740 boc
833 1715 925 1754 prae
947 1715 990 1741 se
1012 1700 1187 1741 Thorius
1211 1701 1377 1742 ferebat'
1401 1708 1495 1741 cett.
1520 1700 1627 1741 Nam

135 1771 257 1812 uerba
292 1770 385 1811 ‘sed
406 1770 459 1819 id,
493 1783 565 1821 qua
590 1775 735 1817 mente,
761 1769 978 1809 communis
1008 1776 1095 1809 erat
1125 1768 1376 1810 coniectura'
1400 1770 1454 1809 ita
1481 1769 1629 1822 scripta

136 1845 226 1880 sunt
246 1839 288 1879 in
308 1837 487 1879 omnibus
511 1837 623 1876 codd.
665 1834 777 1888 Quae
799 1838 833 1877 si
856 1851 902 1877 eo
925 1837 1040 1877 modo
1063 1837 1373 1890 distinguuntur,
1397 1844 1441 1876 ut
1462 1836 1561 1887 feci,
1587 1844 1629 1877 ut

136 1906 255 1947 uerba
280 1912 289 1930 ‘
306 1920 380 1960 qua
408 1903 549 1945 mente'
573 1904 852 1958 explicationis
876 1919 994 1945 causa
1017 1905 1240 1959 pronomini
1262 1906 1509 1954 adiciantur,
1534 1904 1631 1945 nihil

138 1975 295 2022 habent,
331 1974 431 2027 quod
451 1973 687 2026 reprebendi
710 1973 849 2026 possit.
890 1972 998 2013 Nam
1020 1980 1060 2013 et
1084 1974 1262 2014 ‘faceret'
1287 1988 1337 2014 ex
1361 1973 1629 2028 superioribus

138 2043 269 2083 uerbis
293 2046 350 2083 ‘et
374 2042 540 2083 forsitan
563 2042 680 2082 etiam
703 2041 939 2082 hocfecerit'
964 2047 1071 2081 recte
1092 2041 1353 2095 intellegitur,
1379 2048 1418 2082 et
1442 2046 1631 2082 ‘commu-

137 2109 196 2150 nis
219 2109 457 2150 coniectura'
482 2110 639 2158 dicitur,
665 2124 763 2162 quae
792 2116 878 2149 erat
899 2109 1088 2149 omnium.
1140 2107 1280 2162 Itaque
1303 2110 1376 2149 hoc
1409 2109 1503 2149 dicit
1535 2108 1631 2149 Hir-

138 2178 239 2227 tius,
283 2177 474 2218 Thorium
507 2191 551 2218 re
585 2191 678 2217 uera
707 2175 896 2230 Pompeio
930 2176 1173 2229 prouinciam
1196 2176 1421 2229 reciperare
1453 2177 1555 2218 uelle
1588 2192 1631 2217 o·-

137 2258 247 2285 mnes
279 2246 590 2300 suspicabantur:
624 2252 774 2286 certum
798 2245 871 2286 hoc
895 2252 976 2295 est,
1009 2258 1098 2285 eum
1130 2244 1229 2284 hanc
1260 2245 1502 2286 uoluntatem
1515 2246 1629 2300 “prae

137 2326 180 2353 se
197 2313 349 2353 tulisse.

250 2379 361 2433 Quae
382 2381 617 2435 legebantur
638 2396 672 2422 c.
688 2380 758 2431 62,
786 2379 806 2420 l
826 2395 835 2419 z
864 2379 1021 2421 ‘Paucis
1045 2381 1181 2421 diebus
1195 2378 1327 2422 Cassii
1349 2380 1492 2421 litteris
1514 2394 1630 2422 acce-

142 2447 213 2500 ptis
244 2462 321 2489 rex
340 2447 481 2502 Bogud
511 2464 599 2490 cum
632 2449 756 2503 copiis
787 2449 897 2489 uenit
927 2449 1183 2502 adiungitque
1205 2450 1240 2490 ei
1262 2450 1482 2504 legionem,
1518 2463 1631 2505 quam

141 2528 271 2556 secum
293 2517 533 2567 adduxerat,
559 2517 856 2571 compluresque
879 2517 1062 2558 cohortes
1085 2518 1317 2558 auxiliarias
1335 2516 1630 2571 Hispanorum'‚

144 2581 238 2622 haec
260 2583 323 2633 iis,
349 2598 446 2637 quae
466 2592 700 2638 sequuntur,
725 2592 962 2639 repugnant.
996 2584 1101 2625 Nam
1126 2585 1201 2639 §.3
1224 2592 1411 2626 narratur
1429 2584 1633 2639 Bogudem

146 2662 167 2686 a
189 2650 468 2693 munitionibus
483 2684 493 2703 ,
526 2653 664 2706 quibus
687 2650 854 2693 Cassius
877 2652 993 2694 Vliae
1016 2655 1173 2694 clausus
1195 2654 1471 2703 obsidebatur,
1504 2651 1633 2706 repul-

148 2728 232 2754 sum
254 2730 295 2757 se
307 2719 546 2773 coniungere
560 2735 646 2760 cum
661 2734 707 2761 eo
720 2722 918 2774 nequisse.
943 2719 1055 2774 Quod
1069 2722 1103 2762 si
1115 2722 1352 2775 adiungendi
1365 2722 1524 2762 uerbum
1538 2721 1633 2774 figu-

148 2789 231 2822 rate
254 2785 420 2836 positum
442 2787 768 2841 interpretamur,
803 2802 849 2829 ea
875 2789 1164 2842 significatione
1195 2789 1419 2830 cohortibus
1442 2787 1632 2841 Hispanis

150 2852 407 2903 conueniret,
441 2869 520 2895 non
550 2855 643 2896 item
674 2856 821 2911 legioni
843 2855 1038 2910 Bogudis,
1073 2872 1186 2910 quae,
1222 2872 1310 2898 cum
1333 2857 1447 2897 huius
1468 2855 1632 2908 imperio
