1835 3240
604 148 788 192 COMM.
813 148 831 191 Ι
862 146 988 190 CAP.
1011 146 1212 190 45-47.
1640 148 1723 193 285

169 265 424 307 iustissimum
466 277 554 305 esse
594 265 634 304 in
676 263 804 305 Gallia
836 264 1067 318 imperium,
1110 262 1145 303 si
1174 261 1359 302 iudicium
1390 270 1552 303 senatus
1581 264 1647 304 ob-

167 333 321 374 seruari
361 339 585 386 oporteret,
630 332 792 373 liberam
833 333 977 373 debere
1019 344 1106 372 esse
1149 329 1341 380 Galliam,
1392 343 1504 388 quam
1547 331 1649 371 bello

168 401 309 441 uictam
350 401 433 441 suis
474 401 625 455 legibus
656 402 713 441 uti
744 401 951 442 uoluisset.
1003 399 1107 440 Dum
1139 399 1236 440 haec
1264 399 1305 439 in
1338 398 1546 451 conloquio
1578 413 1645 451 ge·
1665 399 1724 443 46

166 475 323 517 runtur,
350 467 518 509 Caesari
539 470 758 509 nuntiatum
791 476 852 509 est
883 469 1033 521 equites
1057 467 1252 507 Ariouisti
1282 466 1441 521 propius
1463 466 1650 505 tumulum

124 545 141 576 5
164 537 353 577 accedere
375 543 414 576 et
435 538 482 576 ad
505 544 662 576 nostros
685 537 928 590 adequitare,
958 537 1105 591 lapides
1127 537 1283 589 telaque
1300 536 1340 575 in
1363 541 1520 574 nostros
1544 534 1653 574 coni-

97 884 136 916 10

101 1224 140 1256 15

102 1563 143 1595 20

167 618 274 645 cere.
321 602 474 646 Caesar
504 605 688 658 loquendi
719 605 834 644 finem
865 605 958 645 facit
988 618 1107 657 seque
1129 604 1175 644 ad
1198 618 1290 644 suos
1323 602 1472 656 recepit
1493 601 1654 654 suisque
1674 601 1702 641 2

167 672 392 726 imperauit,
419 687 468 713 ne
490 674 592 726 quod
614 673 772 712 omnino
795 673 914 712 telum
945 673 986 712 in
1018 673 1151 712 hostes
1183 673 1398 712 reicerent.
1442 668 1546 710 Nam
1579 669 1655 710 etsi
1675 667 1700 708 3

168 741 254 781 sine
277 741 356 782 ullo
378 742 551 795 periculo
573 740 740 795 legionis
763 741 939 781 delectae
971 755 1056 780 cum
1081 740 1255 793 equitatu
1277 739 1467 793 proelium
1491 739 1576 778 sore
1598 737 1657 777 ui-

171 809 311 860 debat,
345 816 475 848 tamen
499 808 819 849 committendum
842 823 920 848 non
943 808 1126 862 putabat,
1159 814 1203 847 ut
1231 808 1352 861 pulsis
1384 806 1559 847 hostibus
1581 805 1657 845 dici

168 885 303 931 posset
336 891 402 917 eos
434 876 481 916 ab
515 890 557 916 se
588 889 658 930 per
688 879 801 917 fidem
832 876 871 916 in
896 876 1103 930 conloquio
1130 875 1438 916 circumuentos.
1491 872 1656 915 Postea·
1678 873 1705 913 4

170 959 283 998 quam
323 945 364 984 in
405 945 546 998 uolgus
587 944 748 984 militum
792 944 935 984 elatum
979 950 1062 993 est,
1107 958 1181 996 qua
1224 943 1454 996 adrogantia
1492 942 1532 982 in
1565 956 1658 982 con-

170 1012 304 1065 loquio
334 1012 565 1052 Ariouistus
598 1026 692 1052 usus
725 1013 831 1052 omni
863 1011 990 1052 Gallia
1020 1010 1213 1052 Romanis
1243 1011 1545 1059 interdixisset,
1589 1009 1660 1048 im—

171 1087 379 1134 petumque
401 1081 441 1120 in
464 1087 622 1120 nostros
645 1080 728 1120 eius
752 1080 901 1133 equites
924 1080 1139 1129 fecissent,
1175 1093 1298 1133 eaque
1322 1093 1387 1119 res
1411 1077 1661 1130 conloquium

172 1155 216 1189 ut
236 1149 480 1199 diremisset,
518 1149 639 1188 multo
670 1149 798 1188 maior
827 1148 1012 1188 alacritas
1040 1149 1287 1201 studiumque
1318 1146 1513 1202 pugnandi
1536 1144 1661 1185 maius

173 1217 366 1257 exercitui
388 1216 575 1256 iniectum
599 1223 674 1256 est.
708 1214 833 1256 Biduo
856 1215 1186 1271 postAriouistus
1209 1217 1256 1256 ad
1275 1213 1658 1266 Caesaremlegatos
1680 1212 1737 1256 47

177 1285 320 1324 mittit:
356 1283 472 1326 Velle
504 1298 547 1325 se
578 1285 626 1324 de
655 1284 713 1324 his
745 1285 863 1324 rebus
880 1316 890 1334 ‚
927 1299 1025 1338 quae
1047 1286 1153 1326 inter
1175 1299 1242 1325 eos
1266 1284 1327 1337 agi
1351 1290 1513 1337 coeptae
1537 1295 1664 1334 neque

178 1353 375 1405 perfectae
402 1359 560 1402 essent,
594 1365 713 1407 agere
745 1367 832 1392 cum
865 1366 936 1393 eo:
973 1354 1027 1393 uti
1061 1360 1127 1393 aut
1156 1352 1298 1392 iterum
1332 1351 1540 1403 conloquio
1563 1351 1664 1389 diem

179 1421 443 1460 constitueret
464 1428 547 1471 aut,
573 1421 605 1462 si
627 1420 665 1459 id
685 1421 814 1460 minus
837 1421 979 1470 uellet,
1015 1435 1036 1460 e
1067 1420 1150 1460 suis
1182 1419 1322 1474 legatis
1354 1418 1523 1470 aliquem
1553 1418 1598 1456 ad
1622 1430 1666 1457 se

178 1488 368 1527 mitteret.
422 1485 694 1542 Conloquendi
725 1486 890 1529 Caesari
923 1502 1042 1529 eausa
1073 1489 1159 1528 uisa
1182 1492 1355 1536 nonest,
1393 1492 1432 1526 et
1454 1499 1500 1525 eo
1523 1485 1662 1540 magis,
1688 1483 1715 1525 2

175 1555 276 1610 quod
297 1557 420 1610 pridie
443 1556 526 1597 eius
549 1557 626 1597 diei
650 1555 839 1597 Germani
861 1557 1026 1597 retineri
1056 1570 1134 1596 non
1157 1560 1364 1608 poterant,
1399 1554 1491 1607 quin
1521 1553 1563 1592 in
1598 1567 1668 1593 no-

178 1631 282 1665 stros
304 1625 382 1665 tela
406 1625 646 1665 conicerent.
681 1624 874 1678 Legatum
899 1638 919 1664 e
942 1626 1023 1664 suis
1046 1637 1134 1663 sese
1156 1637 1298 1676 magno
1321 1635 1407 1661 cum
1432 1621 1606 1675 periculo
1622 1621 1669 1661 ad
1692 1620 1717 1661 3

179 1707 265 1733 eum
288 1693 497 1733 missurum
522 1699 560 1732 et
582 1693 804 1733 hominibus
837 1694 932 1732 feris
962 1692 1207 1731 obiecturum
1231 1689 1502 1730 existimabat.
1549 1686 1667 1728 Com·
1689 1687 1715 1727 4

176 1759 444 1800 modissimum
460 1761 585 1800 uisum
600 1767 661 1800 est
673 1758 815 1799 Gaium
828 1759 1031 1801 Valerium
1043 1757 1274 1805 Procillum,
1300 1754 1350 1797 C.
1366 1755 1506 1798 Valeri
1522 1755 1670 1797 Caburi

180 1828 313 1878 filium,
328 1842 477 1868 summa
492 1829 637 1869 uirtute
652 1835 690 1868 et
703 1829 946 1869 humanitate
958 1826 1268 1875 adulescentem,
1285 1825 1395 1865 cuius
1410 1832 1520 1878 pater
1532 1838 1554 1864 a
1567 1822 1669 1864 Gaio

366 1964 379 1995 1
402 1974 478 1995 esse
498 1964 530 1995 in
550 1963 663 1996 Gallia
682 1963 857 2005 imperium
878 1965 911 1994 in
933 1963 962 1995 B
983 1973 1111 1993 secum.
1136 1961 1284 1993 inclusit
1302 1960 1494 2000 eademque
1513 1960 1548 1990 ιή
1567 1968 1684 1999 marg.

184 2015 351 2055 ascripsit
372 2018 407 2046 et
423 2016 500 2056 284,
521 2016 562 2049 25
582 2019 666 2047 ante
685 2016 839 2058 quodque
855 2014 1022 2056 ponenda
1045 2014 1292 2055 significauit:
1316 2011 1347 2042 in
1368 2010 1514 2042 Galliam
1537 2011 1577 2042 C.

182 2066 203 2099 2
223 2065 347 2097 debere
365 2076 434 2097 om.
453 2067 493 2099 C.
588 2068 606 2099 3
622 2067 654 2098 in
668 2077 736 2099 om.
755 2068 785 2099 b.
882 2066 1062 2108 conloquio
1081 2066 1123 2097 B.
1221 2066 1238 2097 5
1252 2065 1372 2096 adom.
1387 2064 1481 2105 des.
1578 2062 1672 2093 coni-

183 2126 261 2147 cere
274 2120 422 2158 praeter
438 2117 468 2148 B
487 2120 593 2149 etiam
621 2121 716 2149 ‘mss.
738 2122 777 2149 at
794 2117 892 2159 apud
909 2121 1069 2149 nostrum
1090 2120 1127 2148 et
1142 2116 1236 2147 alios
1256 2116 1386 2156 ubique
1406 2116 1442 2145 z'n
1462 2114 1670 2154 compose'tz's

183 2179 204 2199 a
224 2169 350 2209 z'a02'0';
371 2169 504 2200 coicere
522 2171 539 2201 b
559 2174 595 2201 et
609 2180 736 2202 τιμερε.
758 2172 793 2201 in
812 2179 927 2211 marg.
946 2170 990 2201 B.
1086 2169 1104 2200 ὓ
1120 2168 1417 2206 facitABDEf;
1438 2166 1521 2198 feeit
1533 2177 1579 2197 m.
1599 2176 1670 2197 see.

184 2218 214 2249 B
232 2229 267 2250 u.
422 2220 546 2262 recipit
563 2222 608 2253 A.
749 2221 769 2253 8
789 2220 957 2263 delectae]
978 2220 1195 2251 commissum
1219 2218 1301 2250 add.
1319 2219 1372 2251 C?
1390 2218 1408 2249 b
1428 2220 1461 2249 et
1479 2227 1526 2248 m.
1542 2227 1610 2248 seo.
1632 2218 1668 2247 in

185 2281 300 2313 marg.
317 2272 360 2304 B.
448 2272 466 2304 9
486 2272 537 2314 ut]
558 2283 597 2304 ne
618 2272 652 2304 cl.
730 2273 770 2304 10
790 2273 966 2314 conloquio
987 2273 1030 2304 B.
1105 2272 1139 2304 11
1164 2270 1286 2312 uolgus
1305 2270 1335 2302 B
1352 2270 1392 2302 C.
1466 2273 1518 2300 est
1536 2279 1604 2300 om.
1623 2268 1669 2299 Ι).

326 2325 528 2364 adrogantia
547 2325 589 2357 B.
731 2325 910 2367 conloquio
929 2325 971 2356 B.
1114 2323 1157 2357 12
1174 2333 1256 2354 usus
1268 2333 1337 2354 om.
1358 2322 1387 2353 b.
1539 2329 1670 2351 omnem

187 2373 331 2407 Galliam
350 2376 434 2408 DE.
600 2376 828 2418 impetumque
846 2374 1073 2407 —fecissent
1090 2384 1157 2405 mn.
1178 2374 1224 2406 Ι).
1399 2372 1438 2404 13
1459 2372 1532 2403 eius
1552 2372 1671 2413 arms.

331 2426 515 2467 feeissets.
650 2436 706 2458 res
725 2426 844 2467 om.f.
975 2425 1191 2466 conloquium
1211 2424 1253 2455 B.
1374 2423 1415 2455 14
1433 2427 1469 2454 ut
1487 2423 1519 2453 Α
1529 2421 1588 2464 (Β)
1604 2422 1671 2461 Co,

190 2487 254 2508 om.
277 2477 443 2519 DEcles.
565 2477 602 2509 15
623 2476 777 2508 exercitu
795 2476 855 2515 (B)
869 2479 883 2507 ,⁹
901 2479 934 2507 et
953 2486 1027 2507 enm
1049 2485 1119 2506 mlo
1137 2474 1206 2507 det.
1229 2485 1263 2505 u.
1373 2472 1413 2505 17
1433 2472 1611 2514 conloquio
1630 2471 1671 2502 B.

333 2529 373 2561 18
393 2539 409 2559 e
428 2530 459 2560 A
472 2529 513 2569 B,
535 2539 603 2560 om.
623 2529 711 2569 DE,
734 2529 822 2570 exs.
966 2528 1005 2559 19
1025 2527 1252 2569 conloquendi
1272 2527 1314 2558 B.
1458 2526 1497 2559 21
1519 2525 1567 2556 ad
1583 2525 1674 2556 eoni-

192 2584 308 2610 cei-ent
324 2581 358 2610 in
376 2589 491 2620 marg.
507 2590 544 2610 co
558 2581 685 2620 posuit
702 2590 770 2610 see.
785 2589 832 2610 m.
852 2578 892 2610 B.
1038 2588 1055 2609 e
1072 2579 1105 2610 A
1117 2578 1229 2609 BDE
1245 2580 1280 2608 et
1295 2587 1317 2608 x
1334 2586 1493 2618 suprasc.
1517 2576 1557 2615 C,
1578 2585 1619 2606 ex
1637 2576 1673 2616 s.

334 2631 465 2673 magno]
485 2642 527 2662 ex
545 2641 665 2672 magno
688 2632 727 2663 C.
889 2631 934 2664 22
954 2630 1070 2662 Verba
1090 2630 1119 2671 ξ.
1141 2630 1161 2661 4
1180 2631 1216 2660 in
1236 2638 1352 2670 marg.
1372 2628 1403 2660 B
1419 2638 1488 2659 sec.
1510 2637 1556 2659 m.
1577 2636 1676 2666 repe-

194 2684 261 2713 cita
279 2685 362 2713 sunt
381 2693 456 2713 cum
476 2684 520 2712 z'z's
539 2682 806 2723 discrepa72t1·z·s‚
827 2691 917 2723 quas
937 2680 1115 2712 indicabo.
1255 2680 1298 2713 23
1318 2678 1438 2711 Gaium
1458 2677 1499 2718 B,
1521 2687 1588 2708 om.
1604 2686 1673 2706 see.

191 2743 236 2764 m.
259 2735 295 2763 in
312 2743 416 2775 marg
436 2759 444 2774 ,
464 2734 502 2766 C.
516 2745 552 2766 u.
647 2733 822 2765 Pricillum
842 2733 924 2765 DE.
1021 2730 1138 2763 Valeri
1157 2731 1226 2763 BC
1240 2731 1257 2762 b
1284 2734 1318 2762 et
1342 2729 1493 2770 corr.s‚
1514 2730 1578 2769 qui
1593 2730 1677 2758 ante

193 2792 284 2814 corr.
313 2781 452 2827 Veleri3
480 2783 612 2816 Valerii
641 2794 676 2815 u.
773 2782 895 2814 Cahuli
922 2782 952 2814 b.
1048 2782 1092 2816 24
1120 2781 1433 2813 adulescentemm.
1450 2789 1507 2821 pr.
1526 2779 1558 2809 A
1575 2781 1673 2809 etm.

191 2846 258 2866 see.
281 2838 314 2866 ιή
334 2844 448 2877 marg.
468 2836 509 2877 B,
530 2836 783 2867 adolescentem
803 2835 863 2876 (B)
883 2845 918 2866 u.
1014 2832 1098 2865 Gaio
1108 2834 1150 2871 B,
1172 2832 1267 2866 Can.
1281 2835 1397 2865 sec-‚in
1416 2841 1530 2873 marg.
1545 2831 1574 2861 B
1591 2833 1626 2862 et
1642 2840 1679 2862 u.
