<?xml version="1.0" encoding="UTF-8"?>
<!DOCTYPE html PUBLIC "-//W3C//DTD XHTML 1.0 Transitional//EN"
    "http://www.w3.org/TR/xhtml1/DTD/xhtml1-transitional.dtd">
<html xmlns="http://www.w3.org/1999/xhtml" xml:lang="en" lang="en">
 <head>
  <title>
</title>
<meta http-equiv="Content-Type" content="text/html;charset=utf-8" />
  <meta name='ocr-system' content='tesseract 3.04.00' />
  <meta name='ocr-capabilities' content='ocr_page ocr_carea ocr_par ocr_line ocrx_word'/>
</head>
<body>
  <div class='ocr_page' id='page_1' title='image "./commentarii00caesuoft_0284.png"; bbox 0 0 1835 3240; ppageno 0'>
   <div class='ocr_carea' id='block_1_1' title="bbox 93 149 1193 195">
    <p class='ocr_par' dir='ltr' id='par_1_1' title="bbox 93 149 1193 195">
     <span class='ocr_line' id='line_1_1' title="bbox 93 149 1193 195; baseline -0.003 0"><span class='ocrx_word' id='word_1_1' title='bbox 93 154 176 195; x_wconf 81' lang='lat'>274</span> <span class='ocrx_word' id='word_1_2' title='bbox 616 150 690 192; x_wconf 92' lang='lat' dir='ltr'>DE</span> <span class='ocrx_word' id='word_1_3' title='bbox 721 150 912 194; x_wconf 87' lang='lat' dir='ltr'><strong>BELLO</strong></span> <span class='ocrx_word' id='word_1_4' title='bbox 944 149 1193 193; x_wconf 85' lang='lat' dir='ltr'>GALLICO</span> 
     </span>
    </p>
   </div>
   <div class='ocr_carea' id='block_1_2' title="bbox 93 264 1657 1879">
    <p class='ocr_par' dir='ltr' id='par_1_2' title="bbox 96 264 1656 590">
     <span class='ocr_line' id='line_1_2' title="bbox 96 264 1652 320; baseline 0 -14"><span class='ocrx_word' id='word_1_5' title='bbox 96 265 149 306; x_wconf 76' lang='lat'>12</span> <span class='ocrx_word' id='word_1_6' title='bbox 171 278 298 318; x_wconf 89' lang='lat' dir='ltr'>neque</span> <span class='ocrx_word' id='word_1_7' title='bbox 322 264 420 305; x_wconf 82' lang='lat' dir='ltr'>hane</span> <span class='ocrx_word' id='word_1_8' title='bbox 442 266 767 305; x_wconf 83' lang='lat' dir='ltr'>consuetudinem</span> <span class='ocrx_word' id='word_1_9' title='bbox 790 265 917 305; x_wconf 81' lang='lat' dir='ltr'>uictus</span> <span class='ocrx_word' id='word_1_10' title='bbox 940 279 1027 305; x_wconf 88' lang='lat' dir='ltr'>eum</span> <span class='ocrx_word' id='word_1_11' title='bbox 1049 265 1117 305; x_wconf 84' lang='lat' dir='ltr'>illa</span> <span class='ocrx_word' id='word_1_12' title='bbox 1138 266 1454 320; x_wconf 79' lang='lat' dir='ltr'>comparandam.</span> <span class='ocrx_word' id='word_1_13' title='bbox 1492 266 1652 306; x_wconf 85' lang='lat' dir='ltr'>Arioui-</span> 
     </span>
     <span class='ocr_line' id='line_1_3' title="bbox 169 332 1651 390; baseline 0 -16"><span class='ocrx_word' id='word_1_14' title='bbox 169 341 270 374; x_wconf 82' lang='lat' dir='ltr'><strong>stum</strong></span> <span class='ocrx_word' id='word_1_15' title='bbox 293 340 439 383; x_wconf 86' lang='lat' dir='ltr'>autem,</span> <span class='ocrx_word' id='word_1_16' title='bbox 463 340 506 372; x_wconf 87' lang='lat' dir='ltr'>ut</span> <span class='ocrx_word' id='word_1_17' title='bbox 527 333 648 373; x_wconf 89' lang='lat' dir='ltr'>semel</span> <span class='ocrx_word' id='word_1_18' title='bbox 670 332 873 373; x_wconf 81' lang='lat' dir='ltr'>Gallorum</span> <span class='ocrx_word' id='word_1_19' title='bbox 903 333 1034 386; x_wconf 82' lang='lat' dir='ltr'>copias</span> <span class='ocrx_word' id='word_1_20' title='bbox 1057 333 1204 386; x_wconf 90' lang='lat' dir='ltr'>proelio</span> <span class='ocrx_word' id='word_1_21' title='bbox 1228 334 1390 384; x_wconf 81' lang='lat' dir='ltr'>uicerit,</span> <span class='ocrx_word' id='word_1_22' title='bbox 1416 335 1516 390; x_wconf 90' lang='lat' dir='ltr'>quod</span> <span class='ocrx_word' id='word_1_23' title='bbox 1539 347 1651 388; x_wconf 90' lang='lat' dir='ltr'>proe-</span> 
     </span>
     <span class='ocr_line' id='line_1_4' title="bbox 168 399 1648 456; baseline 0 -14"><span class='ocrx_word' id='word_1_24' title='bbox 168 403 262 442; x_wconf 88' lang='lat' dir='ltr'>lium</span> <span class='ocrx_word' id='word_1_25' title='bbox 286 402 429 441; x_wconf 85' lang='lat' dir='ltr'>faotum</span> <span class='ocrx_word' id='word_1_26' title='bbox 452 400 503 439; x_wconf 84' lang='lat' dir='ltr'>sit</span> <span class='ocrx_word' id='word_1_27' title='bbox 525 401 569 439; x_wconf 83' lang='lat' dir='ltr'>ad</span> <span class='ocrx_word' id='word_1_28' title='bbox 603 399 890 453; x_wconf 81' lang='lat' dir='ltr'>Magetobriam</span> <span class='ocrx_word' id='word_1_29' title='bbox 906 431 915 447; x_wconf 84' lang='lat'>,</span> <span class='ocrx_word' id='word_1_30' title='bbox 951 401 1120 454; x_wconf 90' lang='lat' dir='ltr'>superbe</span> <span class='ocrx_word' id='word_1_31' title='bbox 1146 407 1185 441; x_wconf 88' lang='lat' dir='ltr'>et</span> <span class='ocrx_word' id='word_1_32' title='bbox 1206 402 1419 442; x_wconf 77' lang='lat' dir='ltr'>crudeliter</span> <span class='ocrx_word' id='word_1_33' title='bbox 1438 402 1648 456; x_wconf 85' lang='lat' dir='ltr'>imperare,</span> 
     </span>
     <span class='ocr_line' id='line_1_5' title="bbox 170 467 1650 522; baseline 0 -12"><span class='ocrx_word' id='word_1_34' title='bbox 170 469 326 510; x_wconf 89' lang='lat' dir='ltr'>obsides</span> <span class='ocrx_word' id='word_1_35' title='bbox 368 467 602 508; x_wconf 81' lang='lat' dir='ltr'>nobilissimi</span> <span class='ocrx_word' id='word_1_36' title='bbox 643 469 832 520; x_wconf 81' lang='lat' dir='ltr'>cuiusque</span> <span class='ocrx_word' id='word_1_37' title='bbox 873 467 1020 508; x_wconf 88' lang='lat' dir='ltr'>liberos</span> <span class='ocrx_word' id='word_1_38' title='bbox 1062 482 1226 522; x_wconf 83' lang='lat' dir='ltr'>poscere</span> <span class='ocrx_word' id='word_1_39' title='bbox 1267 476 1306 508; x_wconf 89' lang='lat' dir='ltr'>et</span> <span class='ocrx_word' id='word_1_40' title='bbox 1346 469 1385 508; x_wconf 92' lang='lat' dir='ltr'>in</span> <span class='ocrx_word' id='word_1_41' title='bbox 1416 482 1484 508; x_wconf 87' lang='lat' dir='ltr'>eos</span> <span class='ocrx_word' id='word_1_42' title='bbox 1521 470 1650 510; x_wconf 87' lang='lat' dir='ltr'>omnia</span> 
     </span>
     <span class='ocr_line' id='line_1_6' title="bbox 171 535 1656 590; baseline -0.001 -13"><span class='ocrx_word' id='word_1_43' title='bbox 171 537 354 590; x_wconf 78' lang='lat' dir='ltr'>exempla</span> <span class='ocrx_word' id='word_1_44' title='bbox 385 536 657 587; x_wconf 79' lang='lat' dir='ltr'>cruciatusque</span> <span class='ocrx_word' id='word_1_45' title='bbox 691 535 824 584; x_wconf 88' lang='lat' dir='ltr'>edere,</span> <span class='ocrx_word' id='word_1_46' title='bbox 860 535 893 574; x_wconf 88' lang='lat' dir='ltr'>si</span> <span class='ocrx_word' id='word_1_47' title='bbox 916 550 986 588; x_wconf 87' lang='lat' dir='ltr'>qua</span> <span class='ocrx_word' id='word_1_48' title='bbox 1011 551 1075 577; x_wconf 90' lang='lat' dir='ltr'>res</span> <span class='ocrx_word' id='word_1_49' title='bbox 1099 551 1177 576; x_wconf 91' lang='lat' dir='ltr'>non</span> <span class='ocrx_word' id='word_1_50' title='bbox 1201 537 1246 576; x_wconf 93' lang='lat' dir='ltr'>ad</span> <span class='ocrx_word' id='word_1_51' title='bbox 1270 543 1406 576; x_wconf 86' lang='lat' dir='ltr'>nutum</span> <span class='ocrx_word' id='word_1_52' title='bbox 1430 543 1498 576; x_wconf 87' lang='lat' dir='ltr'>aut</span> <span class='ocrx_word' id='word_1_53' title='bbox 1518 538 1564 576; x_wconf 83' lang='lat' dir='ltr'>ad</span> <span class='ocrx_word' id='word_1_54' title='bbox 1589 551 1656 577; x_wconf 92' lang='lat' dir='ltr'>uo-</span> 
     </span>
    </p>

    <p class='ocr_par' dir='ltr' id='par_1_3' title="bbox 96 601 1654 654">
     <span class='ocr_line' id='line_1_7' title="bbox 96 601 1654 654; baseline -0.001 -8"><span class='ocrx_word' id='word_1_55' title='bbox 96 604 147 646; x_wconf 84' lang='grc'>13</span> <span class='ocrx_word' id='word_1_56' title='bbox 168 606 357 646; x_wconf 89' lang='lat' dir='ltr'>luntatem</span> <span class='ocrx_word' id='word_1_57' title='bbox 382 604 465 643; x_wconf 87' lang='lat' dir='ltr'>eius</span> <span class='ocrx_word' id='word_1_58' title='bbox 489 603 592 643; x_wconf 85' lang='lat' dir='ltr'>faeta</span> <span class='ocrx_word' id='word_1_59' title='bbox 613 602 679 642; x_wconf 86' lang='lat' dir='ltr'>sit.</span> <span class='ocrx_word' id='word_1_60' title='bbox 713 601 922 643; x_wconf 85' lang='lat' dir='ltr'>Hominem</span> <span class='ocrx_word' id='word_1_61' title='bbox 946 617 1033 644; x_wconf 87' lang='lat' dir='ltr'>esse</span> <span class='ocrx_word' id='word_1_62' title='bbox 1056 604 1265 646; x_wconf 79' lang='lat' dir='ltr'>barbarum</span> <span class='ocrx_word' id='word_1_63' title='bbox 1282 634 1291 650; x_wconf 84' lang='lat'>,</span> <span class='ocrx_word' id='word_1_64' title='bbox 1315 604 1570 654; x_wconf 79' lang='lat' dir='ltr'>iracundum,</span> <span class='ocrx_word' id='word_1_65' title='bbox 1596 611 1654 644; x_wconf 83' lang='lat' dir='ltr'>te-</span> 
     </span>
    </p>

    <p class='ocr_par' dir='ltr' id='par_1_4' title="bbox 95 669 1655 928">
     <span class='ocr_line' id='line_1_8' title="bbox 95 669 1652 725; baseline -0.002 -11"><span class='ocrx_word' id='word_1_66' title='bbox 95 673 149 714; x_wconf 87' lang='lat'>14</span> <span class='ocrx_word' id='word_1_67' title='bbox 170 673 407 713; x_wconf 87' lang='lat' dir='ltr'>merarium:</span> <span class='ocrx_word' id='word_1_68' title='bbox 433 684 512 710; x_wconf 87' lang='lat' dir='ltr'>non</span> <span class='ocrx_word' id='word_1_69' title='bbox 534 684 649 724; x_wconf 88' lang='lat' dir='ltr'>posse</span> <span class='ocrx_word' id='word_1_70' title='bbox 674 670 758 711; x_wconf 87' lang='lat' dir='ltr'>eius</span> <span class='ocrx_word' id='word_1_71' title='bbox 780 671 942 725; x_wconf 88' lang='lat' dir='ltr'>imperia</span> <span class='ocrx_word' id='word_1_72' title='bbox 967 672 1110 712; x_wconf 89' lang='lat' dir='ltr'>diutius</span> <span class='ocrx_word' id='word_1_73' title='bbox 1134 672 1349 712; x_wconf 86' lang='lat' dir='ltr'>sustinere.</span> <span class='ocrx_word' id='word_1_74' title='bbox 1393 669 1484 710; x_wconf 83' lang='lat' dir='ltr'>Nisi</span> <span class='ocrx_word' id='word_1_75' title='bbox 1506 672 1539 711; x_wconf 93' lang='lat' dir='ltr'>si</span> <span class='ocrx_word' id='word_1_76' title='bbox 1562 672 1652 724; x_wconf 88' lang='lat' dir='ltr'>quid</span> 
     </span>
     <span class='ocr_line' id='line_1_9' title="bbox 170 737 1654 792; baseline -0.001 -11"><span class='ocrx_word' id='word_1_77' title='bbox 170 741 209 781; x_wconf 91' lang='lat' dir='ltr'>in</span> <span class='ocrx_word' id='word_1_78' title='bbox 223 737 397 781; x_wconf 80' lang='lat' dir='ltr'>Caesare</span> <span class='ocrx_word' id='word_1_79' title='bbox 413 738 631 792; x_wconf 86' lang='lat' dir='ltr'>populoque</span> <span class='ocrx_word' id='word_1_80' title='bbox 642 737 824 778; x_wconf 87' lang='lat' dir='ltr'>Romano</span> <span class='ocrx_word' id='word_1_81' title='bbox 847 739 898 779; x_wconf 92' lang='lat' dir='ltr'>sit.</span> <span class='ocrx_word' id='word_1_82' title='bbox 918 739 1072 787; x_wconf 81' lang='lat' dir='ltr'>auxilii,</span> <span class='ocrx_word' id='word_1_83' title='bbox 1100 740 1278 780; x_wconf 85' lang='lat' dir='ltr'>omuibus</span> <span class='ocrx_word' id='word_1_84' title='bbox 1299 738 1424 779; x_wconf 87' lang='lat' dir='ltr'>Gallis</span> <span class='ocrx_word' id='word_1_85' title='bbox 1442 739 1543 779; x_wconf 90' lang='lat' dir='ltr'>idem</span> <span class='ocrx_word' id='word_1_86' title='bbox 1566 753 1654 780; x_wconf 89' lang='lat' dir='ltr'>esse</span> 
     </span>
     <span class='ocr_line' id='line_1_10' title="bbox 171 805 1655 861; baseline -0.001 -13"><span class='ocrx_word' id='word_1_87' title='bbox 171 808 410 856; x_wconf 84' lang='lat' dir='ltr'>faciendum,</span> <span class='ocrx_word' id='word_1_88' title='bbox 436 807 535 859; x_wconf 85' lang='lat' dir='ltr'>quod</span> <span class='ocrx_word' id='word_1_89' title='bbox 550 805 724 847; x_wconf 87' lang='lat' dir='ltr'>Heluetii</span> <span class='ocrx_word' id='word_1_90' title='bbox 746 806 932 856; x_wconf 81' lang='lat' dir='ltr'>fecerint,</span> <span class='ocrx_word' id='word_1_91' title='bbox 956 807 1124 847; x_wconf 87' lang='lat' dir='ltr'>utdomo</span> <span class='ocrx_word' id='word_1_92' title='bbox 1136 807 1345 861; x_wconf 83' lang='lat' dir='ltr'>emigrent,</span> <span class='ocrx_word' id='word_1_93' title='bbox 1372 807 1475 846; x_wconf 81' lang='lat' dir='ltr'>aliud</span> <span class='ocrx_word' id='word_1_94' title='bbox 1493 806 1655 847; x_wconf 87' lang='lat' dir='ltr'>domici-</span> 
     </span>
     <span class='ocr_line' id='line_1_11' title="bbox 167 873 1654 928; baseline -0.001 -12"><span class='ocrx_word' id='word_1_95' title='bbox 167 877 277 926; x_wconf 83' lang='lat' dir='ltr'>lium,</span> <span class='ocrx_word' id='word_1_96' title='bbox 303 875 400 915; x_wconf 85' lang='lat' dir='ltr'>alias</span> <span class='ocrx_word' id='word_1_97' title='bbox 423 874 554 924; x_wconf 87' lang='lat' dir='ltr'>sedes,</span> <span class='ocrx_word' id='word_1_98' title='bbox 579 881 752 914; x_wconf 82' lang='lat' dir='ltr'>remotas</span> <span class='ocrx_word' id='word_1_99' title='bbox 776 889 798 914; x_wconf 87' lang='lat' dir='ltr'>a</span> <span class='ocrx_word' id='word_1_100' title='bbox 814 873 1040 922; x_wconf 81' lang='lat' dir='ltr'>Germanis,</span> <span class='ocrx_word' id='word_1_101' title='bbox 1066 882 1200 928; x_wconf 84' lang='lat' dir='ltr'>petant</span> <span class='ocrx_word' id='word_1_102' title='bbox 1226 876 1511 927; x_wconf 72' lang='lat' dir='ltr'>fortunamque,</span> <span class='ocrx_word' id='word_1_103' title='bbox 1536 888 1654 927; x_wconf 84' lang='lat' dir='ltr'>quae-</span> 
     </span>
    </p>

    <p class='ocr_par' dir='ltr' id='par_1_5' title="bbox 96 941 1652 1064">
     <span class='ocr_line' id='line_1_12' title="bbox 96 941 1650 996; baseline -0.002 -11"><span class='ocrx_word' id='word_1_104' title='bbox 96 944 147 985; x_wconf 85' lang='lat'>15</span> <span class='ocrx_word' id='word_1_105' title='bbox 171 957 335 996; x_wconf 82' lang='lat' dir='ltr'>cumque</span> <span class='ocrx_word' id='word_1_106' title='bbox 366 942 542 992; x_wconf 82' lang='lat' dir='ltr'>aecidat,</span> <span class='ocrx_word' id='word_1_107' title='bbox 575 942 848 996; x_wconf 71' lang='lat' dir='ltr'>experiantur.</span> <span class='ocrx_word' id='word_1_108' title='bbox 901 941 1012 982; x_wconf 86' lang='lat' dir='ltr'>Haec</span> <span class='ocrx_word' id='word_1_109' title='bbox 1045 943 1079 983; x_wconf 86' lang='lat' dir='ltr'>si</span> <span class='ocrx_word' id='word_1_110' title='bbox 1101 943 1306 983; x_wconf 83' lang='lat' dir='ltr'>enuntiata</span> <span class='ocrx_word' id='word_1_111' title='bbox 1329 942 1534 982; x_wconf 78' lang='lat' dir='ltr'>Ariouisto</span> <span class='ocrx_word' id='word_1_112' title='bbox 1557 942 1650 992; x_wconf 86' lang='lat' dir='ltr'>sint,</span> 
     </span>
     <span class='ocr_line' id='line_1_13' title="bbox 170 1010 1652 1064; baseline 0 -13"><span class='ocrx_word' id='word_1_113' title='bbox 170 1026 249 1051; x_wconf 92' lang='lat' dir='ltr'>non</span> <span class='ocrx_word' id='word_1_114' title='bbox 271 1010 468 1060; x_wconf 88' lang='lat' dir='ltr'>dubitare,</span> <span class='ocrx_word' id='word_1_115' title='bbox 494 1010 587 1062; x_wconf 91' lang='lat' dir='ltr'>quin</span> <span class='ocrx_word' id='word_1_116' title='bbox 609 1011 655 1050; x_wconf 92' lang='lat' dir='ltr'>de</span> <span class='ocrx_word' id='word_1_117' title='bbox 678 1010 856 1050; x_wconf 89' lang='lat' dir='ltr'>omuibus</span> <span class='ocrx_word' id='word_1_118' title='bbox 880 1010 1094 1059; x_wconf 86' lang='lat' dir='ltr'>obsidibus,</span> <span class='ocrx_word' id='word_1_119' title='bbox 1122 1011 1184 1063; x_wconf 92' lang='lat' dir='ltr'>qui</span> <span class='ocrx_word' id='word_1_120' title='bbox 1207 1011 1305 1064; x_wconf 89' lang='lat' dir='ltr'>apud</span> <span class='ocrx_word' id='word_1_121' title='bbox 1330 1024 1417 1050; x_wconf 88' lang='lat' dir='ltr'>eum</span> <span class='ocrx_word' id='word_1_122' title='bbox 1442 1010 1537 1060; x_wconf 88' lang='lat' dir='ltr'>sint,</span> <span class='ocrx_word' id='word_1_123' title='bbox 1561 1024 1652 1064; x_wconf 86' lang='lat' dir='ltr'>gra-</span> 
     </span>
    </p>

    <p class='ocr_par' dir='ltr' id='par_1_6' title="bbox 95 1075 1655 1270">
     <span class='ocr_line' id='line_1_14' title="bbox 95 1075 1654 1132; baseline -0.001 -13"><span class='ocrx_word' id='word_1_124' title='bbox 95 1078 148 1119; x_wconf 70' lang='grc'>’16</span> <span class='ocrx_word' id='word_1_125' title='bbox 170 1079 372 1119; x_wconf 89' lang='lat' dir='ltr'>uissimum</span> <span class='ocrx_word' id='word_1_126' title='bbox 405 1077 635 1131; x_wconf 83' lang='lat' dir='ltr'>supplicium</span> <span class='ocrx_word' id='word_1_127' title='bbox 659 1085 801 1118; x_wconf 88' lang='lat' dir='ltr'>sumat.</span> <span class='ocrx_word' id='word_1_128' title='bbox 857 1075 1072 1119; x_wconf 84' lang='lat' dir='ltr'>Caesarem</span> <span class='ocrx_word' id='word_1_129' title='bbox 1097 1080 1159 1119; x_wconf 90' lang='lat' dir='ltr'>uel</span> <span class='ocrx_word' id='word_1_130' title='bbox 1191 1079 1424 1119; x_wconf 85' lang='lat' dir='ltr'>auctoritate</span> <span class='ocrx_word' id='word_1_131' title='bbox 1446 1093 1516 1120; x_wconf 89' lang='lat' dir='ltr'>sua</span> <span class='ocrx_word' id='word_1_132' title='bbox 1538 1085 1654 1132; x_wconf 89' lang='lat' dir='ltr'>atque</span> 
     </span>
     <span class='ocr_line' id='line_1_15' title="bbox 169 1145 1654 1201; baseline -0.002 -13"><span class='ocrx_word' id='word_1_133' title='bbox 169 1148 372 1188; x_wconf 77' lang='lat' dir='ltr'>exercitus</span> <span class='ocrx_word' id='word_1_134' title='bbox 394 1146 457 1185; x_wconf 91' lang='lat' dir='ltr'>uel</span> <span class='ocrx_word' id='word_1_135' title='bbox 479 1146 631 1185; x_wconf 87' lang='lat' dir='ltr'>recenti</span> <span class='ocrx_word' id='word_1_136' title='bbox 654 1145 821 1185; x_wconf 86' lang='lat' dir='ltr'>uictoria</span> <span class='ocrx_word' id='word_1_137' title='bbox 845 1145 907 1186; x_wconf 89' lang='lat' dir='ltr'>uel</span> <span class='ocrx_word' id='word_1_138' title='bbox 929 1146 1087 1186; x_wconf 89' lang='lat' dir='ltr'>nomine</span> <span class='ocrx_word' id='word_1_139' title='bbox 1110 1147 1239 1201; x_wconf 89' lang='lat' dir='ltr'>populi</span> <span class='ocrx_word' id='word_1_140' title='bbox 1261 1146 1431 1186; x_wconf 83' lang='lat' dir='ltr'>Romani</span> <span class='ocrx_word' id='word_1_141' title='bbox 1453 1147 1654 1187; x_wconf 70' lang='lat' dir='ltr'>deterrere</span> 
     </span>
     <span class='ocr_line' id='line_1_16' title="bbox 169 1211 1655 1270; baseline -0.001 -15"><span class='ocrx_word' id='word_1_142' title='bbox 169 1229 298 1270; x_wconf 86' lang='lat' dir='ltr'>posse,</span> <span class='ocrx_word' id='word_1_143' title='bbox 322 1228 371 1255; x_wconf 91' lang='lat' dir='ltr'>ne</span> <span class='ocrx_word' id='word_1_144' title='bbox 394 1214 519 1253; x_wconf 88' lang='lat' dir='ltr'>maior</span> <span class='ocrx_word' id='word_1_145' title='bbox 540 1213 745 1253; x_wconf 90' lang='lat' dir='ltr'>multitudo</span> <span class='ocrx_word' id='word_1_146' title='bbox 771 1211 1057 1254; x_wconf 87' lang='lat' dir='ltr'>Germanorum</span> <span class='ocrx_word' id='word_1_147' title='bbox 1080 1214 1264 1255; x_wconf 88' lang='lat' dir='ltr'>Rhenum</span> <span class='ocrx_word' id='word_1_148' title='bbox 1289 1215 1532 1264; x_wconf 71' lang='lat' dir='ltr'>traducatur,</span> <span class='ocrx_word' id='word_1_149' title='bbox 1560 1212 1655 1254; x_wconf 89' lang='lat' dir='ltr'>Gal-</span> 
     </span>
    </p>

    <p class='ocr_par' dir='ltr' id='par_1_7' title="bbox 93 1281 1655 1403">
     <span class='ocr_line' id='line_1_17' title="bbox 93 1281 1654 1336; baseline -0.001 -14"><span class='ocrx_word' id='word_1_150' title='bbox 93 1281 150 1326; x_wconf 80' lang='grc'>32</span> <span class='ocrx_word' id='word_1_151' title='bbox 170 1282 338 1335; x_wconf 86' lang='lat' dir='ltr'>liamque</span> <span class='ocrx_word' id='word_1_152' title='bbox 359 1295 513 1322; x_wconf 88' lang='lat' dir='ltr'>omnem</span> <span class='ocrx_word' id='word_1_153' title='bbox 537 1281 583 1321; x_wconf 90' lang='lat' dir='ltr'>ab</span> <span class='ocrx_word' id='word_1_154' title='bbox 595 1281 791 1322; x_wconf 86' lang='lat' dir='ltr'>Ariouisti</span> <span class='ocrx_word' id='word_1_155' title='bbox 813 1282 956 1322; x_wconf 89' lang='lat' dir='ltr'>iniuria</span> <span class='ocrx_word' id='word_1_156' title='bbox 977 1296 1093 1336; x_wconf 78' lang='lat' dir='ltr'>posse</span> <span class='ocrx_word' id='word_1_157' title='bbox 1115 1283 1341 1323; x_wconf 83' lang='lat' dir='ltr'>defendere.</span> <span class='ocrx_word' id='word_1_158' title='bbox 1378 1281 1461 1322; x_wconf 82' lang='lat' dir='ltr'>Hae</span> <span class='ocrx_word' id='word_1_159' title='bbox 1475 1282 1654 1322; x_wconf 88' lang='lat' dir='ltr'>oratione</span> 
     </span>
     <span class='ocr_line' id='line_1_18' title="bbox 169 1348 1655 1403; baseline 0 -14"><span class='ocrx_word' id='word_1_160' title='bbox 169 1350 216 1389; x_wconf 84' lang='lat' dir='ltr'>ab</span> <span class='ocrx_word' id='word_1_161' title='bbox 236 1348 436 1389; x_wconf 87' lang='lat' dir='ltr'>Diuitiaco</span> <span class='ocrx_word' id='word_1_162' title='bbox 459 1349 590 1389; x_wconf 83' lang='lat' dir='ltr'>habita</span> <span class='ocrx_word' id='word_1_163' title='bbox 613 1363 774 1398; x_wconf 89' lang='lat' dir='ltr'>omnes,</span> <span class='ocrx_word' id='word_1_164' title='bbox 809 1350 872 1402; x_wconf 90' lang='lat' dir='ltr'>qui</span> <span class='ocrx_word' id='word_1_165' title='bbox 894 1351 1082 1399; x_wconf 80' lang='lat' dir='ltr'>aderant,</span> <span class='ocrx_word' id='word_1_166' title='bbox 1115 1364 1257 1403; x_wconf 84' lang='lat' dir='ltr'>magno</span> <span class='ocrx_word' id='word_1_167' title='bbox 1290 1350 1382 1390; x_wconf 80' lang='lat' dir='ltr'>fletu</span> <span class='ocrx_word' id='word_1_168' title='bbox 1413 1350 1600 1390; x_wconf 84' lang='lat' dir='ltr'>auxilium</span> <span class='ocrx_word' id='word_1_169' title='bbox 1633 1363 1655 1389; x_wconf 82' lang='lat' dir='ltr'>a</span> 
     </span>
    </p>

    <p class='ocr_par' dir='ltr' id='par_1_8' title="bbox 120 1414 1654 1607">
     <span class='ocr_line' id='line_1_19' title="bbox 120 1414 1654 1470; baseline 0.001 -14"><span class='ocrx_word' id='word_1_170' title='bbox 120 1417 147 1456; x_wconf 78' lang='lat'>2</span> <span class='ocrx_word' id='word_1_171' title='bbox 169 1414 344 1458; x_wconf 83' lang='lat' dir='ltr'>Caesare</span> <span class='ocrx_word' id='word_1_172' title='bbox 366 1423 500 1470; x_wconf 88' lang='lat' dir='ltr'>petere</span> <span class='ocrx_word' id='word_1_173' title='bbox 523 1424 753 1469; x_wconf 83' lang='lat' dir='ltr'>coeperunt.</span> <span class='ocrx_word' id='word_1_174' title='bbox 787 1416 1079 1457; x_wconf 84' lang='lat' dir='ltr'>Animaduertit</span> <span class='ocrx_word' id='word_1_175' title='bbox 1104 1414 1257 1458; x_wconf 89' lang='lat' dir='ltr'>Caesar</span> <span class='ocrx_word' id='word_1_176' title='bbox 1279 1432 1378 1458; x_wconf 90' lang='lat' dir='ltr'>unos</span> <span class='ocrx_word' id='word_1_177' title='bbox 1401 1432 1451 1458; x_wconf 81' lang='lat' dir='ltr'>ex</span> <span class='ocrx_word' id='word_1_178' title='bbox 1475 1418 1654 1458; x_wconf 89' lang='lat' dir='ltr'>omuibus</span> 
     </span>
     <span class='ocr_line' id='line_1_20' title="bbox 169 1482 1654 1538; baseline 0 -12"><span class='ocrx_word' id='word_1_179' title='bbox 169 1482 376 1538; x_wconf 83' lang='lat' dir='ltr'>Sequanos</span> <span class='ocrx_word' id='word_1_180' title='bbox 407 1484 504 1524; x_wconf 87' lang='lat' dir='ltr'>nihil</span> <span class='ocrx_word' id='word_1_181' title='bbox 533 1498 666 1524; x_wconf 87' lang='lat' dir='ltr'>earum</span> <span class='ocrx_word' id='word_1_182' title='bbox 699 1498 831 1524; x_wconf 88' lang='lat' dir='ltr'>rerum</span> <span class='ocrx_word' id='word_1_183' title='bbox 864 1486 1013 1535; x_wconf 84' lang='lat' dir='ltr'>faeere,</span> <span class='ocrx_word' id='word_1_184' title='bbox 1061 1499 1156 1538; x_wconf 85' lang='lat' dir='ltr'>quas</span> <span class='ocrx_word' id='word_1_185' title='bbox 1189 1486 1308 1526; x_wconf 82' lang='lat' dir='ltr'>ceteri</span> <span class='ocrx_word' id='word_1_186' title='bbox 1338 1487 1541 1536; x_wconf 85' lang='lat' dir='ltr'>facerent,</span> <span class='ocrx_word' id='word_1_187' title='bbox 1585 1486 1654 1526; x_wconf 91' lang='lat' dir='ltr'>sed</span> 
     </span>
     <span class='ocr_line' id='line_1_21' title="bbox 170 1552 1654 1607; baseline 0 -15"><span class='ocrx_word' id='word_1_188' title='bbox 170 1553 305 1593; x_wconf 81' lang='lat' dir='ltr'>tristes</span> <span class='ocrx_word' id='word_1_189' title='bbox 328 1552 456 1606; x_wconf 83' lang='lat' dir='ltr'>capite</span> <span class='ocrx_word' id='word_1_190' title='bbox 480 1552 649 1592; x_wconf 89' lang='lat' dir='ltr'>demisso</span> <span class='ocrx_word' id='word_1_191' title='bbox 673 1559 818 1593; x_wconf 87' lang='lat' dir='ltr'>terram</span> <span class='ocrx_word' id='word_1_192' title='bbox 843 1553 1005 1593; x_wconf 87' lang='lat' dir='ltr'>intueri.</span> <span class='ocrx_word' id='word_1_193' title='bbox 1051 1553 1148 1594; x_wconf 83' lang='lat' dir='ltr'>Eius</span> <span class='ocrx_word' id='word_1_194' title='bbox 1173 1554 1228 1594; x_wconf 89' lang='lat' dir='ltr'>rei</span> <span class='ocrx_word' id='word_1_195' title='bbox 1253 1568 1350 1607; x_wconf 86' lang='lat' dir='ltr'>quae</span> <span class='ocrx_word' id='word_1_196' title='bbox 1380 1568 1500 1595; x_wconf 87' lang='lat' dir='ltr'>eausa</span> <span class='ocrx_word' id='word_1_197' title='bbox 1533 1561 1654 1603; x_wconf 85' lang='lat' dir='ltr'>esset,</span> 
     </span>
    </p>

    <p class='ocr_par' dir='ltr' id='par_1_9' title="bbox 121 1619 1654 1812">
     <span class='ocr_line' id='line_1_22' title="bbox 121 1619 1654 1675; baseline 0 -15"><span class='ocrx_word' id='word_1_198' title='bbox 121 1619 145 1660; x_wconf 90' lang='lat'><strong>3</strong></span> <span class='ocrx_word' id='word_1_199' title='bbox 168 1621 332 1660; x_wconf 87' lang='lat' dir='ltr'>miratus</span> <span class='ocrx_word' id='word_1_200' title='bbox 356 1633 408 1660; x_wconf 75' lang='lat' dir='ltr'>ex</span> <span class='ocrx_word' id='word_1_201' title='bbox 428 1620 523 1673; x_wconf 87' lang='lat' dir='ltr'>ipsis</span> <span class='ocrx_word' id='word_1_202' title='bbox 546 1620 728 1673; x_wconf 88' lang='lat' dir='ltr'>quaesiit.</span> <span class='ocrx_word' id='word_1_203' title='bbox 765 1621 879 1662; x_wconf 75' lang='lat' dir='ltr'>Nihil</span> <span class='ocrx_word' id='word_1_204' title='bbox 896 1620 1068 1674; x_wconf 86' lang='lat' dir='ltr'>Sequani</span> <span class='ocrx_word' id='word_1_205' title='bbox 1091 1622 1347 1675; x_wconf 84' lang='lat' dir='ltr'>respondere,</span> <span class='ocrx_word' id='word_1_206' title='bbox 1372 1621 1441 1661; x_wconf 90' lang='lat' dir='ltr'>sed</span> <span class='ocrx_word' id='word_1_207' title='bbox 1462 1622 1502 1661; x_wconf 89' lang='lat' dir='ltr'>in</span> <span class='ocrx_word' id='word_1_208' title='bbox 1519 1622 1654 1662; x_wconf 84' lang='lat' dir='ltr'>eadem</span> 
     </span>
     <span class='ocr_line' id='line_1_23' title="bbox 170 1687 1654 1745; baseline 0 -16"><span class='ocrx_word' id='word_1_209' title='bbox 170 1689 330 1729; x_wconf 86' lang='lat' dir='ltr'>tristitia</span> <span class='ocrx_word' id='word_1_210' title='bbox 360 1687 471 1728; x_wconf 81' lang='lat' dir='ltr'>taciti</span> <span class='ocrx_word' id='word_1_211' title='bbox 504 1701 751 1741; x_wconf 83' lang='lat' dir='ltr'>permanere.</span> <span class='ocrx_word' id='word_1_212' title='bbox 806 1687 903 1729; x_wconf 91' lang='lat' dir='ltr'>Cum</span> <span class='ocrx_word' id='word_1_213' title='bbox 937 1690 983 1729; x_wconf 80' lang='lat' dir='ltr'>ab</span> <span class='ocrx_word' id='word_1_214' title='bbox 1017 1690 1076 1730; x_wconf 89' lang='lat' dir='ltr'>his</span> <span class='ocrx_word' id='word_1_215' title='bbox 1108 1690 1264 1745; x_wconf 84' lang='lat' dir='ltr'>saepius</span> <span class='ocrx_word' id='word_1_216' title='bbox 1296 1696 1506 1742; x_wconf 81' lang='lat' dir='ltr'>quaereret</span> <span class='ocrx_word' id='word_1_217' title='bbox 1527 1703 1654 1743; x_wconf 83' lang='lat' dir='ltr'>neque</span> 
     </span>
     <span class='ocr_line' id='line_1_24' title="bbox 170 1756 1654 1812; baseline 0.001 -16"><span class='ocrx_word' id='word_1_218' title='bbox 170 1756 285 1796; x_wconf 88' lang='lat' dir='ltr'>ullam</span> <span class='ocrx_word' id='word_1_219' title='bbox 309 1757 467 1795; x_wconf 89' lang='lat' dir='ltr'>omnino</span> <span class='ocrx_word' id='word_1_220' title='bbox 491 1769 628 1796; x_wconf 82' lang='lat' dir='ltr'>uocem</span> <span class='ocrx_word' id='word_1_221' title='bbox 648 1758 872 1810; x_wconf 77' lang='lat' dir='ltr'>exprimere</span> <span class='ocrx_word' id='word_1_222' title='bbox 906 1765 1062 1812; x_wconf 82' lang='lat' dir='ltr'>posset,</span> <span class='ocrx_word' id='word_1_223' title='bbox 1097 1758 1198 1798; x_wconf 89' lang='lat' dir='ltr'>idem</span> <span class='ocrx_word' id='word_1_224' title='bbox 1220 1756 1442 1798; x_wconf 86' lang='lat' dir='ltr'>Diuitiaeus</span> <span class='ocrx_word' id='word_1_225' title='bbox 1465 1756 1654 1798; x_wconf 84' lang='lat' dir='ltr'>Haeduus</span> 
     </span>
    </p>

    <p class='ocr_par' dir='ltr' id='par_1_10' title="bbox 124 1822 1657 1879">
     <span class='ocr_line' id='line_1_25' title="bbox 124 1822 1657 1879; baseline 0 -14"><span class='ocrx_word' id='word_1_226' title='bbox 124 1824 149 1865; x_wconf 86' lang='lat'><strong>4</strong></span> <span class='ocrx_word' id='word_1_227' title='bbox 171 1823 398 1877; x_wconf 77' lang='lat' dir='ltr'>responditz</span> <span class='ocrx_word' id='word_1_228' title='bbox 433 1822 518 1863; x_wconf 83' lang='lat' dir='ltr'>Hoc</span> <span class='ocrx_word' id='word_1_229' title='bbox 540 1837 628 1864; x_wconf 85' lang='lat' dir='ltr'>esse</span> <span class='ocrx_word' id='word_1_230' title='bbox 652 1825 897 1865; x_wconf 85' lang='lat' dir='ltr'>miseriorem</span> <span class='ocrx_word' id='word_1_231' title='bbox 929 1832 968 1865; x_wconf 86' lang='lat' dir='ltr'>et</span> <span class='ocrx_word' id='word_1_232' title='bbox 989 1826 1210 1879; x_wconf 84' lang='lat' dir='ltr'>grauiorem</span> <span class='ocrx_word' id='word_1_233' title='bbox 1234 1827 1430 1866; x_wconf 90' lang='lat' dir='ltr'>fortunam</span> <span class='ocrx_word' id='word_1_234' title='bbox 1452 1822 1657 1878; x_wconf 84' lang='lat' dir='ltr'>Sequano-</span> 
     </span>
    </p>
   </div>
   <div class='ocr_carea' id='block_1_3' title="bbox 170 1891 1705 1947">
    <p class='ocr_par' dir='ltr' id='par_1_11' title="bbox 170 1891 1705 1947">
     <span class='ocr_line' id='line_1_26' title="bbox 170 1891 1705 1947; baseline 0 -16"><span class='ocrx_word' id='word_1_235' title='bbox 170 1905 256 1931; x_wconf 90' lang='lat' dir='ltr'>rum</span> <span class='ocrx_word' id='word_1_236' title='bbox 281 1904 394 1943; x_wconf 87' lang='lat' dir='ltr'>quam</span> <span class='ocrx_word' id='word_1_237' title='bbox 417 1891 674 1944; x_wconf 86' lang='lat' dir='ltr'>reliquorum,</span> <span class='ocrx_word' id='word_1_238' title='bbox 699 1894 801 1946; x_wconf 90' lang='lat' dir='ltr'>quod</span> <span class='ocrx_word' id='word_1_239' title='bbox 824 1893 898 1933; x_wconf 88' lang='lat' dir='ltr'>soli</span> <span class='ocrx_word' id='word_1_240' title='bbox 920 1908 968 1933; x_wconf 90' lang='lat' dir='ltr'>ne</span> <span class='ocrx_word' id='word_1_241' title='bbox 990 1895 1030 1934; x_wconf 91' lang='lat' dir='ltr'>in</span> <span class='ocrx_word' id='word_1_242' title='bbox 1055 1895 1209 1934; x_wconf 84' lang='lat' dir='ltr'>oeoulto</span> <span class='ocrx_word' id='word_1_243' title='bbox 1228 1894 1383 1947; x_wconf 84' lang='lat' dir='ltr'>quidem</span> <span class='ocrx_word' id='word_1_244' title='bbox 1396 1893 1507 1946; x_wconf 89' lang='lat' dir='ltr'>queri</span> <span class='ocrx_word' id='word_1_245' title='bbox 1530 1906 1658 1945; x_wconf 88' lang='lat' dir='ltr'>neque</span> <span class='ocrx_word' id='word_1_246' title='bbox 1688 1903 1705 1930; x_wconf 75' lang='lat'>¹.</span> 
     </span>
    </p>
   </div>
   <div class='ocr_carea' id='block_1_4' title="bbox 124 1958 1657 2084">
    <p class='ocr_par' dir='ltr' id='par_1_12' title="bbox 124 1958 1657 2084">
     <span class='ocr_line' id='line_1_27' title="bbox 172 1958 1655 2015; baseline 0.001 -16"><span class='ocrx_word' id='word_1_247' title='bbox 172 1958 364 2000; x_wconf 84' lang='lat' dir='ltr'>auxilium</span> <span class='ocrx_word' id='word_1_248' title='bbox 392 1959 604 2013; x_wconf 84' lang='lat' dir='ltr'>implorare</span> <span class='ocrx_word' id='word_1_249' title='bbox 636 1961 827 2001; x_wconf 86' lang='lat' dir='ltr'>auderent</span> <span class='ocrx_word' id='word_1_250' title='bbox 856 1961 1110 2015; x_wconf 80' lang='lat' dir='ltr'>absentisque</span> <span class='ocrx_word' id='word_1_251' title='bbox 1141 1962 1337 2001; x_wconf 91' lang='lat' dir='ltr'>Ariouisti</span> <span class='ocrx_word' id='word_1_252' title='bbox 1368 1961 1655 2011; x_wconf 79' lang='lat' dir='ltr'>crudelitatem,</span> 
     </span>
     <span class='ocr_line' id='line_1_28' title="bbox 124 2026 1657 2084; baseline 0.001 -17"><span class='ocrx_word' id='word_1_253' title='bbox 124 2027 147 2067; x_wconf 82' lang='lat'>5</span> <span class='ocrx_word' id='word_1_254' title='bbox 172 2026 278 2067; x_wconf 90' lang='lat' dir='ltr'>uelut</span> <span class='ocrx_word' id='word_1_255' title='bbox 299 2026 332 2067; x_wconf 92' lang='lat' dir='ltr'>si</span> <span class='ocrx_word' id='word_1_256' title='bbox 356 2040 487 2066; x_wconf 87' lang='lat' dir='ltr'>eoram</span> <span class='ocrx_word' id='word_1_257' title='bbox 511 2028 689 2077; x_wconf 84' lang='lat' dir='ltr'>adesset,</span> <span class='ocrx_word' id='word_1_258' title='bbox 723 2029 956 2080; x_wconf 86' lang='lat' dir='ltr'>horrerent,</span> <span class='ocrx_word' id='word_1_259' title='bbox 988 2037 1197 2084; x_wconf 82' lang='lat' dir='ltr'>propterea</span> <span class='ocrx_word' id='word_1_260' title='bbox 1219 2031 1319 2083; x_wconf 92' lang='lat' dir='ltr'>quod</span> <span class='ocrx_word' id='word_1_261' title='bbox 1342 2029 1504 2082; x_wconf 86' lang='lat' dir='ltr'>reliquis</span> <span class='ocrx_word' id='word_1_262' title='bbox 1526 2036 1657 2069; x_wconf 88' lang='lat' dir='ltr'>tamen</span> 
     </span>
    </p>
   </div>
   <div class='ocr_carea' id='block_1_5' title="bbox 171 2165 1659 2883">
    <p class='ocr_par' dir='ltr' id='par_1_13' title="bbox 171 2165 1659 2776">
     <span class='ocr_line' id='line_1_29' title="bbox 315 2165 1659 2210; baseline -0.001 -11"><span class='ocrx_word' id='word_1_263' title='bbox 315 2165 336 2199; x_wconf 79' lang='lat'>2</span> <span class='ocrx_word' id='word_1_264' title='bbox 362 2166 489 2207; x_wconf 88' lang='lat' dir='ltr'>proelio</span> <span class='ocrx_word' id='word_1_265' title='bbox 510 2176 577 2197; x_wconf 86' lang='lat' dir='ltr'>om.</span> <span class='ocrx_word' id='word_1_266' title='bbox 601 2167 631 2197; x_wconf 83' lang='lat' dir='ltr'>b.</span> <span class='ocrx_word' id='word_1_267' title='bbox 773 2169 929 2201; x_wconf 85' lang='lat' dir='ltr'>uinceret</span> <span class='ocrx_word' id='word_1_268' title='bbox 944 2170 990 2201; x_wconf 89' lang='lat' dir='ltr'>D.</span> <span class='ocrx_word' id='word_1_269' title='bbox 1122 2170 1140 2202; x_wconf 85' lang='lat'>3</span> <span class='ocrx_word' id='word_1_270' title='bbox 1161 2171 1200 2201; x_wconf 87' lang='lat' dir='ltr'>ad</span> <span class='ocrx_word' id='word_1_271' title='bbox 1221 2168 1524 2210; x_wconf 72' lang='lat' dir='ltr'>Magetobriams5</span> <span class='ocrx_word' id='word_1_272' title='bbox 1543 2167 1659 2199; x_wconf 83' lang='lat' dir='ltr'>adma-</span> 
     </span>
     <span class='ocr_line' id='line_1_30' title="bbox 173 2215 1659 2262; baseline 0.003 -17"><span class='ocrx_word' id='word_1_273' title='bbox 173 2215 349 2256; x_wconf 83' lang='lat' dir='ltr'>getobrige</span> <span class='ocrx_word' id='word_1_274' title='bbox 368 2217 421 2255; x_wconf 80' lang='lat' dir='ltr'>A;</span> <span class='ocrx_word' id='word_1_275' title='bbox 441 2217 481 2247; x_wconf 86' lang='lat' dir='ltr'>ad</span> <span class='ocrx_word' id='word_1_276' title='bbox 503 2215 712 2256; x_wconf 83' lang='lat' dir='ltr'>Magetobrie</span> <span class='ocrx_word' id='word_1_277' title='bbox 732 2219 763 2248; x_wconf 88' lang='lat' dir='ltr'><em>B</em></span> <span class='ocrx_word' id='word_1_278' title='bbox 781 2223 889 2261; x_wconf 80' lang='lat' dir='ltr'>alque</span> <span class='ocrx_word' id='word_1_279' title='bbox 908 2222 960 2251; x_wconf 81' lang='lat' dir='ltr'>ita</span> <span class='ocrx_word' id='word_1_280' title='bbox 979 2220 1131 2262; x_wconf 78' lang='lat' dir='ltr'>reliqui,</span> <span class='ocrx_word' id='word_1_281' title='bbox 1163 2223 1236 2252; x_wconf 77' lang='lat' dir='ltr'>nisi</span> <span class='ocrx_word' id='word_1_282' title='bbox 1253 2220 1349 2261; x_wconf 76' lang='lat' dir='ltr'>qnod</span> <span class='ocrx_word' id='word_1_283' title='bbox 1363 2221 1501 2261; x_wconf 74' lang='lat' dir='ltr'>parlim</span> <span class='ocrx_word' id='word_1_284' title='bbox 1520 2222 1659 2250; x_wconf 82' lang='lat' dir='ltr'>utram-</span> 
     </span>
     <span class='ocr_line' id='line_1_31' title="bbox 174 2270 1658 2314; baseline 0.003 -17"><span class='ocrx_word' id='word_1_285' title='bbox 174 2276 241 2307; x_wconf 83' lang='lat' dir='ltr'>que</span> <span class='ocrx_word' id='word_1_286' title='bbox 259 2276 379 2299; x_wconf 81' lang='lat' dir='ltr'>uocem</span> <span class='ocrx_word' id='word_1_287' title='bbox 399 2270 635 2309; x_wconf 73' lang='lat' dir='ltr'>coniungunt,</span> <span class='ocrx_word' id='word_1_288' title='bbox 657 2273 700 2300; x_wconf 72' lang='lat' dir='ltr'>ut</span> <span class='ocrx_word' id='word_1_289' title='bbox 714 2281 750 2310; x_wconf 80' lang='lat' dir='ltr'>e,</span> <span class='ocrx_word' id='word_1_290' title='bbox 771 2274 825 2310; x_wconf 73' lang='lat' dir='ltr'>et,</span> <span class='ocrx_word' id='word_1_291' title='bbox 846 2275 887 2303; x_wconf 76' lang='lat' dir='ltr'>vt</span> <span class='ocrx_word' id='word_1_292' title='bbox 905 2272 1016 2313; x_wconf 76' lang='lat' dir='ltr'>idem,</span> <span class='ocrx_word' id='word_1_293' title='bbox 1038 2274 1165 2314; x_wconf 79' lang='lat' dir='ltr'>z&#39;nfine</span> <span class='ocrx_word' id='word_1_294' title='bbox 1184 2283 1223 2304; x_wconf 87' lang='lat' dir='ltr'>ae</span> <span class='ocrx_word' id='word_1_295' title='bbox 1242 2274 1387 2304; x_wconf 78' lang='lat' dir='ltr'>habent.</span> <span class='ocrx_word' id='word_1_296' title='bbox 1543 2272 1561 2303; x_wconf 91' lang='lat'><strong>5</strong></span> <span class='ocrx_word' id='word_1_297' title='bbox 1581 2281 1658 2302; x_wconf 86' lang='lat' dir='ltr'>cru-</span> 
     </span>
     <span class='ocr_line' id='line_1_32' title="bbox 173 2318 1657 2365; baseline 0.003 -16"><span class='ocrx_word' id='word_1_298' title='bbox 173 2318 350 2359; x_wconf 83' lang='lat' dir='ltr'>ciatusque</span> <span class='ocrx_word' id='word_1_299' title='bbox 369 2329 415 2350; x_wconf 82' lang='lat' dir='ltr'>an</span> <span class='ocrx_word' id='word_1_300' title='bbox 434 2321 541 2350; x_wconf 75' lang='lat' dir='ltr'>etiam</span> <span class='ocrx_word' id='word_1_301' title='bbox 561 2319 593 2350; x_wconf 90' lang='lat' dir='ltr'><em>D</em></span> <span class='ocrx_word' id='word_1_302' title='bbox 614 2321 754 2362; x_wconf 73' lang='lat' dir='ltr'>habeat,</span> <span class='ocrx_word' id='word_1_303' title='bbox 777 2321 924 2354; x_wconf 77' lang='lat' dir='ltr'>dubitat</span> <span class='ocrx_word' id='word_1_304' title='bbox 941 2323 1029 2355; x_wconf 81' lang='lat' dir='ltr'>Oud.</span> <span class='ocrx_word' id='word_1_305' title='bbox 1126 2329 1185 2356; x_wconf 84' lang='lat' dir='ltr'>aut</span> <span class='ocrx_word' id='word_1_306' title='bbox 1203 2325 1260 2365; x_wconf 86' lang='lat' dir='ltr'>ad]</span> <span class='ocrx_word' id='word_1_307' title='bbox 1281 2324 1320 2355; x_wconf 86' lang='lat' dir='ltr'>ad</span> <span class='ocrx_word' id='word_1_308' title='bbox 1342 2334 1409 2356; x_wconf 87' lang='lat' dir='ltr'>om.</span> <span class='ocrx_word' id='word_1_309' title='bbox 1426 2324 1457 2355; x_wconf 82' lang='lat' dir='ltr'>b.</span> <span class='ocrx_word' id='word_1_310' title='bbox 1551 2322 1657 2355; x_wconf 83' lang='lat' dir='ltr'>7sus-</span> 
     </span>
     <span class='ocr_line' id='line_1_33' title="bbox 173 2370 1657 2417; baseline 0.003 -16"><span class='ocrx_word' id='word_1_311' title='bbox 173 2370 282 2401; x_wconf 86' lang='lat' dir='ltr'>tinere</span> <span class='ocrx_word' id='word_1_312' title='bbox 300 2370 493 2413; x_wconf 84' lang='lat' dir='ltr'>ADEes,</span> <span class='ocrx_word' id='word_1_313' title='bbox 524 2373 606 2403; x_wconf 82' lang='lat' dir='ltr'>item</span> <span class='ocrx_word' id='word_1_314' title='bbox 633 2376 716 2403; x_wconf 76' lang='lat' dir='ltr'>ante</span> <span class='ocrx_word' id='word_1_315' title='bbox 744 2384 835 2406; x_wconf 73' lang='lat' dir='ltr'>corr.</span> <span class='ocrx_word' id='word_1_316' title='bbox 849 2377 881 2406; x_wconf 89' lang='lat' dir='ltr'><em>B</em></span> <span class='ocrx_word' id='word_1_317' title='bbox 897 2378 931 2407; x_wconf 84' lang='lat' dir='ltr'>et</span> <span class='ocrx_word' id='word_1_318' title='bbox 944 2386 1013 2417; x_wconf 79' lang='lat' dir='ltr'>pro</span> <span class='ocrx_word' id='word_1_319' title='bbox 1034 2386 1111 2407; x_wconf 70' lang='lat' dir='ltr'>aar.</span> <span class='ocrx_word' id='word_1_320' title='bbox 1133 2376 1212 2408; x_wconf 77' lang='lat' dir='ltr'>lect.</span> <span class='ocrx_word' id='word_1_321' title='bbox 1227 2379 1243 2407; x_wconf 66' lang='grc' dir='ltr'>ζ)</span> <span class='ocrx_word' id='word_1_322' title='bbox 1270 2376 1298 2408; x_wconf 82' lang='lat' dir='ltr'><em>C</em></span> <span class='ocrx_word' id='word_1_323' title='bbox 1316 2379 1349 2407; x_wconf 77' lang='lat' dir='ltr'>et</span> <span class='ocrx_word' id='word_1_324' title='bbox 1368 2386 1412 2407; x_wconf 88' lang='lat' dir='ltr'>m.</span> <span class='ocrx_word' id='word_1_325' title='bbox 1433 2385 1501 2406; x_wconf 84' lang='lat' dir='ltr'>see.</span> <span class='ocrx_word' id='word_1_326' title='bbox 1523 2375 1563 2414; x_wconf 85' lang='lat' dir='ltr'>b,·</span> <span class='ocrx_word' id='word_1_327' title='bbox 1583 2385 1657 2406; x_wconf 88' lang='lat' dir='ltr'>sus-</span> 
     </span>
     <span class='ocr_line' id='line_1_34' title="bbox 172 2422 1657 2470; baseline 0.002 -16"><span class='ocrx_word' id='word_1_328' title='bbox 172 2422 275 2454; x_wconf 67' lang='lat' dir='ltr'>tineri</span> <span class='ocrx_word' id='word_1_329' title='bbox 293 2431 328 2453; x_wconf 84' lang='lat' dir='ltr'>u.</span> <span class='ocrx_word' id='word_1_330' title='bbox 462 2424 491 2454; x_wconf 86' lang='lat' dir='ltr'>si</span> <span class='ocrx_word' id='word_1_331' title='bbox 519 2433 565 2454; x_wconf 86' lang='lat' dir='ltr'>m.</span> <span class='ocrx_word' id='word_1_332' title='bbox 585 2434 654 2455; x_wconf 81' lang='lat' dir='ltr'>sec.</span> <span class='ocrx_word' id='word_1_333' title='bbox 673 2425 759 2465; x_wconf 76' lang='lat' dir='ltr'>Art,</span> <span class='ocrx_word' id='word_1_334' title='bbox 788 2427 905 2469; x_wconf 82' lang='lat' dir='ltr'>om.f.</span> <span class='ocrx_word' id='word_1_335' title='bbox 1016 2428 1036 2460; x_wconf 88' lang='grc'><strong>8</strong></span> <span class='ocrx_word' id='word_1_336' title='bbox 1055 2428 1159 2470; x_wconf 87' lang='lat' dir='ltr'>idem]</span> <span class='ocrx_word' id='word_1_337' title='bbox 1180 2428 1212 2459; x_wconf 88' lang='lat' dir='ltr'>id</span> <span class='ocrx_word' id='word_1_338' title='bbox 1233 2429 1263 2459; x_wconf 87' lang='lat' dir='ltr'>b.</span> <span class='ocrx_word' id='word_1_339' title='bbox 1381 2427 1399 2459; x_wconf 84' lang='lat'><strong>9</strong></span> <span class='ocrx_word' id='word_1_340' title='bbox 1421 2426 1615 2458; x_wconf 79' lang='lat' dir='ltr'>faciundum</span> <span class='ocrx_word' id='word_1_341' title='bbox 1636 2437 1657 2458; x_wconf 83' lang='lat' dir='ltr'>u</span> 
     </span>
     <span class='ocr_line' id='line_1_35' title="bbox 173 2475 1509 2519; baseline 0.004 -16"><span class='ocrx_word' id='word_1_342' title='bbox 173 2482 252 2504; x_wconf 83' lang='lat' dir='ltr'>eum</span> <span class='ocrx_word' id='word_1_343' title='bbox 279 2483 349 2504; x_wconf 80' lang='lat' dir='ltr'>vno</span> <span class='ocrx_word' id='word_1_344' title='bbox 371 2475 542 2514; x_wconf 76' lang='lat' dir='ltr'>pessimo.</span> <span class='ocrx_word' id='word_1_345' title='bbox 672 2475 711 2507; x_wconf 88' lang='grc'>10</span> <span class='ocrx_word' id='word_1_346' title='bbox 732 2485 953 2518; x_wconf 85' lang='lat' dir='ltr'>quaeeunque</span> <span class='ocrx_word' id='word_1_347' title='bbox 983 2478 1042 2519; x_wconf 91' lang='lat' dir='ltr'>(B)</span> <span class='ocrx_word' id='word_1_348' title='bbox 1060 2488 1095 2509; x_wconf 83' lang='lat' dir='ltr'>u.</span> <span class='ocrx_word' id='word_1_349' title='bbox 1215 2478 1251 2511; x_wconf 90' lang='lat'>11</span> <span class='ocrx_word' id='word_1_350' title='bbox 1273 2477 1458 2509; x_wconf 86' lang='lat' dir='ltr'>anunciata</span> <span class='ocrx_word' id='word_1_351' title='bbox 1479 2478 1509 2508; x_wconf 88' lang='lat' dir='ltr'>b.</span> 
     </span>
     <span class='ocr_line' id='line_1_36' title="bbox 173 2524 1657 2570; baseline 0.003 -15"><span class='ocrx_word' id='word_1_352' title='bbox 173 2528 253 2555; x_wconf 90' lang='lat' dir='ltr'>sunt</span> <span class='ocrx_word' id='word_1_353' title='bbox 269 2527 352 2555; x_wconf 75' lang='lat' dir='ltr'>ante</span> <span class='ocrx_word' id='word_1_354' title='bbox 371 2534 462 2556; x_wconf 74' lang='lat' dir='ltr'>corr.</span> <span class='ocrx_word' id='word_1_355' title='bbox 483 2526 534 2564; x_wconf 89' lang='grc' dir='ltr'>Β,</span> <span class='ocrx_word' id='word_1_356' title='bbox 555 2524 683 2556; x_wconf 85' lang='lat' dir='ltr'>fuerint</span> <span class='ocrx_word' id='word_1_357' title='bbox 701 2526 732 2557; x_wconf 83' lang='lat' dir='ltr'>b.</span> <span class='ocrx_word' id='word_1_358' title='bbox 925 2528 964 2561; x_wconf 81' lang='lat'>12</span> <span class='ocrx_word' id='word_1_359' title='bbox 982 2529 1067 2570; x_wconf 86' lang='lat' dir='ltr'>apud</span> <span class='ocrx_word' id='word_1_360' title='bbox 1093 2529 1202 2570; x_wconf 88' lang='lat' dir='ltr'>ipsum</span> <span class='ocrx_word' id='word_1_361' title='bbox 1223 2529 1253 2559; x_wconf 89' lang='lat' dir='ltr'>b.</span> <span class='ocrx_word' id='word_1_362' title='bbox 1434 2528 1473 2560; x_wconf 79' lang='lat'>17</span> <span class='ocrx_word' id='word_1_363' title='bbox 1493 2528 1534 2559; x_wconf 88' lang='lat' dir='ltr'>ab</span> <span class='ocrx_word' id='word_1_364' title='bbox 1553 2527 1657 2560; x_wconf 86' lang='lat' dir='ltr'>Deni-</span> 
     </span>
     <span class='ocr_line' id='line_1_37' title="bbox 171 2577 1656 2619; baseline 0.003 -12"><span class='ocrx_word' id='word_1_365' title='bbox 171 2577 261 2608; x_wconf 86' lang='lat' dir='ltr'>tiaco</span> <span class='ocrx_word' id='word_1_366' title='bbox 281 2580 366 2607; x_wconf 78' lang='lat' dir='ltr'>ante</span> <span class='ocrx_word' id='word_1_367' title='bbox 385 2586 476 2608; x_wconf 84' lang='lat' dir='ltr'>corr.</span> <span class='ocrx_word' id='word_1_368' title='bbox 498 2578 546 2617; x_wconf 88' lang='lat' dir='ltr'>B,</span> <span class='ocrx_word' id='word_1_369' title='bbox 568 2579 686 2619; x_wconf 85' lang='lat' dir='ltr'>om.s.</span> <span class='ocrx_word' id='word_1_370' title='bbox 874 2579 1041 2611; x_wconf 85' lang='lat' dir='ltr'>adherant</span> <span class='ocrx_word' id='word_1_371' title='bbox 1059 2583 1142 2611; x_wconf 81' lang='lat' dir='ltr'>ante</span> <span class='ocrx_word' id='word_1_372' title='bbox 1162 2589 1254 2611; x_wconf 78' lang='lat' dir='ltr'>corr.</span> <span class='ocrx_word' id='word_1_373' title='bbox 1275 2580 1316 2610; x_wconf 90' lang='lat' dir='ltr'>B.</span> <span class='ocrx_word' id='word_1_374' title='bbox 1511 2581 1550 2613; x_wconf 86' lang='grc'>18</span> <span class='ocrx_word' id='word_1_375' title='bbox 1570 2592 1656 2613; x_wconf 82' lang='lat' dir='ltr'>unus</span> 
     </span>
     <span class='ocr_line' id='line_1_38' title="bbox 171 2629 1657 2672; baseline 0.003 -11"><span class='ocrx_word' id='word_1_376' title='bbox 171 2629 245 2661; x_wconf 89' lang='lat' dir='ltr'>AB</span> <span class='ocrx_word' id='word_1_377' title='bbox 260 2629 288 2661; x_wconf 87' lang='lat' dir='ltr'><em>C</em></span> <span class='ocrx_word' id='word_1_378' title='bbox 300 2629 393 2671; x_wconf 85' lang='lat' dir='ltr'>Ees</span> <span class='ocrx_word' id='word_1_379' title='bbox 404 2629 606 2670; x_wconf 76' lang='lat' dir='ltr'>reliquique</span> <span class='ocrx_word' id='word_1_380' title='bbox 615 2630 700 2670; x_wconf 80' lang='lat' dir='ltr'>sere</span> <span class='ocrx_word' id='word_1_381' title='bbox 719 2640 851 2662; x_wconf 79' lang='lat' dir='ltr'>omnes.</span> <span class='ocrx_word' id='word_1_382' title='bbox 1007 2633 1050 2665; x_wconf 82' lang='lat'>20</span> <span class='ocrx_word' id='word_1_383' title='bbox 1070 2632 1168 2663; x_wconf 86' lang='lat' dir='ltr'>trites</span> <span class='ocrx_word' id='word_1_384' title='bbox 1188 2641 1233 2662; x_wconf 86' lang='lat' dir='ltr'>m.</span> <span class='ocrx_word' id='word_1_385' title='bbox 1249 2642 1310 2672; x_wconf 73' lang='lat' dir='ltr'>pr.</span> <span class='ocrx_word' id='word_1_386' title='bbox 1330 2633 1374 2663; x_wconf 91' lang='lat' dir='ltr'>B.</span> <span class='ocrx_word' id='word_1_387' title='bbox 1551 2644 1657 2665; x_wconf 82' lang='lat' dir='ltr'>eausa</span> 
     </span>
     <span class='ocr_line' id='line_1_39' title="bbox 174 2680 1656 2726; baseline 0.005 -16"><span class='ocrx_word' id='word_1_388' title='bbox 174 2689 260 2721; x_wconf 88' lang='lat' dir='ltr'>quae</span> <span class='ocrx_word' id='word_1_389' title='bbox 280 2688 400 2710; x_wconf 80' lang='lat' dir='ltr'>errore</span> <span class='ocrx_word' id='word_1_390' title='bbox 419 2690 452 2711; x_wconf 76' lang='grc' dir='ltr'>υ.</span> <span class='ocrx_word' id='word_1_391' title='bbox 609 2680 653 2713; x_wconf 76' lang='lat'>22</span> <span class='ocrx_word' id='word_1_392' title='bbox 679 2690 879 2722; x_wconf 87' lang='lat' dir='ltr'>permanere</span> <span class='ocrx_word' id='word_1_393' title='bbox 907 2683 1013 2712; x_wconf 74' lang='lat' dir='ltr'>etiam</span> <span class='ocrx_word' id='word_1_394' title='bbox 1031 2681 1062 2713; x_wconf 92' lang='lat' dir='ltr'><em>B</em></span> <span class='ocrx_word' id='word_1_395' title='bbox 1080 2681 1213 2713; x_wconf 73' lang='lat' dir='ltr'>diserto</span> <span class='ocrx_word' id='word_1_396' title='bbox 1240 2682 1404 2725; x_wconf 70' lang='lat' dir='ltr'>Begserlz‘z&#39;</span> <span class='ocrx_word' id='word_1_397' title='bbox 1430 2688 1656 2726; x_wconf 77' lang='lat' dir='ltr'>testimonio,-</span> 
     </span>
     <span class='ocr_line' id='line_1_40' title="bbox 171 2732 1534 2776; baseline 0.004 -13"><span class='ocrx_word' id='word_1_398' title='bbox 171 2741 392 2774; x_wconf 86' lang='lat' dir='ltr'>permansere</span> <span class='ocrx_word' id='word_1_399' title='bbox 417 2732 489 2764; x_wconf 82' lang='lat' dir='ltr'>Ac</span> <span class='ocrx_word' id='word_1_400' title='bbox 505 2732 578 2773; x_wconf 71' lang='lat' dir='ltr'>(hie</span> <span class='ocrx_word' id='word_1_401' title='bbox 598 2732 708 2772; x_wconf 80' lang='lat' dir='ltr'>corr.)</span> <span class='ocrx_word' id='word_1_402' title='bbox 720 2733 778 2774; x_wconf 83' lang='lat' dir='ltr'>bf.</span> <span class='ocrx_word' id='word_1_403' title='bbox 874 2733 914 2764; x_wconf 87' lang='lat' dir='ltr'>ab</span> <span class='ocrx_word' id='word_1_404' title='bbox 942 2732 993 2764; x_wconf 88' lang='lat' dir='ltr'>his</span> <span class='ocrx_word' id='word_1_405' title='bbox 1011 2734 1121 2776; x_wconf 84' lang='lat' dir='ltr'>ABs,</span> <span class='ocrx_word' id='word_1_406' title='bbox 1149 2734 1189 2765; x_wconf 90' lang='lat' dir='ltr'>ab</span> <span class='ocrx_word' id='word_1_407' title='bbox 1210 2734 1275 2766; x_wconf 87' lang='lat' dir='ltr'>hiis</span> <span class='ocrx_word' id='word_1_408' title='bbox 1292 2736 1344 2776; x_wconf 87' lang='lat' dir='ltr'>E,·</span> <span class='ocrx_word' id='word_1_409' title='bbox 1372 2738 1412 2768; x_wconf 88' lang='lat' dir='ltr'>ab</span> <span class='ocrx_word' id='word_1_410' title='bbox 1432 2738 1474 2769; x_wconf 88' lang='lat' dir='ltr'>iis</span> <span class='ocrx_word' id='word_1_411' title='bbox 1499 2748 1534 2769; x_wconf 83' lang='lat' dir='ltr'>u.</span> 
     </span>
    </p>

    <p class='ocr_par' dir='ltr' id='par_1_14' title="bbox 171 2783 1655 2883">
     <span class='ocr_line' id='line_1_41' title="bbox 171 2783 1655 2833; baseline 0.005 -18"><span class='ocrx_word' id='word_1_412' title='bbox 171 2785 216 2816; x_wconf 79' lang='lat'>24</span> <span class='ocrx_word' id='word_1_413' title='bbox 233 2783 442 2815; x_wconf 87' lang='lat' dir='ltr'>miseriorem</span> <span class='ocrx_word' id='word_1_414' title='bbox 461 2783 724 2825; x_wconf 85' lang='lat' dir='ltr'>grauioremque</span> <span class='ocrx_word' id='word_1_415' title='bbox 744 2795 821 2815; x_wconf 80' lang='lat' dir='ltr'>cum</span> <span class='ocrx_word' id='word_1_416' title='bbox 836 2787 966 2826; x_wconf 74' lang='lat' dir='ltr'>paucis</span> <span class='ocrx_word' id='word_1_417' title='bbox 985 2785 1072 2817; x_wconf 75' lang='lat' dir='ltr'>dett.</span> <span class='ocrx_word' id='word_1_418' title='bbox 1093 2797 1127 2817; x_wconf 81' lang='lat' dir='ltr'>u.</span> <span class='ocrx_word' id='word_1_419' title='bbox 1286 2789 1328 2823; x_wconf 79' lang='lat'>26</span> <span class='ocrx_word' id='word_1_420' title='bbox 1347 2790 1543 2833; x_wconf 87' lang='lat' dir='ltr'>implorare]</span> <span class='ocrx_word' id='word_1_421' title='bbox 1565 2790 1655 2823; x_wconf 85' lang='lat' dir='ltr'>serre</span> 
     </span>
     <span class='ocr_line' id='line_1_42' title="bbox 171 2835 1653 2883; baseline 0.006 -17"><span class='ocrx_word' id='word_1_422' title='bbox 171 2845 284 2877; x_wconf 80' lang='lat' dir='ltr'>m.pr.</span> <span class='ocrx_word' id='word_1_423' title='bbox 300 2835 336 2868; x_wconf 88' lang='lat' dir='ltr'>C.</span> <span class='ocrx_word' id='word_1_424' title='bbox 417 2836 462 2869; x_wconf 81' lang='lat'>27</span> <span class='ocrx_word' id='word_1_425' title='bbox 472 2835 579 2868; x_wconf 88' lang='lat' dir='ltr'>ueluti</span> <span class='ocrx_word' id='word_1_426' title='bbox 591 2835 637 2868; x_wconf 92' lang='lat' dir='ltr'>D.</span> <span class='ocrx_word' id='word_1_427' title='bbox 718 2835 845 2878; x_wconf 86' lang='lat' dir='ltr'>tamen]</span> <span class='ocrx_word' id='word_1_428' title='bbox 859 2841 988 2869; x_wconf 86' lang='lat' dir='ltr'>tantum</span> <span class='ocrx_word' id='word_1_429' title='bbox 1001 2838 1032 2868; x_wconf 78' lang='lat' dir='ltr'><em>A</em></span> <span class='ocrx_word' id='word_1_430' title='bbox 1046 2837 1062 2869; x_wconf 88' lang='lat' dir='ltr'><strong><em>b</em></strong></span> <span class='ocrx_word' id='word_1_431' title='bbox 1078 2838 1134 2880; x_wconf 74' lang='lat' dir='ltr'>cs,</span> <span class='ocrx_word' id='word_1_432' title='bbox 1149 2842 1215 2871; x_wconf 80' lang='lat' dir='ltr'>tam</span> <span class='ocrx_word' id='word_1_433' title='bbox 1228 2851 1388 2882; x_wconf 67' lang='lat' dir='ltr'>sapt-asc.</span> <span class='ocrx_word' id='word_1_434' title='bbox 1405 2846 1439 2873; x_wconf 86' lang='lat' dir='ltr'>tu</span> <span class='ocrx_word' id='word_1_435' title='bbox 1456 2842 1492 2883; x_wconf 85' lang='lat' dir='ltr'>B,</span> <span class='ocrx_word' id='word_1_436' title='bbox 1508 2847 1600 2875; x_wconf 85' lang='lat' dir='ltr'>tanta</span> <span class='ocrx_word' id='word_1_437' title='bbox 1617 2844 1653 2875; x_wconf 83' lang='lat' dir='ltr'>C.</span> 
     </span>
    </p>
   </div>
   <div class='ocr_carea' id='block_1_6' title="bbox 1687 882 1726 914">
    <p class='ocr_par' dir='ltr' id='par_1_15' title="bbox 1687 882 1726 914">
     <span class='ocr_line' id='line_1_43' title="bbox 1687 882 1726 914; baseline 0 0"><span class='ocrx_word' id='word_1_438' title='bbox 1687 882 1726 914; x_wconf 86' lang='lat'>10</span> 
     </span>
    </p>
   </div>
   <div class='ocr_carea' id='block_1_7' title="bbox 1689 1221 1727 1253">
    <p class='ocr_par' dir='ltr' id='par_1_16' title="bbox 1689 1221 1727 1253">
     <span class='ocr_line' id='line_1_44' title="bbox 1689 1221 1727 1253; baseline -0.026 0"><span class='ocrx_word' id='word_1_439' title='bbox 1689 1221 1727 1253; x_wconf 86' lang='lat'>15</span> 
     </span>
    </p>
   </div>
  </div>
 </body>
</html>
