1835 3240
62 179 145 221 456
588 176 662 218 DE
695 174 885 218 BELLO
918 173 1171 217 GALLICO

141 293 357 335 munitione
378 298 579 347 perrupta,
605 304 691 331 cum
713 291 783 331 lux
804 289 1023 343 adpeteret,
1047 290 1182 339 ueriti,
1206 301 1256 329 ne
1277 288 1325 330 ab
1346 289 1470 330 latere
1487 295 1625 343 aperto

143 375 195 402 ex
217 360 486 415 superioribus
509 359 650 399 castris
672 357 879 412 eruptione
901 356 1297 407 circumuenirentur,
1322 370 1364 397 se
1382 357 1430 397 ad
1448 371 1540 398 suos
1561 370 1626 397 re-

98 429 123 470 3
146 435 350 483 ceperunt.
403 427 458 468 At
479 426 691 466 interiores
707 455 717 472 ‚
741 425 829 465 dum
853 439 898 466 ea
913 456 923 475 ‚
950 438 1050 479 quae
1070 439 1094 466 a
1113 422 1448 479 Vercingetorige
1467 425 1516 465 ad
1538 439 1626 465 eru-

96 497 119 537 4
144 498 315 551 ptionem
339 500 566 551 praeparata
591 499 729 542 erant,
754 494 981 548 proferunt,
1006 492 1160 548 priores
1183 492 1311 532 fossas
1333 494 1519 546 explent,
1544 493 1629 534 diu-

144 566 220 606 tius
242 566 282 606 in
306 565 365 605 his
387 562 503 603 rebus
526 560 846 602 administrandis
878 561 1020 602 morati
1056 561 1165 616 prius
1187 574 1282 602 suos
1303 560 1537 602 discessisse
1559 575 1625 601 co-
1656 568 1674 600 5

144 638 366 687 gnouerunt
381 662 391 681 ,
416 644 529 683 quam
553 629 835 670 munitionibus
858 629 1229 684 adpropinquarent.
1273 627 1334 670 Ita
1353 642 1398 669 re
1419 628 1564 669 infecta
1586 629 1629 669 in

71 700 133 745 83
148 701 326 756 oppidum
349 704 617 739 reuerterunt.
670 696 740 738 Bis
769 712 910 752 magno
943 712 1030 738 cum
1063 698 1299 738 detrimento
1328 696 1475 751 repulsi
1508 694 1628 746 Galli,

147 769 235 821 quid
259 772 401 822 agant,
427 766 662 817 consulunt3
694 765 869 805 locorum
898 766 1044 819 peritos
1067 765 1274 806 adhibent:
1301 779 1354 806 ex
1375 765 1434 805 his
1456 763 1634 819 superio-

99 835 126 875 2
148 850 233 876 rum
257 842 475 875 castrorum
499 834 598 874 situs
620 834 935 887 munitionesque
965 840 1225 889 cognoscunt.
1288 832 1391 874 Erat
1423 845 1444 871 a
1475 838 1633 885 septen-

148 902 343 943 trionibus
366 902 477 942 collis
495 933 505 950 ‚
539 914 651 958 quem
685 909 844 957 propter
875 902 1184 956 magnitudinem
1208 901 1396 942 circuitus
1419 913 1538 954 opere
1560 898 1635 938 cir·
1667 905 1708 938 10

148 970 351 1024 cumplecti
375 984 451 1010 non
475 976 685 1024 potuerant
715 970 868 1010 nostri:
905 970 1132 1011 necessario
1162 983 1285 1024 paene
1316 969 1450 1022 iniquo
1479 967 1565 1008 loco
1595 973 1635 1007 et

101 1039 125 1078 3
148 1039 293 1080 leniter
314 1038 452 1078 decliui
488 1044 619 1078 castra
651 1039 844 1078 fecerunt.
889 1037 1000 1078 Haec
1024 1036 1148 1078 Gaius
1173 1037 1372 1077 Antistius
1395 1035 1573 1089 Reginus
1596 1041 1637 1074 et

149 1105 274 1147 Gaius
296 1103 488 1147 Caninius
510 1105 674 1147 Rebilus
706 1107 823 1160 legati
856 1121 942 1147 cum
976 1106 1124 1146 duabus
1147 1105 1367 1159 legionibus
1390 1103 1632 1144 obtinebant.

102 1174 128 1215 4
149 1173 334 1228 Cognitis
363 1188 433 1229 per
463 1174 736 1228 exploratores
767 1174 997 1227 regionibus
1029 1174 1149 1214 duces
1182 1173 1352 1214 hostium
1374 1179 1437 1212 LX
1457 1171 1562 1211 milia
1584 1183 1637 1210 ex

150 1243 256 1283 omni
278 1257 442 1282 numero
475 1242 651 1296 deligunt
681 1255 815 1282 earum
840 1242 1067 1291 ciuitatum,
1109 1254 1208 1294 quae
1236 1240 1450 1281 maximam
1481 1237 1638 1278 uirtutis
1671 1244 1711 1277 15

104 1309 128 1350 5
151 1310 375 1365 opinionem
401 1310 622 1360 habebant3
649 1310 736 1362 quid
761 1323 912 1362 quoque
937 1316 1050 1362 pacto
1073 1309 1132 1362 agi
1156 1310 1332 1362 placeat,
1357 1306 1511 1347 occulte
1533 1305 1639 1346 inter

150 1392 193 1418 se
217 1378 483 1428 constituunt3
509 1378 676 1418 adeundi
699 1384 850 1431 tempus
873 1377 1074 1427 deliniunt,
1099 1391 1184 1416 cum
1202 1376 1388 1416 meridies
1403 1387 1492 1415 esse
1505 1373 1639 1414 uidea-

103 1445 130 1486 6
153 1454 230 1486 tur.
276 1445 350 1485 His
373 1446 494 1500 copiis
518 1444 934 1486 Vercassiuellaunum
958 1444 1184 1485 Aruernum
1201 1476 1211 1495 ‚
1243 1458 1359 1485 unum
1384 1457 1435 1484 ex
1458 1449 1642 1496 quattuor

102 1515 127 1555 7
152 1514 328 1562 ducibus,
355 1514 611 1568 propinquum
634 1512 997 1567 Vercingetorigis,
1022 1513 1270 1567 praeficiunt.
1327 1510 1400 1552 Ille
1422 1524 1474 1551 ex
1496 1508 1639 1550 castris

153 1583 273 1637 prima
299 1582 433 1637 uigilia
456 1596 641 1636 egressus
664 1595 783 1636 prope
807 1582 986 1622 confecto
1017 1581 1087 1621 sub
1110 1581 1234 1621 lucem
1258 1580 1401 1620 itinere
1423 1585 1511 1633 post
1531 1591 1642 1618 mon-
1671 1583 1715 1618 20

154 1658 229 1690 tem
253 1665 296 1691 se
319 1651 535 1691 occultauit
556 1650 776 1703 militesque
799 1664 851 1689 ex
874 1657 1068 1690 nocturno
1100 1649 1232 1690 labore
1263 1661 1352 1689 sese
1374 1648 1539 1688 reficere
1560 1645 1642 1686 ius-

106 1718 133 1758 8
154 1718 218 1758 sit.
265 1715 366 1758 Cum
399 1719 475 1758 iam
508 1718 694 1759 meridies
726 1718 1038 1772 adpropinquare
1059 1718 1288 1767 uideretur,
1327 1715 1373 1756 ad
1405 1728 1450 1755 ea
1482 1721 1639 1763 castra,

155 1800 256 1839 quae
278 1800 395 1841 supra
419 1786 777 1827 demonstrauimus
794 1818 804 1836 ,
837 1786 1064 1837 contendit3
1101 1786 1314 1838 eodemque
1337 1790 1511 1837 tempore
1534 1782 1643 1836 equi-

155 1861 260 1894 tatus
294 1855 340 1895 ad
373 1862 613 1908 campestres
646 1854 884 1895 munitiones
916 1855 1106 1895 accedere
1135 1861 1175 1894 et
1206 1853 1379 1907 reliquae
1407 1851 1542 1905 copiae
1574 1864 1644 1904 pro

303 2004 312 2035 l
338 2004 528 2046 (adpeteret
548 2004 592 2044 B)
612 2008 794 2046 appareret
814 2004 844 2035 b.
1027 2006 1044 2037 4
1063 2005 1358 2045 praeparauerant
1375 1999 1556 2043 proferunt
1572 1998 1647 2031 AB

157 2055 228 2086 (ΣΙ)
241 2065 261 2086 α
276 2055 336 2087 be.
538 2056 555 2086 5
576 2055 627 2087 his
646 2055 677 2087 B
695 2054 773 2086 edd.
794 2058 879 2086 ante
897 2054 936 2086 P.
958 2053 1115 2093 Manui„
1135 2054 1177 2085 iis
1196 2053 1237 2084 P.
1259 2051 1446 2083 Manutius
1464 2061 1499 2082 u.

154 2105 293 2148 morati]
312 2106 470 2148 occupati
491 2107 522 2138 b.
689 2107 708 2139 6
727 2107 937 2139 mutionibus
955 2110 1039 2138 ante
1057 2115 1150 2138 corr.
1169 2106 1211 2146 B,
1231 2104 1439 2136 munitiones
1457 2113 1504 2134 m.
1522 2112 1580 2145 pr.
1604 2103 1645 2134 C.

299 2157 664 2200 adpropinquarentB.
807 2157 826 2191 7
845 2162 1069 2190 reuertuntur
1089 2157 1119 2188 b.
1261 2156 1281 2187 8
1300 2165 1341 2186 ex
1357 2155 1408 2185 bis
1422 2154 1452 2185 B
1467 2152 1643 2194 ‘reliqui'‚

157 2209 198 2241 ab
217 2209 269 2241 his
291 2210 412 2242 bede.
577 2211 595 2243 9
614 2211 845 2253 septrionibus
863 2221 910 2243 m.
926 2220 986 2253 pr.
1007 2210 1050 2242 B.
1208 2208 1248 2240 10
1267 2206 1447 2249 complecti
1467 2206 1498 2237 b.

157 2261 195 2293 ‘ll
219 2266 376 2303 poterant
396 2262 456 2293 be.
630 2262 825 2294 necessario
844 2261 875 2294 B
892 2264 926 2293 et
943 2261 1093 2302 reliqui,
1125 2259 1390 2300 necessarioque
1410 2258 1427 2289 b
1442 2267 1499 2289 ee.

159 2313 200 2345 12
221 2313 347 2344 leniter
372 2324 409 2353 e,
430 2313 558 2344 leuiter
585 2314 614 2345 B
643 2314 701 2347 ‘11
730 2313 834 2346 mei’.
1013 2313 1171 2345 fecerunt
1198 2313 1229 2344 B
1257 2315 1293 2342 et
1310 2311 1460 2352 reliqui,
1492 2308 1646 2341 fecerant

159 2366 248 2396 hee.
435 2364 540 2397 Gaius
560 2366 607 2406 B,
629 2365 666 2398 C.
688 2376 723 2397 u.
914 2366 954 2398 13
973 2365 1010 2398 C.
1031 2365 1195 2397 Caninius
1215 2364 1255 2396 P.
1280 2363 1466 2395 Manutius
1485 2373 1527 2401 u,
1547 2361 1648 2394 Cani-

159 2418 234 2448 nius
253 2419 384 2448 omisso
405 2420 639 2458 praenomine
666 2418 714 2457 Β,·
737 2420 745 2434 ⁶
759 2417 799 2450 L.
822 2419 881 2449 uel
896 2417 1023 2449 Lucius
1042 2416 1206 2449 Caninius
1224 2417 1255 2447 A
1270 2415 1338 2447 CI)
1358 2415 1376 2447 6
1400 2415 1501 2446 alii'.

159 2467 299 2499 Reuilus
321 2467 348 2498 Β
367 2467 496 2499 ‘decem
514 2470 599 2499 ‘mei'
619 2473 656 2500 et
669 2479 830 2510 suprasc.
852 2469 871 2500 b
890 2470 935 2500 A.
1144 2478 1166 2498 11
1186 2467 1258 2507 (B).
1484 2466 1525 2498 14
1544 2466 1649 2506 legio-

160 2519 258 2551 nibus
278 2519 348 2550 AB
364 2518 446 2550 OD.
609 2521 701 2552 milia
722 2531 790 2552 om.
812 2521 855 2552 B.
1038 2520 1077 2552 15
1097 2520 1243 2560 diligunt
1264 2520 1312 2559 A,
1335 2519 1498 2559 delegunt
1515 2519 1546 2550 B
1560 2519 1644 2551 CD.

302 2572 495 2603 ciuitatium
507 2572 552 2603 D.
697 2573 735 2605 16
755 2573 849 2616 quid]
869 2573 925 2615 qui
945 2583 973 2604 e.
1117 2581 1247 2613 quoquo
1262 2572 1332 2602 AB
1345 2571 1412 2602 CB
1425 2581 1445 2602 α
1458 2571 1474 2601 b
1486 2580 1514 2610 e,
1537 2580 1600 2612 quo
1616 2580 1646 2601 e.

305 2623 344 2655 17
364 2623 504 2654 meridie
523 2624 595 2655 AB
611 2625 638 2656 C
653 2625 739 2655 boe.
897 2624 1077 2655 uideretur
1093 2623 1136 2654 A.
1298 2622 1336 2654 18
1356 2622 1408 2653 his
1427 2632 1444 2652 e
1463 2621 1541 2653 edd.
1562 2624 1649 2652 ante

159 2674 257 2714 Alci„
280 2674 321 2705 iis
340 2673 402 2714 (B)
421 2673 533 2705 Aldus
552 2685 586 2705 u.
741 2672 1103 2706 Vercassiuellaunum
1123 2673 1164 2712 B,
1188 2671 1544 2704 ‘Vercasiiiellaunum
1563 2682 1646 2703 mss.

149 2728 234 2768 sere
253 2725 412 2765 omnes’,
443 2723 742 2756 Cassiuellaunum
763 2725 803 2763 ῦς
824 2723 1122 2764 Vergasillaunum
1142 2733 1178 2754 u.
1426 2728 1588 2766 quattuor
1605 2723 1645 2755 B.

304 2776 347 2809 20
366 2786 469 2818 prope
487 2785 556 2807 om.
575 2775 622 2806 D.
779 2775 823 2808 22
840 2774 904 2805 iam
924 2774 964 2805 ad
985 2774 1160 2806 meridiem
1181 2775 1452 2818 appropinquare
1472 2785 1489 2806 e
1507 2778 1561 2815 et,
1589 2775 1650 2816 qm·

162 2828 404 2870 propinquare,
427 2827 445 2858 b
459 2837 476 2857 c
495 2826 652 2868 (adprop.
674 2826 735 2867 B).
874 2825 917 2859 ‘23
937 2826 1053 2858 condit
1070 2836 1117 2857 m.
1135 2835 1193 2867 pr.
1214 2826 1257 2858 B.
1412 2826 1595 2868 eodemque
1616 2823 1647 2854 in

164 2884 315 2922 tempore
335 2879 375 2920 B,
399 2879 515 2911 eodem
537 2883 686 2919 tempore
708 2878 766 2909 be.
