1835 3240
741 199 1138 241 *48—

203 315 307 357 bello
329 313 436 356 ciuili
460 321 499 355 et
518 313 680 366 reliquis
703 310 993 353 commentariis
1017 323 1111 350 uera
1132 310 1329 364 scriptura
1352 312 1392 353 in
1415 312 1678 355 deterioribus

204 383 316 423 codd.
341 389 498 424 seruata
520 389 595 431 est,
622 381 730 421 uelut
749 380 787 418 b.
804 379 880 417 ciu.
896 375 950 426 ΙΙ,
977 376 1046 426 32,
1070 376 1097 417 9
1116 377 1367 429 ‘relinquitur
1382 394 1482 421 noua
1505 382 1676 435 religio'‚

202 465 289 490 cum
313 457 531 490 extremum
556 447 787 488 uocabulum
809 445 848 484 in
872 444 1118 497 interpolatis
1142 444 1359 485 exciderit:
1385 453 1425 486 et
1440 448 1479 488 b.
1495 448 1584 488 Afr.
1606 447 1676 498 ὅθ,

204 517 252 568 1,
288 519 351 558 ubi
374 524 512 557 auctor
533 515 771 567 scripserat:
811 517 822 535 ⁶
837 517 881 551 ut
912 510 959 550 ab
981 511 1144 551 sinistro
1168 512 1251 552 eius
1274 527 1397 553 cornu
1419 515 1550 556 ordiar
1571 523 1611 555 et
1632 516 1680 555 ad

201 586 383 625 dextrum
405 583 647 638 perucniam.
711 579 861 619 Habuit
881 578 1094 632 legionem'
1127 585 1220 619 cett.
1235 610 1246 629 ‚
1281 579 1405 620 altera
1426 594 1516 633 pars
1539 582 1679 622 horum

199 653 408 693 uerborum
440 651 479 690 in
510 646 754 701 interpolatis
777 646 947 699 legitur,
984 646 1108 686 altera
1140 647 1181 686 in
1204 647 1483 687 deterioribus.
1525 647 1677 689 Verum

200 718 416 760 huiusmodi
438 729 630 770 perpauca
653 721 761 763 sunt,
787 726 912 765 neque
929 713 976 752 ob
994 726 1039 753 ea
1058 713 1182 753 maius
1205 714 1373 767 pretium
1396 715 1455 755 his
1478 716 1676 756 codicibus

200 786 442 827 constituere
463 784 576 832 licet,
616 796 730 835 quam
762 795 784 820 a
817 780 930 820 nobis
954 780 1210 820 constitutum
1234 787 1308 821 est.

311 850 470 892 Subieci
501 851 664 890 formam
677 847 924 902 cognationis
948 847 1125 887 codicum
1149 849 1361 888 secundum
1383 862 1452 897 ea,
1478 850 1678 905 quae-dis-

198 920 419 974 putauimus
440 918 694 967 delineatam,
721 917 777 957 ita
798 922 841 955 ut
869 928 937 955 eos
968 914 1147 966 codices,
1168 915 1233 968 qui
1256 916 1482 970 perierunt,
1509 916 1675 959 Graecis

198 987 341 1028 litteris
361 985 638 1040 significarem.

840 1284 872 1325 ἢ
1030 1275 1109 1308 Par.
1130 1286 1200 1307 sec.
1222 1275 1320 1308 Leid.
1343 1288 1393 1320 pr.

242 1296 345 1337 Boug·
372 1308 423 1340 pr·
472 1297 639 1383 εἶὲςρῐῗῐ.
1029 1320 1122 1353 Scal.
1143 1322 1261 1353 Cuiac.
1294 1322 1404 1354 Haun.
1425 1335 1476 1366 pr,

472 1388 568 1428 Egm.
595 1366 693 1419 Visat.
721 1398 773 1430 pr.
1028 1365 1130 1398 Vifld·
1150 1377 1201 1409 PF·
1221 1368 1327 1406 (Assd-
1348 1368 1430 1413 Ox.)

282 1510 583 1588 Deterioliiestillli'
611 1511 647 1543 lt.
676 1511 716 1543 de
1041 1509 1240 1542 Deteriores
1267 1521 1356 1542 omn.
1384 1514 1580 1542 commentt.

304 1656 528 1699 Secundum
551 1658 647 1699 haec
669 1673 747 1699 non
769 1659 927 1699 difficile
959 1665 1020 1699 est
1039 1658 1264 1709 intellectu,
1304 1671 1402 1711 quac
1423 1657 1524 1698 ratio
1546 1658 1585 1698 in
1606 1671 1670 1698 re-

191 1726 398 1766 censendis
422 1723 608 1766 Caesaris
632 1727 924 1767 commentariis
947 1727 1144 1779 sequenda
1166 1727 1232 1766 sit.
1268 1725 1375 1766 Nam
1398 1726 1521 1778 prima
1542 1724 1667 1765 omni-

190 1808 253 1834 um
286 1807 379 1833 cura
411 1795 647 1834 conferenda
679 1795 754 1834 erit
787 1794 834 1834 ad
866 1795 1100 1848 scripturam
1143 1794 1288 1834 codicis
1325 1793 1528 1847 archetypi
1558 1793 1669 1832 inue-

190 1861 387 1901 niendam.
440 1858 501 1900 Ea
532 1861 573 1900 in
605 1861 713 1902 libris
738 1862 784 1902 de
816 1861 918 1901 bello
941 1860 1094 1901 Gallico
1118 1861 1312 1901 efficietur
1333 1868 1400 1900 aut
1422 1874 1474 1901 ex
1495 1860 1668 1900 omnium

190 1929 362 1969 codicum
395 1941 591 1967 consensu
621 1936 688 1968 aut
717 1929 757 1969 in
791 1929 972 1969 dissensu
1004 1928 1209 1981 utriusque
1237 1928 1407 1968 familiae
1430 1942 1480 1968 ex
1501 1926 1668 1980 integris

188 2003 256 2036 aut
277 1995 444 2048 denique
476 2008 527 2034 ex
559 2009 755 2035 consensu
787 1997 949 2037 alterius
982 1997 1225 2050 integrorum
1248 1995 1370 2049 partis
1394 2002 1433 2035 et
1453 1994 1668 2048 interpola-

187 2070 333 2104 torum.
376 2062 553 2116 Apparet
583 2069 714 2101 autem
735 2061 1052 2115 Bongarsianum
1082 2063 1247 2116 primum
1270 2063 1431 2103 eandem
1454 2061 1668 2102 auctorita-

187 2137 264 2171 tem
287 2129 431 2170 habere
463 2137 578 2182 atque
609 2130 781 2181 reliquos
812 2130 989 2184 integros
1025 2137 1064 2170 et
1085 2130 1302 2170 deteriores
1325 2143 1379 2169 ex
1400 2129 1533 2169 eodem
1558 2130 1666 2168 fonte

187 2198 324 2238 ductos
347 2197 451 2237 inter
472 2210 514 2236 se
537 2197 843 2244 consentientes,
880 2204 919 2236 et
950 2203 1109 2253 propter
1136 2197 1258 2249 ipsius
1291 2196 1437 2236 codicis
1460 2203 1666 2249 praestan-

186 2266 277 2305 tiam
301 2265 415 2318 paulo
438 2265 555 2304 etiam
578 2264 780 2303 maiorem.
834 2263 1010 2317 Reperta
1032 2277 1128 2303 uero
1158 2264 1303 2303 codicis
1334 2262 1538 2316 archetypi
1567 2260 1665 2301 scri-

184 2340 296 2386 ptura
319 2338 386 2372 aut
406 2331 491 2385 ipsa
511 2344 607 2370 uera
630 2331 729 2380 erit,
755 2337 820 2370 aut
835 2361 845 2379 ‚
870 2331 904 2370 si
926 2332 978 2371 ita
1003 2345 1080 2370 non
1104 2330 1278 2384 potuisse
1301 2344 1324 2369 a
1346 2327 1520 2369 Caesare
1543 2327 1664 2368 scribi

185 2401 492 2440 demonstratum
522 2398 663 2445 fuerit,
703 2401 929 2438 coniectura
965 2398 1022 2437 illi
1064 2398 1316 2438 fundamento
1354 2397 1494 2437 innixa
1525 2409 1663 2436 uerum

185 2468 398 2508 eruendum
421 2467 510 2506 erit.
563 2465 731 2505 Etiamsi
762 2472 889 2505 autem
913 2465 1098 2505 mendosa
1121 2466 1195 2505 erit
1215 2466 1459 2519 integrorum
1484 2463 1662 2503 codicum

184 2535 377 2588 scriptura
406 2541 446 2573 ct
474 2533 799 2586 interpolatorum
830 2539 897 2571 aut
928 2532 1166 2572 deteriorum
1196 2547 1265 2585 per
1293 2545 1335 2572 se
1364 2537 1498 2579 recta,
1531 2538 1663 2570 tamen

185 2609 264 2642 tum
286 2602 437 2642 demum
458 2600 528 2640 hos
551 2600 662 2652 sequi
683 2600 840 2649 licebit,
874 2613 960 2639 cum
990 2599 1036 2638 ab
1060 2613 1195 2639 eorum
1217 2599 1412 2651 scriptura
1433 2597 1488 2636 ita
1503 2628 1514 2647 ,
1550 2604 1593 2636 ut
1621 2597 1662 2636 in

183 2669 347 2722 integris
379 2670 525 2708 factum
556 2668 652 2717 erit,
686 2667 864 2706 aberrari
896 2666 1070 2719 potuisse
1102 2666 1316 2719 apparebit.
1378 2663 1525 2704 Menda
1557 2664 1661 2704 enim

182 2737 424 2791 integrorum
454 2735 630 2775 codicum
660 2741 790 2774 tamen
820 2733 1028 2773 ueritatem
1057 2742 1219 2774 seruant
1239 2733 1330 2773 licet
1351 2731 1599 2772 obscuratam
1621 2737 1661 2772 et

182 2803 396 2844 inuolucris
418 2810 585 2852 tectam,
620 2815 718 2855 quae
740 2808 853 2841 caute
875 2801 1113 2841 detrahenda
1144 2808 1259 2841 sunt:
1292 2799 1532 2852 reliquorum
1554 2798 1660 2839 codi-

183 2886 269 2912 cum
290 2871 422 2912 omnia
442 2870 589 2912 fraudis
611 2869 780 2924 suspicio
802 2868 954 2923 premit.
998 2866 1133 2922 Itaque
1155 2882 1242 2909 cum
1273 2881 1507 2921 quaeramus
1521 2897 1533 2918 ‚
1567 2866 1659 2920 quid
