1835 3240
84 907 125 939 10

84 1247 121 1278 15

77 1585 119 1618 20

535 173 719 217 COMM.
746 174 803 217 III
824 174 948 218 CAP.
975 175 1230 219 110—th.
1642 181 1725 223 623

168 290 284 331 rebus
307 288 354 328 ad
377 287 656 344 nauigandum,
682 297 841 344 praeter
862 291 932 331 has
952 297 1068 343 XXII,
1092 303 1193 344 quae
1214 290 1397 345 praesidii
1420 306 1537 334 causa
1553 293 1648 336 Ale-

165 357 355 399 xandriae
378 371 466 399 esse
489 365 753 406 consuerant,
786 365 1011 399 constratae
1042 372 1202 409 omnes;
1236 372 1331 412 quas
1364 359 1396 399 si
1420 364 1646 415 occupauis-
1667 364 1695 404 4

163 432 267 475 sent,
293 425 419 466 classe
432 423 599 467 Caesari
621 432 755 480 erepta
778 433 929 480 portum
953 440 998 466 ac
1021 439 1128 466 mare
1152 433 1271 466 totum
1295 427 1335 467 in
1357 441 1428 467 sua
1450 435 1645 481 potestate

163 492 378 543 haberent,
417 501 637 535 commeatu
668 494 907 547 auxiliisque
931 492 1146 535 Caesarem
1177 494 1445 549 prohiberent.
1508 494 1644 549 Itaque
1667 498 1692 538 5

166 567 272 601 tanta
294 568 354 601 est
377 563 627 603 contentione
650 568 780 602 actum
798 592 808 611 ‚
842 568 985 614 quanta
1008 562 1069 615 agi
1093 562 1249 612 debuit,
1285 577 1371 602 cum
1401 563 1456 603 illi
1480 564 1648 605 celerem

161 628 200 668 in
225 643 270 669 ea
291 643 333 669 re
358 629 578 680 uictoriam,
604 629 643 670 hi
665 629 828 670 salutem
852 643 962 669 suam
986 630 1207 671 consistere
1229 631 1422 671 uiderent.
1461 628 1539 671 Sed
1562 646 1645 673 rem
1667 632 1694 673 6

161 696 492 751 optinuitCaesar
514 710 724 750 omnesque
747 710 814 737 eas
836 711 959 737 naues
984 705 1024 737 et
1045 697 1233 750 reliquas,
1259 713 1356 751 quae
1379 707 1492 740 erant
1513 699 1553 739 in
1576 714 1646 740 na-

160 766 341 817 ualibus,
376 765 575 816 incendit,
612 766 714 819 quod
746 772 822 805 tam
856 765 934 805 late
966 765 1067 805 tueri
1091 779 1211 819 parua
1234 780 1350 806 manu
1372 781 1450 807 non
1472 774 1642 822 poterat,

160 835 444 888 confestimque
467 834 514 874 ad
537 831 708 874 Pharum
732 832 896 873 nauibus
919 833 1062 873 milites
1085 834 1284 886 exposuit.
1329 832 1481 876 Pharus
1505 843 1566 876 est
1585 837 1624 876 in
1638 837 1720 882 112

156 900 284 942 insula
306 902 427 942 turris
449 915 592 956 magna
613 901 844 951 altitudine,
878 900 1052 941 mirificis
1086 900 1268 954 operibus
1300 909 1508 954 extructa3
1545 918 1643 957 quae

158 983 300 1010 nomen
323 970 370 1010 ab
392 970 522 1010 insula
545 969 709 1021 accepit.
746 967 855 1008 Haec
878 968 1005 1008 insula
1030 968 1465 1011 obiectaAlexandriae
1487 979 1642 1025 portum
1664 974 1691 1015 2

156 1037 293 1087 efficit3
319 1037 385 1077 sed
400 1051 421 1077 a
434 1035 703 1090 superioribus
716 1035 943 1090 regionibus
955 1036 993 1075 in
1008 1035 1290 1090 longitudinem
1307 1051 1487 1090 passuum
1501 1046 1641 1080 DCCCC

154 1104 195 1144 in
219 1118 327 1145 mare
349 1104 463 1144 iactis
486 1103 653 1143 molibus
685 1110 853 1157 angusto
884 1103 1025 1144 itinere
1058 1110 1097 1144 et
1126 1110 1245 1157 ponte
1277 1119 1362 1144 cum
1387 1107 1525 1160 oppido
1549 1122 1642 1148 con—

155 1172 344 1226 iungitur.
388 1170 433 1212 In
465 1172 537 1212 hac
568 1178 661 1212 sunt
689 1171 818 1212 insula
850 1171 1044 1212 domicilia
1066 1171 1351 1226 Aegyptiorum
1384 1180 1423 1212 et
1444 1174 1553 1216 uicus
1576 1190 1643 1229 op-
1664 1175 1690 1217 3

155 1239 230 1293 pidi
253 1240 547 1295 magnitudine3
574 1253 750 1293 quaeque
772 1240 824 1280 ibi
847 1253 1012 1292 cumque
1034 1253 1156 1280 naues
1178 1240 1428 1294 inprudentia
1451 1249 1518 1281 aut
1546 1249 1642 1282 tem-

156 1314 308 1361 pestate
329 1308 485 1362 paulum
508 1322 579 1348 suo
602 1321 719 1347 cursu
742 1307 1024 1358 decesserunt,
1058 1307 1128 1347 has
1151 1322 1260 1349 more
1282 1309 1522 1362 praedonum
1547 1311 1641 1352 diri-

155 1389 248 1428 pere
271 1383 526 1417 consuerunt.
571 1375 625 1415 Iis
648 1382 778 1416 autem
801 1376 953 1425 inuitis,
978 1390 999 1415 a
1023 1375 1160 1428 quibus
1181 1374 1334 1417 Pharus
1358 1384 1536 1428 tenetur,
1562 1393 1640 1419 non
1661 1379 1690 1420 4

154 1450 394 1496 potestesse
426 1450 586 1499 propter
616 1444 821 1497 angustias
852 1443 1019 1484 nauibus
1050 1444 1237 1484 introitus
1259 1445 1299 1484 in
1322 1451 1490 1498 portum.
1554 1445 1640 1487 Hoc
1662 1445 1688 1487 5

154 1517 234 1550 tum
259 1512 408 1552 ueritus
425 1509 578 1553 Caesar
599 1512 776 1552 hostibus
798 1512 838 1552 in
860 1525 989 1566 pugna
1013 1513 1212 1566 occupatis
1236 1512 1422 1553 militibus
1445 1514 1640 1567 expositis

151 1577 320 1619 Pharum
344 1580 551 1634 prehendit
571 1588 687 1634 atque
708 1580 762 1620 ibi
785 1581 1019 1634 praesidium
1044 1580 1186 1634 posuit.
1253 1577 1406 1632 Quibus
1439 1588 1500 1621 est
1520 1581 1638 1622 rebus
1660 1582 1687 1624 6

152 1647 356 1698 effectum,
391 1648 448 1688 uti
481 1656 564 1689 tuto
597 1649 835 1689 frumentum
859 1649 1085 1702 auxiliaque
1107 1648 1273 1688 nauibus
1295 1649 1343 1688 ad
1365 1662 1451 1688 eum
1475 1649 1640 1704 subpor-

152 1715 228 1754 tari
250 1724 426 1769 possent.
472 1715 632 1756 Dimisit
663 1716 764 1757 enim
797 1717 943 1757 circum
974 1730 1109 1757 omnes
1140 1717 1378 1770 propinquas
1411 1717 1637 1770 prouincias

152 1789 269 1836 atque
300 1783 390 1824 inde
421 1784 569 1824 auxilia
601 1785 797 1825 euocauit.
859 1783 1040 1838 Reliquis
1063 1784 1190 1838 oppidi
1214 1784 1388 1838 partibus
1410 1784 1466 1824 sic
1489 1792 1550 1825 est
1569 1799 1638 1839 pu·
1662 1785 1689 1826 7

152 1857 309 1903 gnatum
327 1882 337 1901 ‚
373 1858 414 1891 ut
445 1865 570 1905 aequo
601 1852 750 1907 proelio
774 1852 1069 1903 discederetur,
1108 1859 1147 1892 et
1168 1852 1296 1892 neutri
1319 1852 1561 1905 pellerentur
1582 1853 1639 1906 (id

103 1925 115 1932 ⁸
150 1918 369 1959 efficiebant
390 1921 598 1973 angustiae
620 1920 714 1974 loci)
732 1951 741 1968 ,
778 1921 988 1974 paucisque
1020 1920 1214 1974 utrimque
1236 1920 1459 1960 interfectis
1486 1918 1639 1962 Caesar

151 1986 236 2026 loca
259 1986 429 2028 maxime
451 1988 678 2028 necessaria
700 1988 930 2042 complexus
953 1995 1071 2028 noctu
1092 1988 1342 2042 praemuniit.
1376 1987 1486 2029 Haec
1510 1995 1637 2030 tractu
1658 1989 1685 2029 8

151 2054 278 2109 oppidi
300 2069 389 2109 pars
413 2063 499 2097 erat
519 2057 654 2111 regiae
677 2056 836 2109 exigua,
861 2056 901 2096 in
924 2070 1035 2110 quam
1059 2056 1142 2110 ipse
1164 2056 1361 2097 habitandi
1384 2070 1502 2097 causa
1524 2057 1636 2097 initio

297 2203 310 2236 1
331 2215 414 2236 xxm
436 2204 466 2236 b.
608 2206 628 2239 2
648 2210 856 2237 consuerant
873 2206 923 2237 ab
937 2215 965 2246 c,
987 2208 1243 2237 consueuerant
1260 2214 1296 2235 u.
1438 2204 1457 2237 3
1478 2203 1637 2238 Caesaris

153 2254 247 2285 ‘mssa
265 2254 456 2296 plerique'.
645 2256 662 2287 5
682 2256 732 2287 illi
752 2267 841 2288 unus
860 2256 946 2296 det„
968 2256 1025 2288 itte
1044 2256 1189 2297 reliqui.
1396 2255 1415 2288 7
1434 2255 1582 2298 optinuIt
1599 2266 1634 2288 α.

293 2306 313 2338 8
332 2316 435 2348 parua
454 2316 475 2337 a
497 2307 592 2337 ‘mss.
615 2306 657 2345 5',
677 2312 745 2338 tam
764 2317 871 2349 parua
891 2318 926 2339 u.
1070 2307 1110 2339 10
1129 2310 1289 2338 extructa
1307 2316 1340 2337 α.
1506 2306 1545 2338 13
1566 2306 1637 2337 cin-

151 2357 241 2396 gitur
261 2358 290 2389 b.
457 2358 498 2389 14
516 2357 750 2400 Aegiptiorum
770 2369 804 2390 a.
971 2360 1009 2392 15
1029 2369 1182 2401 quaeque
1201 2358 1248 2390 ibi
1266 2369 1408 2401 cumque
1427 2369 1514 2401 ego5
1534 2369 1637 2401 quae-

153 2410 208 2450 qui
227 2409 350 2452 ubique
370 2421 402 2450 α,
425 2410 611 2452 qficumque
633 2411 664 2451 b,
685 2420 837 2452 quaeque
858 2411 982 2453 ubique
1001 2422 1036 2442 u.
1058 2411 1097 2442 P.
1119 2411 1196 2443 188.
1366 2410 1583 2452 inprudentia
1601 2421 1634 2442 α.

294 2461 334 2493 16
354 2461 490 2503 paulum
508 2460 526 2493 3
547 2461 649 2501 dett„
670 2462 770 2503 paulo
790 2472 810 2493 a
824 2462 864 2502 b,·
884 2463 1058 2504 paululum
1076 2473 1111 2494 u.
1253 2461 1479 2495 decesserunt
1497 2474 1518 2495 a
1538 2464 1634 2496 ‘mss.

153 2511 196 2551 4‘,
218 2511 428 2544 decesserint
445 2524 479 2544 u.
626 2514 664 2546 17
684 2519 893 2546 consuerunt
912 2525 932 2546 a
945 2516 962 2546 b
977 2526 1006 2555 c,
1026 2518 1283 2546 consueuerant
1300 2525 1335 2546 u.
1478 2515 1507 2547 is
1525 2522 1637 2549 autem

151 2573 184 2593 a.
346 2564 475 2596 Pharos
493 2575 539 2596 εκ
556 2576 626 2597 uno
645 2565 716 2597 det.
738 2577 772 2597 η.
955 2568 994 2600 19
1014 2567 1181 2599 militibus
1201 2566 1381 2608 Scaliger,
1401 2568 1637 2611 militibusque

153 2614 252 2646 codd.
416 2616 459 2650 20
478 2617 609 2649 Pharon
630 2628 676 2649 θῶ·
694 2618 712 2650 3
733 2618 819 2651 dett.
840 2629 875 2650 u.
1040 2619 1224 2661 prehendit
1241 2630 1261 2651 α
1278 2620 1334 2659 be,
1357 2620 1579 2663 apprehendit
1599 2632 1633 2653 v.

294 2666 333 2699 21
357 2666 549 2708 subportari
567 2678 601 2700 a.
781 2669 824 2700 22
844 2669 974 2701 dimisit
992 2669 1155 2711 Scaliger
1173 2670 1329 2712 (demisit
1346 2671 1386 2702 Ρ.
1406 2670 1633 2711 Manutius),-

152 2717 292 2748 deauxit
309 2727 329 2748 a
341 2717 358 2748 b
370 2727 387 2747 c
399 2717 434 2755 d,
453 2718 546 2749 misit
559 2729 626 2760 pro
646 2730 723 2752 uar.
747 2720 829 2752 leet.
850 2721 883 2753 d.
1058 2722 1253 2764 prouincias
1272 2733 1292 2754 α
1307 2723 1324 2753 b
1336 2732 1353 2753 0
1372 2733 1571 2764 omnesque,
1594 2723 1636 2754 de

154 2767 283 2808 quibus
301 2769 462 2806 constat;
484 2768 641 2808 regiones
659 2779 681 2800 u
700 2773 735 2801 et
756 2770 896 2811 {forsan
915 2771 961 2803 d'.
1109 2772 1152 2805 25
1172 2772 1342 2815 utrimque
1360 2782 1393 2812 a,
1416 2782 1484 2803 non
1504 2773 1633 2814 utrinq.

294 2818 335 2851 26
348 2818 552 2859 praemuniti
571 2829 603 2860 a,
624 2821 833 2862 praemuniri
853 2822 892 2862 b;
912 2822 1106 2865 praemunit
1121 2823 1200 2855 edd.
1343 2823 1426 2854 haec
1442 2833 1532 2854 unus
1546 2823 1633 2864 det„

152 2878 211 2899 nec
231 2867 375 2908 reliqui.
