1835 3240
83 148 165 192 556
651 149 725 192 DE
750 150 936 193 BELLO
961 148 1135 194 CIVILI

159 268 202 302 ut
222 275 361 316 magno
383 276 469 304 cum
501 263 636 305 dolore
667 264 918 304 infidelitatis
938 263 1200 318 suspicionem
1230 267 1425 307 sustinere
1458 267 1639 308 uideren-

112 330 138 371 2
163 337 248 380 tur,
283 330 545 372 discedentem
578 346 672 371 uero
706 346 756 371 ex
779 332 963 372 contione
985 332 1159 372 uniuersi
1183 334 1463 386 cohortantur,
1497 350 1639 389 magno

160 398 212 438 sit
233 398 377 450 animo,
404 414 452 439 ne
475 399 562 439 cubi
585 399 734 438 dubitet
757 400 946 452 proelium
969 400 1212 441 committere
1235 409 1275 441 et
1295 416 1402 442 suam
1426 403 1538 442 fidem
1561 403 1640 443 uir-

115 464 140 505 3
164 472 363 520 tutemque
386 467 575 519 experiri.
629 464 718 518 Quo
742 468 845 506 facto
868 475 1102 508 commutata
1126 469 1296 508 omnium
1318 476 1356 509 et
1378 471 1580 511 uoluntate
1602 478 1641 511 et

158 533 340 588 opinione
363 547 559 574 consensu
581 547 732 574 summo
753 535 956 575 constituit
977 532 1100 576 Curio
1116 567 1127 586 ,
1160 550 1246 576 cum
1280 536 1444 590 primum
1476 539 1527 578 sit
1549 539 1638 579 data

113 601 138 640 4
161 609 336 655 potestas
351 631 361 650 ,
387 601 535 654 proelio
556 615 638 642 rem
663 603 908 643 committere
931 611 1166 656 posteroque
1188 604 1249 644 die
1272 606 1482 658 productos
1504 606 1640 646 eodeni

114 667 272 718 510e0‚
309 683 382 722 quo
412 670 683 723 superioribus
715 671 850 711 diebus
881 672 1138 721 constiterat,
1172 672 1211 711 in
1233 672 1319 712 acie
1340 673 1518 712 collocat.
1577 673 1642 714 Ne

162 736 293 779 Varus
324 737 477 789 quidem
510 737 645 779 Attius
677 739 827 779 dubitat
862 739 993 793 copias
1017 740 1255 792 producere⁷
1290 741 1376 780 siue
1409 740 1643 780 sollicitandi

161 805 304 845 milites
326 804 411 845 siue
433 819 559 859 aequo
581 807 667 847 loco
682 807 891 848 dimicandi
905 809 1018 847 detur
1030 808 1200 858 occasio,
1226 822 1274 848 ne
1298 809 1518 848 facultatem
1533 821 1644 862 prae-

85 872 142 916 34
166 872 369 912 termittat.
422 871 523 913 Erat
554 875 665 915 uallis
696 876 801 916 inter
832 876 927 916 duas
959 876 1092 924 acies,
1125 882 1166 915 ut
1195 890 1313 930 supra
1336 877 1643 916 demonstratum

162 947 244 989 cst,
280 954 357 980 non
379 940 433 980 ita
455 955 596 994 magna
613 974 624 993 ,
658 950 698 983 at
719 944 861 983 difficili
884 951 920 984 et
944 945 1065 984 arduo
1088 958 1270 984 ascensu.
1326 944 1439 984 Hanc
1462 951 1642 997 uterque,

162 1009 195 1048 si
217 1009 534 1049 aduersariorum
557 1011 691 1065 copiae
715 1012 884 1052 transire
906 1019 1166 1062 conarentur,
1199 1013 1455 1066 expectabat,
1480 1027 1555 1064 quo
1577 1026 1643 1052 ae-

111 1075 140 1117 2
162 1077 298 1129 quiore
320 1077 407 1117 loco
429 1078 616 1131 proelium
641 1080 916 1120 committeret.
960 1078 1084 1120 Simul
1108 1080 1154 1120 ab
1177 1080 1340 1120 sinistro
1363 1094 1486 1120 cornu
1508 1078 1555 1119 P.
1571 1080 1645 1120 At-

161 1144 206 1184 tii
229 1145 426 1197 equitatus
457 1147 584 1187 omnis
617 1155 657 1187 et
687 1162 765 1187 una
795 1148 895 1188 leuis
925 1155 1149 1188 armaturae
1177 1148 1374 1188 interiecti
1405 1148 1640 1201 complures,

114 1211 139 1252 3
163 1227 248 1252 cuin
271 1227 314 1253 se
337 1213 377 1253 in
400 1214 541 1253 uallem
566 1215 831 1265 demitterent,
857 1216 1136 1256 cernebantur.
1176 1215 1239 1255 Ad
1262 1229 1330 1255 eos
1353 1212 1477 1254 Curio
1499 1215 1646 1267 equita-

161 1287 240 1320 tum
264 1288 302 1319 et
324 1282 419 1321 duas
442 1281 761 1322 Marrucinorum
785 1284 958 1323 cohortis
981 1284 1124 1334 mittit3
1151 1297 1314 1336 quorum
1338 1282 1501 1336 primum
1525 1284 1646 1336 impe-

163 1354 242 1386 tum
265 1348 416 1403 equites
441 1349 610 1390 hostium
634 1365 711 1390 non
736 1352 936 1401 tulerunt,
973 1353 1039 1392 sed
1064 1352 1244 1392 admissis
1268 1351 1376 1403 equis
1399 1351 1446 1390 ad
1468 1365 1560 1390 suos
1582 1364 1647 1391 re-

162 1416 372 1469 fugerunt:
413 1417 539 1458 relicti
562 1418 608 1458 ab
632 1419 690 1459 his
713 1419 777 1472 qui
801 1434 877 1459 una
900 1427 1183 1473 procurrerant
1205 1420 1301 1459 leuis
1324 1426 1547 1459 armaturae
1570 1419 1646 1458 cir-

162 1484 517 1526 cumueniebantur
538 1494 653 1539 atque
675 1487 1015 1528 interficiebantur
1036 1488 1083 1528 ab
1107 1488 1271 1528 nostris.
1331 1486 1420 1526 Huc
1442 1493 1525 1527 tota
1547 1485 1647 1527 Vari

113 1551 139 1591 4
162 1566 355 1593 conuersa
378 1553 482 1594 acies
505 1569 599 1595 suos
625 1556 758 1608 fugere
782 1563 822 1596 et
843 1556 993 1596 concidi
1018 1556 1190 1596 uidebat.
1234 1554 1349 1595 Tunc
1370 1554 1535 1595 Rebilus
1551 1586 1561 1604 ,
1594 1554 1648 1595 le-

161 1627 276 1673 gatus
299 1618 513 1672 Caesaris,
541 1637 652 1675 quem
678 1621 800 1664 Curio
832 1637 964 1664 secum
989 1638 1040 1664 ex
1064 1622 1201 1664 Sicilia
1225 1624 1418 1672 duxerat,
1443 1623 1543 1676 quod
1566 1636 1648 1662 ma-

161 1702 279 1741 gnum
312 1689 457 1730 babere
490 1705 600 1730 usum
632 1691 672 1731 in
704 1706 748 1732 re
780 1692 939 1732 militari
962 1693 1137 1742 sciebat,
1164 1691 1464 1746 ‘perterritum',
1502 1690 1644 1743 inquit,

165 1756 332 1797 ‘bostem
357 1758 490 1808 uides,
525 1756 675 1799 Curio:
711 1760 798 1812 quid
833 1760 986 1800 dubitas
1016 1761 1071 1800 uti
1095 1760 1281 1814 temporis
1305 1757 1644 1812 opp01·tunitate?’

115 1822 139 1862 5
161 1821 231 1864 Ille
254 1839 371 1864 unum
395 1826 596 1875 elocutus,
632 1834 676 1867 ut
704 1829 893 1868 memoria
917 1835 1099 1868 tenerent
1120 1829 1264 1868 milites
1287 1840 1358 1876 ea,
1393 1839 1490 1879 quae
1522 1825 1645 1878 pridie

162 1893 486 1945 confirmassent,
521 1896 642 1949 sequi}
664 1909 752 1936 sese
782 1896 890 1937 iubet
922 1904 962 1936 et
982 1897 1204 1950 praecurrit
1226 1902 1316 1935 ante
1339 1907 1490 1934 omnes.
1534 1892 1647 1932 Adeo

163 1967 249 2001 erat
269 1961 455 2015 impedita
478 1963 606 2013 uallis,
632 1971 673 2003 ut
694 1964 733 2003 in
755 1977 922 2004 ascensu
945 1964 1020 2004 nisi
1042 1964 1237 2004 subleuati
1259 1977 1280 2002 a
1313 1962 1394 2003 suis
1423 1960 1538 2015 primi
1567 1974 1647 2000 non

115 2026 140 2067 6
164 2029 277 2069 facile
301 2030 561 2070 eniterentur.
607 2029 684 2072 Sed
708 2040 1018 2086 praeoccupatus
1042 2033 1193 2072 animus
1206 2031 1458 2071 Attianorum
1481 2028 1645 2067 militum

161 2096 302 2138 timore
336 2105 374 2139 et
407 2100 497 2153 fuga
540 2107 579 2140 et
609 2101 727 2141 caede
759 2115 918 2141 suornm
953 2100 1048 2140 niliil
1080 2100 1126 2140 de
1166 2099 1388 2140 resistendo
1421 2095 1643 2150 cogitabat,

305 2272 325 2302 2
345 2272 509 2304 concione
530 2273 596 2314 (a).
738 2273 755 2305 3
776 2283 815 2305 ne
836 2274 912 2305 cubi
932 2273 1026 2310 abe,
1047 2282 1158 2303 neuu.
1302 2269 1501 2301 dubiteutb.

163 2320 181 2351 4
201 2325 234 2351 et
254 2321 429 2354 uoluntate
449 2334 469 2354 a
492 2324 586 2355 (ΠΜ-ς.
608 2326 642 2354 et
660 2322 736 2355 edd.
758 2323 869 2365 qdd.',
890 2324 1067 2355 uoluntate
1087 2333 1120 2353 ιι.
1293 2322 1310 2352 5
1330 2330 1458 2352 summo
1478 2319 1645 2350 Hotoma-

163 2382 240 2411 ηας,
263 2383 323 2404 sno
343 2374 443 2405 codd.
631 2376 649 2407 6
670 2381 874 2418 posteroque
894 2386 915 2407 a
934 2377 952 2408 3
972 2375 1072 2415 dele„
1096 2379 1232 2416 postero
1253 2384 1286 2404 u.
1460 2372 1477 2404 7
1499 2382 1559 2403 nec
1578 2382 1598 2402 a
1612 2372 1642 2403 b.

306 2426 323 2455 S)
343 2425 461 2456 militis
480 2427 530 2456 ab
544 2437 572 2457 c.
719 2426 755 2458 ll
777 2431 830 2458 est
848 2436 916 2457 om.
937 2436 983 2458 m.
1004 2435 1059 2467 pr.
1081 2426 1111 2456 b.
1278 2433 1399 2464 magna
1420 2423 1643 2461 Ci'aeconi'its,

163 2484 282 2515 niagno
302 2476 401 2507 codd.
423 2476 506 2509 l'z‘d.
527 2488 555 2509 e.
578 2477 634 2517 27,
655 2479 687 2509 4.
828 2483 864 2510 at
881 2478 1091 2517 Vossianus,
1114 2481 1172 2508 aut
1190 2476 1334 2517 reliqui.
1499 2485 1646 2506 ascensu

165 2524 227 2566 (tl)-
397 2527 435 2559 12
455 2528 663 2569 expectabat
679 2539 712 2560 α.
882 2529 919 2560 lli
940 2533 1135 2559 armaturae
1154 2527 1280 2568 Aldus,
1302 2531 1477 2558 armatura
1494 2531 1528 2557 et
1546 2526 1646 2558 codd.

306 2578 501 2609 interiectio
519 2589 539 2609 α
556 2579 573 2609 Ι)
587 2590 616 2610 c.
790 2580 828 2611 15
849 2580 1061 2611 dimitterent
1079 2578 1180 2610 codd.
1359 2577 1566 2609 cernebatur
1585 2578 1602 2608 b
1615 2587 1645 2608 c.

310 2629 347 2661 lo
369 2629 517 2660 cohortis
536 2640 556 2660 a
571 2630 603 2661 b.
799 2630 836 2663 17
859 2630 1018 2661 admissis
1038 2630 1058 2663 2
1076 2629 1178 2669 dett„
1201 2629 1335 2660 amissis
1355 2629 1501 2670 reliqui.

168 2681 205 2713 18
225 2686 394 2712 armatura
413 2691 433 2712 α
449 2681 480 2712 b.
621 2682 663 2715 20
684 2686 763 2712 tune
782 2692 802 2712 α
817 2682 846 2722 b,
870 2686 937 2713 tuin
957 2681 1072 2713 Aldus
1091 2691 1125 2712 ιι.
1267 2681 1308 2712 ‘23
1328 2681 1448 2712 uidens
1467 2690 1502 2711 α.

165 2733 397 2773 oportunitate
417 2743 449 2764 α.
632 2733 675 2766 21
694 2733 802 2775 pridie
820 2743 864 2772 α,·
882 2732 990 2774 pridie
1010 2732 1074 2763 sibi
1095 2732 1187 2771 edd„
1208 2732 1270 2763 sed
1288 2732 1351 2763 sibi
1372 2732 1480 2773 pridie
1499 2730 1646 2773 Stepha-

165 2794 244 2815 nus.
384 2784 427 2815 25
445 2794 481 2815 se
500 2784 595 2815 iubet
615 2786 710 2814 ὅ1033.
728 2783 912 2825 pleri'qite'.
1055 2782 1139 2814 adeo
1161 2784 1189 2823 b,
1214 2783 1365 2824 adeoque
1383 2793 1404 2814 α
1423 2782 1501 2814 edd.

164 2836 207 2868 26
227 2846 371 2868 ascensu
391 2836 456 2878 (a).
597 2835 638 2867 ab
657 2835 728 2867 suis
749 2836 778 2867 b.
929 2835 972 2869 28
991 2834 1109 2868 timore
1128 2834 1253 2876 Aldus,
1276 2840 1425 2878 tempore
1443 2844 1464 2865 α
1485 2834 1580 2865 ‘'tiss.
1600 2831 1644 2865 (ι’.

1679 883 1719 916 10

1681 1223 1719 1255 15

1678 1561 1721 1595 20
