1835 3240
87 916 126 949 10

82 1257 121 1288 15

74 1595 117 1628 20

73 1935 115 1969 25

746 180 1061 226 EPISTOLAE
1637 182 1717 224 771

165 309 204 342 et
224 300 378 354 saepius
400 298 493 339 mihi
516 299 690 338 facturus
714 297 873 337 uideor:
899 297 954 337 ita
975 296 1021 336 ‹le
1043 308 1104 336 me
1126 294 1307 335 mereris.
1342 292 1539 350 Imprimis
1561 309 1584 335 a
1606 302 1644 336 te

163 376 252 422 peto
270 399 280 418 ‚
305 367 488 420 quoniam
512 367 662 407 confido
685 379 746 405 me
768 365 953 406 celeriter
973 365 1020 404 ad
1042 363 1177 404 urbem
1200 369 1407 403 uenturum
1426 391 1434 409 ,
1472 369 1512 402 ut
1533 370 1572 403 te
1593 362 1645 403 ibi

163 435 338 485 uideam,
364 444 404 476 ut
427 443 492 475 tuo
516 433 680 475 consilio
698 464 708 483 ‚
733 432 884 487 gratia,
910 432 1122 485 dignitate,
1148 444 1219 484 ope
1241 429 1413 470 omnium
1435 443 1566 469 rerum
1588 431 1645 470 uti

162 504 324 556 possim.
367 504 429 544 Ad
462 501 698 556 propositum
731 507 937 540 reuertar:
973 498 1216 540 festinationi
1244 510 1355 538 meae
1384 497 1644 550 breuitatique

165 572 382 612 litterarum
404 571 603 624 ignosces.
638 568 806 621 Reliqua
828 582 881 608 ex
902 566 1052 608 Furnio
1076 565 1320 620 cognosces'.

273 639 384 679 Idem
408 638 509 678 ibid.
538 636 613 686 15,
642 635 685 675 l:
720 634 791 676 llle
808 667 818 685 ,
843 642 883 675 ut
906 637 952 675 ad
975 650 1035 676 me
1058 634 1242 689 scripsit,
1268 632 1446 686 legiones
1469 632 1643 685 singulas

162 708 292 761 posuit
312 705 530 755 Brundisii,
556 704 740 753 Tarenti,
767 702 936 757 Siponti.

269 774 383 815 Idem
404 774 502 815 ibid.
531 772 605 823 16,
635 773 680 813 l:
726 770 896 813 ‘Caesar
924 771 1015 824 imp.
1043 769 1228 811 Ciceroni
1260 771 1352 824 imp.
1378 783 1411 809 s.
1436 768 1473 808 d.
1514 766 1643 808 Recte

160 842 368 896 auguraris
402 842 448 882 de
478 856 538 882 me
560 842 679 893 (bene
713 841 813 881 enim
837 840 905 880 tibi
928 839 1108 893 cognitus
1131 842 1235 892 sum)
1260 838 1356 878 nihil
1377 851 1398 878 a
1421 850 1482 876 me
1504 835 1643 876 abesse

158 910 312 964 longius
345 909 592 950 crudelitate.
636 909 768 963 Atque
791 923 863 962 ego
887 922 973 948 cum
997 921 1049 947 ex
1070 907 1152 960 ipsa
1175 920 1218 946 re
1239 920 1419 960 magnam
1442 904 1552 958 capio
1574 916 1644 943 uo-

157 978 340 1031 luptatem
356 1009 366 1028 ,
399 986 477 1018 tum
502 993 627 1018 meum
652 979 796 1017 factum
819 976 976 1030 probari
998 975 1067 1014 abs
1091 982 1128 1013 te
1151 974 1346 1027 triumpho
1368 973 1526 1025 gaudio.
1560 969 1643 1011 Ne-

156 1060 230 1098 que
252 1046 346 1086 illud
368 1059 430 1085 me
452 1051 598 1093 mouet,
624 1045 723 1097 quod
745 1045 786 1094 ii,
813 1044 878 1097 qui
900 1058 922 1083 a
944 1056 1005 1083 me
1028 1041 1178 1081 dimissi
1200 1048 1307 1091 sunt,
1334 1040 1566 1080 discessisse
1589 1038 1645 1078 di—

156 1121 320 1164 cuntur,
346 1121 389 1153 ut
409 1113 502 1152 mihi
524 1126 662 1152 rursus
685 1112 824 1152 bellum
849 1111 1067 1151 inl'crrent:
1101 1109 1196 1149 nihil
1218 1109 1320 1149 enim
1344 1108 1444 1148 malo
1467 1122 1580 1160 quam
1604 1114 1643 1146 et

154 1196 216 1222 me
238 1182 311 1222 mei
335 1182 500 1221 similem
523 1194 611 1221 esse
634 1187 672 1220 et
693 1180 782 1220 illos
806 1180 882 1220 sui.
921 1179 984 1219 Tu
1008 1178 1121 1219 uelim
1146 1176 1237 1216 mihi
1261 1177 1307 1216 ad
1332 1176 1464 1216 urbem
1484 1181 1641 1228 praesto

153 1249 206 1289 sis
223 1279 232 1297 ,
268 1257 310 1289 ut
331 1251 407 1290 tuis
431 1249 605 1289 consiliis
629 1255 744 1300 atque
768 1247 903 1301 opibus
919 1278 929 1297 ,
961 1253 1002 1287 ut
1023 1245 1211 1286 consueui
1227 1275 1236 1293 ,
1262 1245 1302 1284 in
1324 1243 1503 1283 omnibus
1525 1242 1641 1282 rebus

154 1324 255 1357 utar.
289 1316 498 1358 Dolabella
521 1324 586 1356 tuo
610 1317 704 1356 nihil
726 1316 824 1356 scito
848 1315 941 1355 mihi
960 1328 1048 1355 esse
1069 1313 1292 1353 iucundius.
1318 1310 1432 1352 Hanc
1455 1311 1553 1351 adeo
1576 1311 1645 1350 ha·

152 1385 253 1425 bebo
274 1386 441 1439 gratiam
464 1385 544 1435 illi;
571 1398 699 1437 neque
721 1384 824 1423 enim
847 1384 962 1423 aliter
983 1384 1114 1422 facere
1136 1380 1304 1435 poterit:
1332 1386 1440 1419 tanta
1463 1378 1547 1420 eius
1570 1378 1641 1418 hu-

151 1453 336 1504 manitas,
361 1454 394 1493 is
419 1467 574 1501 sensus,
601 1467 646 1493 ea
669 1453 708 1492 in
731 1466 792 1492 me
815 1459 875 1491 est
896 1448 1203 1491 beneuolentia'.

262 1521 376 1562 Idem
394 1522 493 1562 ibid.
513 1522 573 1570 Χ,
590 1519 614 1560 3
628 1535 669 1570 a,
683 1520 735 1561 2:
771 1516 924 1560 Caesar
946 1519 1037 1559 mihi
1058 1517 1232 1571 ignoscit
1253 1530 1322 1571 per
1343 1516 1514 1564 litteras,
1539 1514 1641 1567 quod

150 1602 227 1628 non
250 1589 440 1639 uenerim,
468 1602 635 1642 seseque
656 1589 696 1628 in
720 1588 904 1642 optimam
926 1593 1077 1641 partem
1099 1586 1137 1626 id
1157 1585 1338 1639 accipere
1361 1583 1469 1623 dicit.
1504 1580 1638 1622 Facile

149 1658 301 1711 patior,
327 1657 429 1710 quod
450 1657 589 1697 scribit
609 1670 743 1696 secum
768 1655 926 1695 Tullum
950 1662 989 1696 et
1011 1654 1194 1696 Seruium
1218 1659 1379 1706 questos
1402 1664 1516 1702 esse,
1549 1650 1640 1704 quia

149 1739 228 1764 non
249 1724 350 1765 idem
373 1725 447 1765 sibi
471 1725 568 1778 quod
593 1725 685 1764 mihi
707 1724 942 1764 remisisset.
981 1720 1059 1763 Sed
1082 1729 1212 1762 tamen
1233 1720 1454 1774 exemplum
1478 1718 1565 1758 misi
1589 1718 1638 1758 ad

150 1800 186 1833 te
210 1790 397 1833 Caesaris
421 1793 660 1833 litterarum.

259 1861 371 1901 Idem
394 1861 482 1901 ibid
502 1860 601 1902 SB:
639 1859 808 1901 ‘Caesar
828 1860 921 1913 imp.
939 1856 1125 1899 Ciceroni
1148 1858 1239 1911 imp.
1255 1871 1287 1896 s.
1307 1856 1343 1895 d.
1371 1854 1460 1895 Etsi
1483 1861 1521 1895 te
1543 1855 1639 1895 nihil

148 1935 311 1977 temere,
328 1929 424 1968 nihil
446 1929 714 1981 imprudenter
736 1929 929 1968 facturum
954 1927 1184 1973 iudicaram,
1202 1932 1330 1965 tamen
1351 1930 1550 1978 permotus
1569 1923 1637 1964 ho-

148 1996 292 2036 minum
316 1997 415 2036 fama
439 1996 687 2036 scribendum
711 1996 758 2036 ad
782 2003 816 2035 te
840 1995 1065 2035 existimaui
1089 2000 1127 2033 et
1149 2007 1218 2046 pro
1242 1999 1375 2032 nostra
1396 1991 1635 2032 beneuolen-

146 2065 199 2105 tia
222 2065 447 2118 petendum,
473 2077 521 2104 ne
544 2078 617 2117 quo
642 2063 935 2116 progredereris
960 2061 1176 2115 proclinata
1198 2060 1273 2099 iam
1298 2073 1355 2109 re,
1382 2073 1455 2112 quo
1478 2059 1634 2114 integra

289 2203 453 2244 5re1iqua
464 2221 508 2225 -—
521 2212 707 2243 cognosces
718 2203 849 2233 omissa
864 2201 898 2231 [n
913 2199 1065 2231 ‚Ucdc'ceo
1080 2200 1115 2229 ἰη
1130 2208 1245 2239 marg.
1258 2197 1487 2239 supplentur.

144 2255 163 2287 6
182 2256 222 2287 ad
243 2266 293 2288 me
313 2261 351 2287 ut
368 2259 451 2287 ante
470 2266 563 2287 corr.
585 2255 776 2287 Mediccus.
921 2254 937 2285 7
960 2250 1104 2294 Siponti]
1127 2251 1155 2282 si
1174 2255 1287 2292 putem
1306 2253 1389 2282 ante
1409 2260 1500 2282 corr.
1522 2249 1632 2282 Mede·-

145 2317 237 2338 ceus.
378 2307 700 2338 8Praemittu¹ntnr
717 2306 801 2337 haec
819 2315 839 2336 a
861 2305 1030 2336 Cicerone
1044 2316 1053 2334 .·
1073 2303 1160 2345 A.{d.
1182 2313 1214 2333 Vl
1234 2300 1311 2333 Kal.
1333 2301 1483 2344 [April]
1504 2301 1633 2334 Caesa-

143 2368 213 2390 rem
233 2358 419 2391 Sinuessae
437 2368 633 2389 mansurum
654 2356 868 2388 nuntiabant.
897 2356 945 2386 Ab
966 2366 1002 2386 eo
1023 2354 1102 2385 mihi
1121 2354 1257 2385 litterae
1277 2353 1432 2385 redditae
1453 2359 1532 2385 sunt
1551 2364 1580 2385 a.
1596 2354 1628 2385 d.

142 2408 376 2450 v11Ha1end.‚
399 2410 520 2451 quibus
540 2410 605 2440 iam
625 2418 704 2450 opes
723 2417 816 2438 meas
831 2432 839 2447 ,
867 2417 931 2437 non
949 2410 985 2436 ut
1004 2404 1238 2447 superioribus
1259 2404 1385 2435 litteris
1406 2404 1462 2446 [μ.
1478 2405 1555 2445 770,
1570 2403 1627 2446 30]

143 2471 238 2502 opem
258 2466 426 2503 expectat.
461 2460 543 2492 Cum
562 2460 636 2491 eius
657 2458 872 2491 elementiam
893 2457 1139 2489 Corfiniensem
1159 2456 1251 2486 illan}
1271 2466 1330 2497 per
1350 2456 1485 2486 litteras
1505 2455 1632 2486 collau-

146 2512 326 2553 dauissem‚
348 2513 527 2554 rescripsit
545 2512 608 2543 hoc
626 2510 792 2553 exemplo.
935 2510 953 2541 9
967 2508 1167 2549 auguraturi
1186 2517 1346 2549 suprasc.
1368 2508 1415 2539 ris
1434 2507 1627 2539 Mediceas.

291 2564 324 2595 ll
341 2564 464 2603 gaudio
481 2563 728 2602 Ct·asell2'nus;
750 2561 882 2602 gaudeo
903 2571 949 2591 m.
967 2570 1023 2599 pr.
1043 2559 1236 2598 Medicens,
1257 2563 1290 2589 et
1308 2559 1439 2598 gaudeo
1459 2559 1537 2590 edd.
1554 2562 1630 2600 pri-

142 2624 219 2645 mae
239 2617 272 2644 ct
291 2623 382 2645 corr.
402 2614 593 2645 Medieeus.
780 2613 818 2644 12
838 2611 923 2653 quod
944 2610 990 2641 dii
1010 2611 1064 2652 qui
1084 2610 1124 2641 ad
1145 2620 1196 2641 ine
1216 2612 1301 2641 ante
1319 2619 1413 2641 corr.
1433 2610 1625 2641 Mcdc'ceus.

286 2665 326 2698 21
342 2663 479 2705 Tuliuill
496 2664 688 2696 Mediceas.
830 2663 873 2695 24
885 2662 984 2693 Hanc
1000 2661 1189 2704 epistolam
1206 2671 1280 2692 csse
1293 2664 1397 2701 pato,
1419 2660 1460 2692 dc
1478 2670 1548 2701 qna
1570 2660 1627 2692 Ci-

141 2727 220 2749 cero
239 2716 285 2748 ad
301 2716 403 2748 Fam.
423 2715 517 2756 XIV,
532 2716 552 2747 8
574 2715 763 2747 Terentiae
780 2714 927 2745 scs-ibit.-
949 2712 1045 2754 Quod
1065 2713 1226 2744 celeriter
1243 2722 1294 2743 me
1315 2711 1427 2744 fecisti
1447 2711 1487 2741 de
1502 2710 1628 2742 Caesa-

142 2772 188 2802 ris
208 2770 334 2802 litteris
353 2768 547 2809 certiorem,
574 2767 689 2800 fecisti
708 2768 787 2799 mihi
807 2771 952 2808 gratum.
983 2765 1075 2797 Haec
1093 2767 1186 2796 enim
1204 2766 1348 2805 scripsic
1369 2773 1403 2794 a.
1424 2762 1458 2794 d.
1480 2773 1513 2794 ιν
1530 2762 1624 2795 Non.

141 2826 242 2863 Iun.‚·
262 2834 295 2855 νι
313 2822 436 2855 Nonas
454 2823 573 2852 autem
590 2820 820 2859 Philotimus,
847 2818 1032 2850 Terentiae
1051 2818 1214 2856 libertas,
1240 2816 1322 2847 illas
1344 2814 1511 2846 Caesaris
1531 2815 1627 2847 litte-

139 2886 200 2908 ras
217 2875 406 2908 attulerat.
546 2871 589 2906 27
609 2882 672 2913 quo
691 2872 822 2911 integra
841 2870 1041 2911 Erncslz'us,
1063 2879 1128 2911 qua
1147 2869 1280 2907 integra
1299 2865 1401 2898 codd.

1340 2920 1425 2961 49*
