1835 3240
87 172 171 216 662
612 172 783 215 BELLI
804 171 1209 215 ALEXANDRINI

163 286 352 340 multique
380 286 559 328 intercisi
589 286 754 327 uallibus
787 286 933 336 colles3
968 300 1130 340 quorum
1163 287 1401 328 editissimus
1422 301 1548 339 unus,
1581 287 1646 342 qui

163 360 323 408 propter
351 354 557 395 uictoriam
579 352 823 394 Mithridatis
846 361 886 394 et
905 354 1172 395 infelicitatem
1195 353 1332 395 Triari
1353 356 1646 397 detrimentum-

163 436 239 476 que
260 423 462 463 exercitus
484 422 611 462 nostri
633 421 902 475 superioribus
924 421 1022 462 locis
1044 429 1159 475 atque
1181 420 1386 462 itineribus
1407 437 1531 476 paene
1553 438 1645 464 con-

163 489 320 531 iunctus
361 489 499 543 oppido
539 501 721 541 magnam
751 488 792 529 in
830 489 907 529 illis
949 489 1124 544 partibus
1156 489 1272 530 habet
1301 488 1543 531 nobilitatem
1571 505 1646 532 nec

116 556 142 598 3
162 557 285 598 multo
314 558 467 612 longius
497 556 652 596 milibus
682 570 865 611 passuum
898 565 943 597 111
973 558 1086 599 abest
1115 557 1162 598 ab
1194 555 1307 597 Zela.
1368 555 1485 597 Hunc
1515 559 1643 599 locum

162 623 389 666 Pharnaces
411 624 612 665 ueteribus
634 632 887 678 paternorum
911 626 1080 666 felicium
1104 632 1322 666 castrorum
1343 625 1504 666 refectis
1521 627 1649 679 operi-

87 691 143 738 ’73
160 693 233 734 bus
256 693 377 747 copiis
399 692 480 733 suis
502 692 681 734 omnibus
703 693 927 747 occupauit.
961 691 1115 734 Caesar
1137 707 1222 735 cum
1244 693 1291 734 ab
1307 693 1420 733 hoste
1437 693 1542 733 milia
1558 707 1647 747 pas-

165 774 276 801 suum
297 766 327 800 V
348 768 477 802 castra
499 762 698 816 posuisset
717 761 946 815 uideretque
967 775 1035 802 eas
1056 761 1178 802 ualles
1193 791 1204 810 ‚
1229 760 1365 815 quibus
1386 761 1498 814 regia
1520 767 1650 802 castra

162 829 422 881 munirentur,
441 830 576 870 eodem
599 830 807 871 interuallo
828 844 899 870 sua
921 837 1049 870 castra
1066 829 1300 879 munituras,
1319 829 1350 869 si
1367 829 1481 869 modo
1498 843 1545 870 ea
1564 829 1649 870 loca

164 895 297 937 hostes
337 898 491 952 priores
523 912 603 939 non
634 898 858 953 cepissent,
902 911 1001 952 quae
1030 898 1152 938 multo
1183 902 1299 936 erant
1329 897 1514 951 propiora
1543 897 1650 950 regis

114 962 144 1004 2
164 964 321 1016 castris,
341 979 528 1020 aggerem
551 966 788 1021 comportari
809 966 919 1007 iubet
938 966 1043 1006 intra
1066 964 1320 1005 munitiones.
1356 962 1445 1016 Quo
1468 964 1652 1006 celeriter

164 1032 307 1073 collato
338 1035 520 1088 proxima
550 1041 668 1075 nocte
690 1033 824 1088 uigilia
848 1041 987 1087 quarta
1008 1032 1230 1087 legionibus
1252 1032 1432 1072 omnibus
1454 1032 1650 1086 expeditis

163 1099 528 1156 impedimentisque
558 1103 599 1144 in
630 1102 771 1143 castris
802 1102 951 1142 relictis
982 1101 1106 1155 prima
1136 1100 1223 1141 luce
1251 1113 1377 1153 neque
1399 1099 1651 1154 opinantibus

163 1167 340 1210 hostibus
373 1184 458 1211 eum
491 1171 617 1225 ipsum
647 1171 773 1211 locum
808 1169 933 1224 cepit,
973 1169 1015 1209 in
1047 1182 1124 1222 quo
1154 1166 1407 1208 Mithridates
1438 1168 1650 1208 secundum

117 1233 143 1275 3
164 1237 355 1290 proelium
387 1239 582 1278 aduersus
612 1236 814 1278 Triarium
847 1238 1012 1277 fecerat.
1064 1234 1154 1275 Huc
1184 1248 1337 1275 omnem
1369 1242 1650 1289 comportatum

163 1318 346 1357 aggerem
370 1319 422 1346 ex
445 1305 588 1345 castris
610 1304 775 1345 seruitia
797 1311 963 1358 agerent
983 1303 1124 1354 iussit,
1150 1317 1200 1344 ne
1223 1304 1308 1357 quis
1330 1304 1376 1344 ab
1400 1316 1518 1357 opere
1538 1303 1652 1344 miles

164 1371 411 1423 discederet,
437 1387 524 1414 cum
546 1373 672 1427 spatio
695 1387 774 1413 non
795 1372 960 1427 amplius
983 1385 1169 1426 passuum
1191 1372 1296 1413 mille
1317 1371 1504 1413 intercisa
1526 1370 1651 1411 ualles

165 1447 300 1480 castra
339 1441 509 1482 hostium
550 1442 743 1482 diuideret
773 1441 820 1481 ab
851 1454 971 1495 opere
1001 1440 1159 1494 incepto
1193 1438 1381 1481 Caesaris
1413 1446 1649 1480 castrorum.

89 1506 146 1552 74
165 1506 411 1560 Pharnaces,
427 1524 514 1550 cum
535 1510 573 1551 id
595 1516 758 1564 repente
780 1509 905 1564 prima
925 1509 1013 1550 luce
1034 1508 1394 1559 animaduertisset,
1410 1508 1542 1562 copias
1560 1521 1652 1548 suas

167 1590 303 1618 omnes
335 1592 404 1633 pro
433 1579 575 1619 castris
607 1578 814 1619 instruxit.
860 1575 969 1630 Quas
1000 1576 1232 1631 interposita
1252 1583 1361 1616 tanta
1383 1576 1559 1617 locorum
1579 1576 1655 1616 ini-

167 1645 315 1700 quitate
357 1647 638 1687 consuetudine
677 1646 802 1701 magis
842 1644 1073 1699 peruulgata
1102 1644 1263 1686 militari
1295 1644 1480 1685 credebat
1508 1643 1653 1685 instrui

166 1712 320 1756 Caesar
339 1716 403 1756 uel
425 1715 472 1755 ad
494 1728 589 1769 opus
611 1728 724 1755 suum
745 1713 994 1764 tardandum,
1023 1727 1098 1767 quo
1121 1714 1252 1768 plures
1273 1713 1311 1753 in
1334 1712 1452 1753 armis
1471 1719 1654 1753 teneren-

166 1790 246 1833 tur,
262 1782 327 1823 uel
349 1784 396 1823 ad
419 1783 722 1823 ostentationem
746 1781 879 1834 regiae
901 1781 1081 1831 fiduciae,
1101 1794 1148 1821 ne
1166 1781 1383 1821 munitione
1399 1780 1523 1834 magis
1539 1792 1653 1832 quam

118 1851 147 1893 2
167 1865 284 1892 manu
307 1851 515 1891 defendere
537 1851 664 1891 locum
682 1848 910 1891 Pharnaces
932 1848 1149 1889 uideretur.
1182 1846 1319 1902 Itaque
1342 1848 1554 1888 deterritus
1576 1861 1655 1887 non

169 1926 251 1967 est,
285 1933 358 1972 quo
381 1918 508 1958 minus
531 1918 655 1972 prima
678 1918 762 1958 acie
785 1931 855 1971 pro
876 1917 981 1957 uallo
1003 1917 1194 1957 instructa
1218 1917 1369 1970 reliqua
1390 1929 1480 1970 pars
1504 1914 1658 1956 exerci-

121 1987 146 2028 3
169 1994 233 2028 tus
267 2001 364 2041 opus
396 1988 560 2027 faceret.
603 1986 659 2026 At
680 1984 909 2027 Pharnaces
939 1985 1116 2038 inpulsus
1148 1984 1233 2025 siue
1265 1985 1338 2025 loci
1361 1984 1548 2025 felicitate
1570 1982 1656 2023 siue

169 2055 355 2109 auspiciis
377 2061 416 2094 et
436 2053 693 2108 religionibus
714 2054 913 2104 inductus,
935 2053 1072 2106 quibus
1095 2052 1389 2108 obtemperasse
1411 2066 1498 2093 eum
1521 2057 1657 2105 postea

170 2123 425 2164 audiebamus
441 2153 451 2173 ,
485 2122 570 2163 siue
591 2122 790 2177 paucitate
812 2128 1065 2172 nostrorum,
1099 2121 1162 2175 qui
1184 2122 1225 2162 in
1247 2121 1366 2162 armis
1389 2128 1525 2170 erant,
1551 2133 1657 2160 com-

169 2199 297 2247 perta,
327 2206 414 2232 cum
435 2204 545 2231 more
567 2191 698 2245 operis
721 2190 907 2231 cotidiani
929 2203 1109 2244 magnam
1131 2189 1236 2230 illam
1259 2202 1461 2230 seruorum
1483 2187 1658 2228 multitu-

1675 563 1698 598 υἱ.

1683 903 1725 937 10

1685 1242 1725 1276 15

1684 1581 1728 1617 20

1687 1920 1730 1953 25

170 2260 316 2310 dinem,
341 2273 439 2313 quae
461 2272 645 2313 aggerem
668 2258 863 2314 portabat,
878 2257 1042 2298 militum
1065 2270 1156 2298 esse
1173 2257 1422 2307 credidisset,
1437 2256 1523 2296 siue
1543 2255 1661 2295 etiam
1690 2259 1733 2294 30

169 2328 312 2369 fiducia
333 2327 512 2368 ueterani
535 2327 736 2367 exercitus
758 2327 835 2378 sui,
865 2340 979 2380 quem
1000 2333 1099 2366 XXII
1121 2326 1161 2366 in
1184 2325 1267 2366 acie
1289 2324 1518 2365 conflixisse
1540 2330 1579 2362 et
1600 2321 1658 2362 ui-

171 2396 272 2437 cisse
304 2395 425 2449 legati
457 2395 539 2435 eius
569 2395 864 2448 gloriabantur,
899 2394 1013 2435 simul
1043 2401 1268 2448 contemptu
1289 2391 1491 2433 exercitus
1515 2389 1656 2437 nostri,

173 2476 287 2517 quem
319 2463 470 2517 pulsum
503 2477 525 2504 a
556 2477 599 2504 se
621 2462 795 2505 Domitio
818 2463 914 2504 duce
935 2462 1109 2510 sciebat,
1142 2462 1240 2503 inito
1263 2459 1427 2502 consilio
1450 2457 1660 2499 dimicandi

313 2578 335 2612 2
353 2577 468 2610 Triari
488 2589 508 2610 α
527 2579 558 2610 b.
759 2580 776 2611 5
795 2578 867 2610 mil.
887 2574 982 2621 pas‘s.
1002 2588 1037 2609 (ι.
1236 2575 1254 2608 7
1270 2575 1343 2607 mil.
1364 2573 1458 2617 pas's.
1479 2584 1513 2605 (ι.

171 2632 190 2665 9
211 2631 329 2664 eodem
347 2631 380 2662 in
399 2631 492 2662 uallo
512 2631 543 2662 b.
750 2631 790 2663 10
810 2641 873 2662 non
893 2640 962 2662 om.
982 2640 1003 2661 a
1023 2629 1119 2660 ‘msam
1139 2627 1183 2660 3⁷.
1387 2630 1463 2658 erat
1481 2635 1515 2656 a.

172 2684 216 2717 14
231 2682 427 2716 Mitridates
445 2692 479 2714 α.
645 2683 684 2715 15
703 2682 792 2714 hunc
812 2683 844 2714 b.
1010 2680 1050 2713 16
1070 2690 1111 2711 ex
1129 2689 1149 2711 α
1170 2679 1201 2720 b,
1223 2689 1239 2710 e
1259 2688 1294 2710 u.
1460 2678 1604 2717 agerent
1620 2683 1654 2714 α,

172 2739 360 2776 agerentur
379 2734 396 2766 b
416 2744 434 2765 c
451 2732 527 2766 cod.
549 2731 631 2765 Vrs.
815 2731 856 2765 17
874 2741 1035 2775 passuum
1053 2730 1146 2762 mille
1166 2740 1253 2773 ego5
1273 2739 1367 2772 pass.
1389 2739 1426 2760 111
1446 2728 1475 2769 b,
1497 2735 1657 2770 passuum

171 2796 193 2818 a
212 2797 251 2827 e,·
270 2786 362 2818 mille
382 2794 542 2829 passuum
561 2795 595 2817 u.
737 2784 849 2816 ualles
869 2793 889 2814 α
910 2783 939 2823 b,
961 2782 1065 2814 uallis
1083 2793 1118 2814 u.
1262 2782 1304 2815 18
1325 2782 1458 2814 incerto
1477 2790 1511 2812 α.

171 2836 214 2872 26
233 2836 388 2879 inpulsus
407 2847 440 2869 α.
593 2836 632 2870 31
652 2836 810 2869 ueterani
828 2834 1044 2877 Stephanus,
1066 2838 1235 2867 ueterana
1253 2832 1353 2867 codd.
1509 2840 1583 2864 xxu
1600 2839 1621 2862 a
1641 2829 1658 2860 b

172 2898 200 2929 c,
222 2897 295 2920 cuni
313 2888 448 2929 legione
466 2898 538 2921 xxii
556 2898 591 2920 u.
733 2886 774 2920 33
793 2896 812 2919 a
830 2896 867 2920 se
887 2895 956 2918 om.
979 2885 1009 2918 b.
