1835 3240
732 183 955 225 —8‘2

187 298 468 338 incendissent.
522 295 579 336 Ibi
613 298 649 350 ᾗ.
675 296 701 336 6
732 297 827 337 haee
865 297 904 336 in
933 298 1044 338 codd.
1071 297 1281 350 leguntur:
1318 295 1499 337 ‘Paulum
1522 298 1674 351 quidem

186 366 411 406 intermissa
434 366 584 405 flamma
606 371 645 404 et
667 365 831 417 quodam
855 366 940 404 loco
965 365 1061 404 turri
1084 366 1223 405 adacta
1245 372 1284 405 et
1306 365 1559 419 contingente
1592 367 1675 406 ual-

189 435 267 475 lum
291 434 432 474 tertiae
456 433 630 473 cohortis
653 434 908 472 centuriones
931 446 981 471 ex
1005 447 1066 481 eo,
1094 447 1167 484 quo
1191 433 1362 482 stabant,
1389 433 1476 472 loco
1498 447 1675 474 recesse-

186 511 274 541 runt
302 514 471 554 suosque
507 514 642 540 omnes
674 506 926 540 remonerunt
943 529 953 547 a
994 505 1090 538 nutu
1112 499 1352 551 uocibusque
1375 500 1533 549 hostes,
1560 502 1592 541 si
1615 502 1673 541 in-

186 570 309 609 troire
342 569 512 617 uellent,
545 581 688 607 uocare
720 573 951 620 coeperunt.
1009 564 1187 617 Quorum
1229 566 1412 619 progredi
1454 581 1571 608 ausus
1614 576 1671 608 est

187 651 316 677 nemo.
363 635 466 674 Tum
497 648 549 674 ex
571 635 676 674 omni
699 641 809 687 parte
831 633 1020 686 lapidibus
1043 632 1231 672 coniectis
1254 632 1447 672 deturbati
1476 635 1671 688 turrisque

186 717 378 744 succensa
407 702 495 742 est'.
551 700 630 741 Sed
662 700 866 740 Romanos
897 701 1152 740 succendisse
1174 700 1314 740 turrim
1337 700 1505 740 hostium
1527 715 1672 754 nequa—

186 786 301 824 quam
324 769 429 810 credi
452 775 593 822 potest.
628 767 733 808 Nam
757 782 843 807 eum
866 768 974 808 uenti
996 768 1159 808 maximi
1181 769 1468 822 opportunitate
1489 769 1549 809 usi
1568 768 1672 809 Galli

185 845 267 878 tota
290 838 450 877 hiberna
471 836 753 885 incendissent,
780 835 893 885 turri,
920 849 1017 889 quae
1039 836 1183 876 uallum
1207 837 1475 889 contingebat,
1510 837 1670 877 incensa

184 912 363 959 apertum
388 910 449 943 est
470 903 575 956 ipsos
597 902 800 943 Romanos
824 904 1046 944 incendium
1069 903 1223 957 paulum
1254 903 1523 944 intermissum
1541 904 1672 944 redin-

181 979 406 1026 tegraturos
425 978 541 1023 atque
564 977 750 1011 aucturos
774 971 913 1021 fuisse,
940 985 1026 1011 cum
1048 972 1241 1011 flammam
1264 986 1317 1011 ex
1338 973 1437 1012 turri
1460 979 1496 1012 et
1516 973 1673 1026 propin-

186 1040 336 1092 quitate
359 1039 435 1079 loci
458 1045 497 1078 et
520 1039 626 1078 uenti
650 1039 917 1093 magnitudine
946 1040 986 1078 in
1010 1046 1142 1079 eastra
1171 1039 1339 1093 perferri
1363 1053 1526 1080 necesse
1549 1046 1669 1079 esset.

183 1105 333 1161 Scripsi
364 1107 485 1161 igitur
518 1106 734 1159 ‘turrisque
757 1107 909 1146 succisa
932 1107 1020 1146 est'.
1072 1106 1232 1146 Etenim
1255 1107 1448 1160 lapidibus
1481 1107 1672 1147 coniectis

183 1182 221 1215 et
242 1175 419 1215 homines
441 1174 763 1223 deturbabantur‚
789 1181 828 1213 et
849 1174 932 1227 ipsa
954 1174 1074 1214 turris
1104 1175 1391 1215 succidebatur.
1435 1173 1540 1215 Idem
1565 1189 1672 1215 men-

184 1244 272 1283 dum
293 1250 401 1283 reete
422 1243 498 1282 iam
521 1241 715 1282 sublatum
741 1248 802 1282 est
823 1241 895 1290 IV,
925 1240 989 1290 19,
1019 1241 1055 1290 l,
1081 1242 1145 1281 ubi
1168 1243 1207 1281 in
1230 1243 1386 1295 optimis
1416 1243 1672 1296 plurimisque

183 1310 294 1349 codd.
331 1310 474 1362 legitur
508 1310 703 1350 ‘omnibus
732 1310 829 1350 uicis
869 1309 1134 1363 aedificiisque
1174 1309 1347 1349 incensis
1389 1311 1672 1363 frumentisque

184 1378 416 1418 succensis'.

302 1443 351 1485 C.
376 1444 445 1493 49,
474 1444 494 1484 l
528 1444 719 1485 edebatur
752 1443 872 1484 ‘Galli
902 1458 944 1484 re
976 1444 1134 1499 cognita
1166 1458 1235 1498 per
1265 1445 1538 1498 exploratores
1568 1444 1673 1484 obsi-

183 1513 336 1552 dionem
360 1513 602 1565 relinquunt‚
628 1513 675 1552 ad
698 1509 913 1552 Caesarem
936 1513 1116 1552 omnibus
1140 1512 1261 1565 copiis
1284 1512 1540 1552 contendunt.
1585 1510 1671 1551 Eae

184 1584 298 1620 erant
335 1587 573 1620 armatorum
607 1580 769 1620 circiter
808 1580 913 1619 milia
954 1580 1191 1633 sexaginta'.
1254 1578 1402 1620 Verum
1444 1579 1484 1618 in
1517 1579 1671 1631 optimis

182 1648 388 1700 utriusque
428 1647 596 1687 familiae
635 1647 765 1695 codd.‚
810 1647 903 1686 item
945 1647 1205 1686 deterioribus
1257 1646 1486 1698 quibusdam
1528 1646 1672 1701 legitur

187 1715 404 1754 ‘amnatael
457 1713 588 1766 Atque
619 1715 656 1754 id
684 1715 835 1767 quidem
868 1714 992 1767 ipsum
1026 1715 1119 1754 ferri
1155 1728 1233 1754 non
1255 1721 1386 1768 potest
1408 1714 1671 1768 (signiticaret

183 1783 285 1823 enim
307 1782 415 1822 milia
436 1781 517 1821 LX
539 1782 735 1836 copiarum
760 1780 897 1822 Gallos
922 1781 1129 1831 babuisse,
1165 1782 1263 1834 quod
1286 1782 1460 1835 ineptum
1483 1786 1577 1835 est),
1602 1781 1672 1822 sed

182 1850 430 1890 scribendum
453 1850 641 1890 erat‘hae
663 1856 778 1889 erant
799 1855 948 1889 armata
970 1849 1128 1889 circiter
1149 1849 1253 1889 milia
1276 1850 1513 1902 sexaginta’,
1539 1863 1671 1902 que-m-

185 1918 391 1957 admodum
415 1914 567 1958 Caesar
588 1917 689 1957 dixit
711 1918 794 1957 hor.
823 1931 962 1956 comm.
995 1914 1049 1966 Il,
1073 1916 1115 1966 4,
1141 1916 1164 1955 ’5
1210 1917 1296 1957 ‘hos
1329 1931 1444 1971 posse
1476 1918 1670 1957 conficere

183 1992 331 2025 armata
355 1985 463 2024 milia
484 1985 652 2024 eentum'
676 1992 716 2024 et
737 1985 830 2024 ibid.
857 1987 892 2035 ξ.
919 1983 944 2023 8
970 1983 1159 2037 ‘polliceri
1182 1985 1286 2025 milia
1310 1992 1458 2025 armata
1481 1985 1671 2037 quinqua-

183 2052 322 2107 ginta'‚
358 2066 407 2093 ne
438 2052 548 2106 plura
577 2052 785 2092 ascribam.
842 2050 957 2092 ‘Hae'
990 2059 1119 2092 autem
1143 2060 1182 2092 et
1206 2053 1332 2093 ‘haec'
1365 2050 1669 2106 Oudendorpius

182 2119 259 2174 legi
290 2120 344 2158 ait
372 2119 412 2159 in
445 2120 556 2160 codd.
593 2120 845 2172 quibusdamx
888 2120 1008 2170 itlud‚
1044 2121 1144 2175 quod
1179 2121 1310 2174 posui,
1346 2120 1465 2160 estin
1489 2118 1581 2160 Par.
1607 2134 1666 2173 pr.

182 2186 305 2227 Voss.
341 2201 399 2240 pr.
434 2186 551 2241 Egm.
588 2186 717 2227 Haun.
753 2201 831 2240 pr.⁷
868 2186 993 2227 ‘haec'
1026 2187 1065 2226 in
1088 2186 1218 2242 Bong.
1244 2202 1302 2241 pr.
1347 2185 1426 2227 Sed
1457 2188 1504 2228 ad
1530 2186 1667 2227 ‘milia'

183 2254 424 2308 pronominis
458 2256 582 2294 sorma
613 2254 898 2294 accommodari
929 2268 1007 2293 non
1040 2262 1192 2307 potest,
1235 2270 1321 2295 cum
1362 2270 1440 2295 non
1468 2256 1669 2296 indefinite

182 2329 349 2375 ponatur
382 2322 501 2374 (quod
524 2335 609 2361 cum
632 2322 688 2373 fit,
722 2337 794 2362 nos
817 2328 996 2362 nentrum
1019 2323 1222 2375 ponimus,
1255 2322 1388 2364 Latini
1420 2322 1669 2363 attractionis

181 2390 306 2442 figura
329 2393 527 2441 utuntur),
562 2389 630 2429 sed
663 2391 709 2430 ad
741 2397 889 2430 eertum
920 2390 1151 2430 uocabulum
1181 2391 1219 2430 in
1243 2390 1510 2444 superioribus
1534 2390 1666 2429 uerbis

183 2456 349 2509 positum
364 2457 573 2510 pertineat.
599 2456 708 2497 Haec
731 2459 832 2497 enim
856 2459 1054 2498 sententia
1075 2458 1315 2511 requiritur:
1343 2457 1414 2497 hae
1427 2456 1561 2510 copiae
1573 2471 1666 2496 con—

181 2523 339 2563 stabant
371 2525 532 2565 armatis
565 2525 720 2565 milibus
751 2524 846 2565 LX.
898 2524 973 2565 Hie
1005 2526 1120 2564 etiam
1152 2525 1245 2564 illud
1276 2525 1448 2573 aceedit,
1486 2525 1601 2577 quod.
1633 2525 1667 2565 si

185 2590 310 2631 ‘llaec'
343 2592 531 2645 seriptum
561 2592 724 2642 suisset,
757 2594 859 2632 unde
884 2592 1087 2632 ‘armatae'
1109 2598 1236 2632 ortum
1260 2598 1381 2641 esset,
1415 2605 1492 2631 non
1515 2592 1667 2632 intelle-

181 2665 354 2712 geretur.

296 2724 344 2765 C.
372 2725 441 2774 58,
465 2726 491 2766 4
513 2725 725 2766 secundum
749 2726 858 2765 codd.
885 2726 938 2765 ita
961 2726 1207 2766 scribendum
1231 2733 1314 2766 est:
1344 2724 1500 2766 ‘Subito
1522 2724 1667 2765 Labie-

181 2806 255 2832 nus
278 2792 427 2832 duabus
450 2793 570 2846 portis
594 2807 749 2833 omnem
771 2793 987 2846 equitatum
1009 2793 1166 2843 emittit,
1200 2794 1388 2847 praecipit
1409 2800 1524 2846 atquc
1547 2793 1667 2841 inter-

181 2860 288 2910 dicit,
321 2860 544 2914 proterritis
567 2861 743 2901 hostibus
765 2867 881 2913 atque
901 2859 941 2899 in
962 2860 1092 2913 fugam
1114 2861 1301 2902 coniectis
1325 2861 1446 2914 (quod
1466 2862 1567 2910 fore,
1591 2860 1667 2900 sie-
