1835 3240
94 166 177 208 426
603 166 693 210 -DE
724 165 915 210 BELLO
949 166 1201 213 GALLICO

169 280 243 320 sita
267 279 308 320 in
329 279 522 322 altissimo
551 289 683 322 monte
714 282 840 321 omnis
873 282 1001 322 aditus
1032 282 1204 323 difficiles
1227 283 1418 335 habebat,
1453 284 1500 325 de
1530 298 1654 339 expu-

169 349 357 401 gnatione
380 348 628 403 desperauit‚
661 350 706 389 de
729 349 960 390 obsessione
983 364 1061 390 non
1085 351 1191 404 prius
1214 352 1406 405 agendum
1429 352 1650 402 coustituit,

120 415 148 456 2
169 430 283 469 quam
296 431 377 457 rem
401 416 696 456 frumentariam
713 417 954 470 expedisset.
981 417 1035 457 At
1048 415 1356 470 Vercingetorix
1370 421 1512 461 castris
1535 434 1653 475 prope

169 485 346 538 oppidum
370 484 506 538 positis
528 484 788 525 mediocribus
812 484 956 525 circum
980 499 1022 526 se
1044 486 1264 526 interuallis
1286 487 1497 540 separatim
1520 488 1654 541 singu·

167 553 295 593 larum
317 552 531 592 ciuitatium
555 552 686 606 copias
709 553 989 594 conlocauerat
1018 561 1135 607 atque
1157 552 1336 594 omnibus
1359 553 1442 594 eius
1464 555 1545 608 iugi
1568 556 1649 595 col-

168 620 267 660 libus
291 620 506 673 occupatis,
532 633 606 672 qua
628 620 773 673 despici
796 627 966 674 poterat,
993 622 1217 662 horribilem
1240 620 1410 675 speciem
1442 623 1651 676 praebebat

121 687 146 728 3
169 688 444 742 principesque
466 700 599 727 earum
623 688 837 728 ciuitatium
854 720 864 739 ,
899 704 994 742 quos
1029 689 1103 730 sibi
1125 690 1171 729 ad
1195 688 1400 729 consilium
1424 689 1652 743 capiendum

167 757 390 808 delegerat,
426 755 549 808 prima
579 756 668 797 luce
699 757 842 797 cotidie
874 757 921 797 ad
944 771 987 798 se
1009 758 1224 798 conuenire
1244 756 1426 806 iubebat,
1460 770 1532 798 seu
1563 758 1652 810 quid

118 822 144 864 4
167 822 548 873 communicandum,
574 837 645 864 seu
664 824 752 880 quid
766 825 1115 866 administrandum
1141 826 1357 875 uideretur,
1382 837 1509 878 neque
1531 825 1651 865 ullum

166 892 250 931 scre
274 891 375 931 diem
397 891 711 942 intermittebat,
746 894 838 946 quin
873 894 1046 947 equestri
1070 894 1218 947 proelio
1241 893 1462 933 interiectis
1485 893 1651 946 sagitta-

162 959 257 1010 riis,
292 960 383 1013 quid
413 959 454 1000 in
476 974 628 1014 quoque
651 968 757 1001 esset
777 961 895 1001 animi
919 975 964 1002 ac
985 962 1145 1002 uirtutis
1167 976 1326 1002 suorum
1343 992 1354 1012 ‚
1388 961 1645 1016 perspiceret.

117 1025 142 1067 5
166 1025 264 1068 Erat
285 1042 306 1069 e
328 1028 490 1082 regione
513 1029 643 1083 oppidi
674 1029 785 1070 collis
819 1030 891 1071 sub
923 1030 1018 1085 ipsis
1050 1030 1248 1070 radicibus
1280 1030 1450 1079 montis,
1490 1030 1651 1084 egregie

163 1096 334 1137 munitus
357 1104 475 1150 atque
497 1111 550 1138 ex
572 1097 675 1137 omni
700 1104 810 1151 parte
831 1098 1114 1148 circumcisus3
1155 1111 1268 1151 quem
1299 1097 1333 1137 si
1365 1104 1547 1138 tenerent
1578 1112 1648 1138 no-

162 1164 251 1214 stri,
276 1171 315 1205 et
336 1178 462 1218 aquae
484 1179 625 1219 magna
648 1174 759 1219 parte
782 1173 821 1207 et
841 1167 1092 1220 pabulatione
1114 1166 1238 1206 libera
1261 1165 1497 1219 prohibituri
1515 1165 1648 1205 hostes

113 1229 141 1272 6
165 1231 411 1273 uidebantur.
457 1231 537 1274 Sed
559 1234 593 1274 is
614 1234 725 1275 locus
748 1235 944 1288 praesidio
967 1234 1013 1274 ab
1038 1234 1096 1274 his
1120 1248 1197 1273 non
1220 1234 1335 1273 nimis
1358 1234 1468 1273 firmo
1492 1233 1650 1273 teneba-

112 1299 138 1340 7
162 1306 238 1340 tur.
285 1299 438 1341 Tamen
460 1301 617 1342 silentio
639 1302 768 1342 noctis
784 1300 937 1343 Caesar
955 1316 1006 1342 ex
1031 1302 1174 1342 castris
1197 1309 1397 1355 egressus,
1422 1301 1649 1354 priusquam

160 1367 335 1408 subsidio
367 1382 420 1408 ex
453 1369 592 1423 oppido
624 1369 753 1410 ueniri
774 1377 933 1423 posset,
968 1370 1120 1410 deiecto
1153 1369 1348 1423 praesidio
1380 1369 1526 1422 potitus
1563 1368 1649 1408 loco

159 1436 255 1476 duas
278 1435 331 1476 ibi
353 1436 530 1490 legiones
553 1438 779 1478 conlocauit
799 1438 1023 1491 fossamque
1047 1437 1240 1492 duplicem
1262 1437 1483 1477 duodenum
1506 1436 1645 1490 pedum

159 1518 182 1544 a
204 1503 417 1545 maioribus
440 1505 581 1545 castris
603 1506 650 1546 ad
672 1506 825 1546 minora
846 1506 1054 1560 perduxit,
1090 1514 1132 1546 ut
1163 1512 1247 1546 tuto
1279 1505 1325 1546 ab
1347 1504 1556 1560 repentino
1578 1504 1647 1544 ho-

158 1571 276 1613 stium
297 1572 460 1613 incursu
482 1574 598 1614 etiam
621 1575 764 1628 singuli
789 1588 1009 1615 commeare
1031 1580 1207 1629 possent.

82 1639 140 1685 37
273 1639 378 1681 Dum
401 1641 497 1683 haec
520 1643 568 1683 ad
591 1640 830 1698 Gergouiam
853 1650 1060 1698 geruntur,
1086 1639 1418 1682 Conuictolitauis
1441 1639 1645 1690 Haeduus,

158 1709 220 1749 cui
242 1710 514 1763 magistratum
544 1711 807 1751 adiudicatum
829 1725 850 1751 a
873 1709 1050 1752 Caesare
1081 1709 1437 1750 demonstrauimus
1453 1738 1463 1758 ‚
1497 1708 1645 1748 sollici-

159 1783 263 1818 tatus
286 1778 333 1818 ab
354 1779 552 1819 Aruernis
582 1780 749 1833 pecunia
781 1794 867 1820 cum
899 1779 1129 1832 quibusdam
1162 1776 1479 1819 adulescentibus
1511 1775 1645 1815 conlo-

158 1845 313 1898 quitur;
339 1861 502 1900 quorum
525 1855 611 1888 erat
632 1848 813 1902 princeps
827 1846 1032 1888 Litauicus
1054 1854 1171 1900 atque
1193 1846 1278 1887 eius
1300 1846 1462 1894 fratres,
1488 1844 1645 1897 amplis-

1684 902 1725 935 10

1683 1241 1722 1273 15

108 1912 136 1954 2
156 1913 255 1955 sima
278 1915 425 1956 familia
455 1916 536 1957 nati
569 1917 858 1958 adulescentes.
918 1914 1018 1957 Cum
1049 1915 1109 1957 his
1140 1914 1354 1970 praemium
1386 1912 1647 1954 communicat
1675 1919 1717 1951 25

303 2053 315 2085 1
338 2054 446 2086 omnis
465 2054 549 2086 BD.
701 2054 741 2086 de
760 2054 1010 2096 oppugnatione
1032 2054 1049 2084 b
1063 2063 1092 2084 e.
1255 2053 1275 2086 2
1294 2051 1505 2094 desperauit,
1526 2050 1566 2081 de
1586 2049 1644 2081 ob-

157 2105 312 2137 sessione
331 2116 369 2145 e‚·
388 2117 455 2138 om.
477 2107 551 2138 AB
565 2107 647 2139 CD.
834 2106 987 2138 instituit
1006 2106 1037 2136 b.
1216 2103 1235 2136 3
1254 2113 1356 2146 prope
1375 2103 1532 2144 oppidum
1551 2101 1642 2143 posi-

155 2157 199 2188 tis
219 2158 329 2190 ABG
344 2158 417 2199 Dd,
439 2169 542 2201 prope
561 2158 716 2201 oppidum
736 2158 769 2189 in
788 2162 900 2189 monte
920 2156 1041 2198 positis
1059 2166 1121 2187 en.
1323 2155 1341 2186 5
1360 2153 1551 2186 ciuitatium
1570 2153 1600 2184 Α
1615 2152 1643 2184 C

154 2209 200 2248 D,
221 2209 398 2242 ciuitatum
418 2209 494 2252 (B).
653 2209 898 2241 conlocauerat
909 2208 952 2240 B.
1119 2206 1137 2238 7
1157 2205 1349 2238 ciuitatium
1367 2205 1399 2236 Α
1414 2204 1497 2243 OD,
1519 2203 1641 2235 ciuita-

154 2265 224 2292 tum
244 2261 317 2303 (B)-
459 2263 479 2295 8
498 2262 624 2293 cotidie
644 2271 712 2293 om.
734 2261 751 2292 b
764 2260 826 2292 de.
967 2258 1150 2291 conuenire
1171 2258 1309 2289 iubebat
1325 2257 1355 2288 B
1372 2259 1410 2288 et
1426 2255 1568 2296 reliqui,
1591 2255 1641 2285 iu-

154 2312 256 2344 bebat
275 2314 460 2345 conuenire
482 2314 499 2345 b
514 2313 608 2355 (e)u.
770 2323 831 2344 seu
850 2312 923 2354 quit
939 2329 983 2335 —
1001 2321 1060 2343 seu
1079 2311 1151 2353 quit
1169 2311 1210 2342 B.
1370 2309 1407 2341 11
1431 2308 1642 2350 perspiceret

154 2364 224 2396 cluo
250 2364 358 2405 dett„
388 2365 646 2408 perspiceretur
669 2365 699 2397 B
720 2364 908 2406 ‘reliqui'5
938 2364 1194 2406 periclitaretur
1221 2373 1237 2394 e
1256 2365 1311 2403 et,
1336 2362 1429 2393 ‘nisi
1452 2363 1641 2403 imponunt

152 2417 349 2458 ecreerpta',
372 2417 433 2449 cd.
572 2417 613 2449 15
632 2416 673 2448 ab
693 2416 744 2448 bis
763 2416 793 2448 B
811 2415 890 2447 edd.
909 2419 993 2447 ante
1011 2415 1109 2455 Alci„
1131 2415 1172 2446 ab
1191 2415 1233 2446 iis
1251 2412 1366 2445 Aldus
1382 2422 1417 2444 u.
1574 2422 1640 2443 non

152 2467 263 2499 minus
285 2469 302 2500 ὁ
315 2493 324 2508 ,
356 2472 464 2510 atque
484 2467 565 2499 idne
582 2478 627 2499 an
648 2478 711 2498 non
733 2466 831 2498 nimis
851 2468 888 2497 in
905 2476 922 2497 e
942 2465 1142 2507 legeretur,
1173 2465 1373 2496 discernere
1390 2463 1639 2504 Elberlz‘ngius

154 2531 220 2552 ηοη
237 2523 382 2562 potuit5
403 2531 467 2552 non
486 2520 633 2552 minimis
651 2530 718 2551 sec.
740 2529 788 2550 m.
809 2518 852 2550 A.
1013 2516 1052 2549 15
1071 2527 1113 2548 ex
1132 2527 1201 2548 om.
1220 2516 1252 2548 D
1266 2515 1298 2548 b.
1462 2514 1502 2547 17
1521 2515 1639 2546 uenire

153 2577 293 2616 possent
310 2583 338 2604 e.
481 2572 635 2604 deiectus
655 2572 685 2603 B
699 2571 739 2603 C.
905 2570 946 2602 18
964 2569 1160 2601 conlocauit
1177 2569 1219 2600 B.
1397 2568 1435 2601 21
1457 2567 1638 2610 geruntur]

153 2629 303 2666 aguntur
315 2624 347 2655 b.
488 2622 774 2655 Conuictolitauis
787 2622 860 2654 AB
873 2621 953 2662 CD,
976 2621 1196 2654 Conuictaius
1217 2621 1281 2659 bc‚·
1302 2619 1588 2654 Conuictolitauis
1601 2631 1637 2653 u.

295 2676 339 2709 22
358 2675 604 2718 adiudicatum]
625 2675 839 2716 adsignatum
860 2673 981 2706 bede.
1128 2674 1170 2708 23
1189 2674 1468 2706 adulescentibus
1486 2675 1528 2706 B.

153 2727 370 2769 conloquitur
386 2726 428 2758 B.
603 2726 649 2759 24
667 2724 868 2757 Litauiccus
888 2724 928 2764 B,
953 2723 1136 2765 ‘Litauius,
1156 2723 1389 2765 Lictauiccus,
1409 2724 1637 2766 Lictauictus,

151 2777 365 2815 Litauiccus,
384 2775 578 2808 Litauictus
598 2779 680 2807 cett.
700 2786 783 2807 mss.
805 2775 864 2808 lzz‘c
882 2778 917 2806 et
935 2774 1059 2817 insra'.
1081 2774 1165 2808 Vid.
1185 2785 1214 2807 c.
1234 2775 1292 2814 40,
1311 2774 1331 2808 7
1349 2778 1386 2807 et
1404 2775 1504 2807 Cass.
1525 2776 1635 2807 Dion.

152 2828 227 2869 XL,
249 2828 305 2861 37.
423 2828 465 2862 25
485 2827 727 2859 adulescentes
745 2826 775 2858 B
791 2827 834 2859 ‘A
848 2826 876 2858 C
893 2829 930 2857 et
943 2825 1105 2869 semper'.
1246 2837 1320 2858 cum
1339 2826 1391 2858 his
1406 2827 1436 2858 Β
1453 2825 1532 2858 edd.
1552 2829 1636 2858 ante

153 2880 252 2922 Alci„
273 2889 346 2912 cum
367 2879 408 2911 iis
427 2878 541 2911 Aldus
560 2889 595 2911 u.
723 2877 907 2920 praemium
927 2876 987 2919 (B)
1001 2888 1020 2909 a
1034 2888 1050 2909 c
1072 2876 1386 2921 ‘longeplm·[1nz'',
1407 2878 1549 2920 primum
1569 2877 1632 2910 bd.
