1835 3240
92 197 175 239 756
771 192 1048 236 CAESARIS

168 309 383 351 Praeterea
402 308 554 351 Caesar
575 310 741 349 declinat
766 308 874 362 pubis
898 307 1077 362 puberis3
1103 307 1273 360 quidam,
1291 314 1332 347 ut
1345 305 1511 358 Probus,
1528 307 1647 361 pubes

167 378 339 432 puberis,
364 378 515 431 quidam
540 377 661 429 puber
682 376 853 429 puberis.

280 444 393 485 Idem
420 459 464 498 p.
489 442 594 483 708:
640 442 748 483 Haec
779 443 890 496 pollis
923 443 1093 496 pollinis.
1137 440 1203 482 Sic
1235 439 1457 483 Charisius.
1490 442 1643 484 Probus

167 519 295 553 autem
320 519 358 552 et
382 510 532 552 Caesar
553 511 625 549 hoe
648 510 772 562 pollen
798 510 952 563 pollinis
975 510 1283 550 deelinauerunt.

283 580 447 621 Charis.
466 593 510 632 p.
533 576 610 617 117
634 576 680 616 P.
701 594 708 616 :
734 575 871 616 Turbo
892 576 1106 627 Turbonis,
1127 578 1157 617 si
1182 578 1376 631 proprium
1400 577 1452 617 sit
1474 577 1640 617 hominis
1673 586 1690 616 5

166 661 332 697 nomen3
367 645 532 685 turbinis
549 675 558 693 ,
592 645 623 684 si
648 644 856 697 procellam
886 644 1125 684 uoluerimus
1150 645 1396 698 exprimere,
1430 645 1555 685 autin
1580 659 1641 693 e0,

164 715 289 768 inquit
309 713 461 753 Plinius
477 743 487 761 ,
513 712 575 764 qui
599 718 657 751 est
678 713 716 751 in
740 711 826 751 lusu
849 726 1073 765 puerorum.
1120 710 1199 752 Sed
1225 711 1376 752 Caesar
1398 713 1444 752 de
1466 711 1646 765 analogia

164 781 336 822 secundo
371 779 573 820 turbonem
590 809 600 828 ,
634 793 713 818 non
737 780 929 818 turbinem
953 780 1069 819 etiam
1091 780 1130 819 in
1154 787 1384 833 tempestate
1406 780 1479 819 dici
1504 780 1644 820 debere

164 849 231 897 ait,
258 854 298 887 ut
320 845 421 887 Cato
447 845 628 896 Catonis,
655 861 733 886 non
756 854 798 886 ut
821 847 934 886 homo
958 846 1141 886 hominis.

281 915 420 967 Quint.
441 914 478 963 I,
504 913 638 962 5‚63:
674 913 773 953 Mihi
797 915 925 967 placet
937 912 1121 954 Latinam
1144 913 1335 953 rationem
1359 914 1485 967 sequi,
1502 928 1645 967 quous-

162 997 235 1035 que
257 983 402 1036 palitur
424 982 556 1021 decor.
599 980 740 1034 Neque
763 982 866 1021 enim
888 981 964 1021 iam
989 978 1250 1036 Calypsonem
1276 981 1442 1020 dixerim
1466 989 1506 1021 ut
1527 979 1644 1021 luno-

161 1065 265 1100 nem,
291 1064 520 1103 quamquam
543 1057 700 1090 secutus
723 1049 903 1101 antiquos
927 1046 973 1088 C.
989 1047 1142 1089 Caesar
1165 1049 1288 1089 utitur
1309 1049 1381 1088 hac
1403 1048 1556 1088 ratione
1579 1049 1644 1088 de—

162 1119 348 1159 elinandi.

279 1186 445 1227 Charis.
464 1200 508 1240 p.
531 1184 585 1225 98
608 1184 682 1224 P.:
717 1183 783 1224 Ne
816 1184 881 1224 illa
913 1184 1065 1236 quidem
1095 1184 1196 1223 ratio
1228 1190 1386 1236 recepta
1410 1189 1492 1231 est,
1528 1197 1643 1235 quam

161 1252 209 1294 C.
227 1251 380 1294 Caesar
401 1253 508 1306 ponit
529 1253 569 1292 in
592 1252 806 1300 femininis,
825 1258 867 1290 ut
888 1252 1017 1304 puppi,
1031 1251 1142 1301 resti,
1160 1250 1275 1305 pelui.
1302 1249 1388 1289 Hoc
1411 1250 1512 1290 enim
1530 1250 1642 1289 modo

161 1329 201 1362 et
222 1322 268 1360 ab
293 1322 364 1361 hae
388 1319 473 1359 caui
497 1320 669 1360 dicemus
693 1327 732 1359 et
754 1320 800 1360 ab
823 1319 896 1358 hoc
919 1333 1030 1358 cane.

272 1388 384 1428 Idem
407 1387 504 1428 ibid.
525 1404 533 1427 ε
568 1387 752 1429 Omnium
776 1387 998 1436 nominum,
1031 1400 1129 1439 quae
1159 1393 1251 1426 sunt
1273 1385 1400 1425 neutri
1423 1384 1582 1438 generis
1606 1392 1645 1424 et

159 1457 199 1497 in
222 1470 243 1496 e
265 1455 549 1504 terminantur,
586 1455 640 1495 ait
660 1453 810 1495 Plinius
834 1452 1048 1495 Caesarem
1071 1455 1194 1494 scisse
1217 1454 1372 1493 eosdem
1396 1466 1484 1493 esse
1507 1452 1644 1492 ablati-

160 1537 248 1574 uos,
274 1523 407 1576 quales
430 1529 521 1562 sunt
543 1523 662 1562 datiui
686 1523 926 1576 singulares.

272 1591 384 1631 Idem
401 1605 443 1644 p.
467 1589 547 1630 95:
590 1588 744 1631 Plinius
768 1589 973 1631 Secundus
996 1589 1168 1639 animal,
1204 1604 1280 1629 non
1304 1588 1472 1629 animale
1494 1588 1549 1628 ait
1569 1588 1643 1627 dici

158 1661 316 1702 debere.
352 1655 401 1698 C.
418 1654 584 1705 Caesar,
609 1659 721 1711 quasi
743 1658 997 1698 indiscretum
1021 1657 1093 1697 hoe
1115 1658 1181 1708 sit,
1206 1659 1262 1698 ait
1283 1658 1294 1697 l
1315 1657 1445 1697 littera
1465 1655 1642 1696 nomina-

157 1728 240 1768 tiuo
272 1725 463 1778 singulari
498 1733 638 1765 neutra
672 1727 777 1766 finita
808 1726 965 1765 nomina
995 1725 1157 1765 eandem
1194 1725 1458 1765 definitionem
1481 1736 1637 1776 capere,

158 1809 272 1851 quam
305 1794 461 1847 capiant
490 1808 510 1833 e
532 1794 662 1833 littera
686 1795 915 1834 terminata:
951 1793 1039 1833 huic
1062 1792 1218 1832 animali
1241 1799 1280 1832 et
1301 1791 1348 1831 ab
1372 1791 1444 1830 hoc
1464 1789 1638 1837 animali,

158 1863 246 1903 huie
269 1862 409 1915 puteali
435 1868 473 1901 et
494 1861 540 1900 ab
563 1862 635 1901 lioe
658 1862 816 1914 puteali.

269 1929 381 1969 Idem
397 1943 443 1983 p.
472 1928 575 1969 108:
620 1927 771 1969 Plinius
794 1929 850 1968 ait
870 1929 974 1968 inter
995 1934 1127 1967 cetera
1150 1927 1264 1967 etiam
1288 1926 1393 1966 istud
1416 1923 1465 1965 C.
1492 1922 1640 1964 Caesa-

154 2011 235 2038 rem
259 1997 412 2036 dedisse
435 2004 698 2050 praeeeptum,
716 2011 831 2049 quom
854 2002 994 2036 neutra
1016 1994 1173 2034 nomina
1191 2008 1235 2034 ar
1251 1994 1492 2034 noniinatiuo
1509 1991 1641 2031 clausu

156 2079 224 2118 per
255 2065 266 2103 i
290 2063 458 2103 datiuum
483 2064 772 2116 ablatiuumque
795 2064 1014 2115 singulares
1038 2063 1270 2111 ostendant,
1306 2061 1419 2100 iubar
1440 2068 1569 2100 tamen
1591 2059 1637 2099 ab

157 2133 226 2172 hae
259 2132 395 2185 regula
425 2132 630 2171 dissidere.
664 2130 769 2171 Nam
795 2139 835 2171 ut
857 2131 944 2170 huic
966 2130 1092 2170 iubari
1116 2130 1278 2169 dicimus
1295 2159 1305 2178 ,
1340 2128 1386 2167 ab
1409 2128 1481 2167 hoc
1502 2126 1636 2166 iubare

155 2200 357 2240 dicendum
381 2206 456 2248 est,
480 2207 523 2238 ut
546 2199 632 2239 huie
656 2199 752 2238 farri
775 2206 813 2239 et
834 2199 880 2238 ab
905 2198 976 2238 hoc
1000 2199 1118 2238 farre.

1679 921 1719 954 10

1680 1257 1718 1289 15

267 2267 379 2307 Idem
392 2282 440 2321 p.
468 2266 572 2307 1142
616 2265 780 2307 Panium
805 2264 960 2307 Caesar
980 2266 1027 2306 de
1049 2265 1229 2318 analogia
1250 2263 1346 2304 libro
1368 2261 1539 2303 seeundo
1561 2259 1637 2299 dici
1668 2265 1710 2297 30

154 2334 295 2375 debere
317 2335 386 2374 ait.

266 2403 378 2443 Idem
402 2402 498 2443 ibid.
518 2420 526 2442 ι
562 2401 722 2443 Partum
746 2400 899 2443 Caesar
919 2401 958 2441 in
982 2399 1212 2453 analogicis.

294 2527 313 2559 3
332 2528 351 2559 Ῑ
368 2538 407 2569 Ρ·
428 2529 493 2560 '202
512 2528 573 2560 HJ·-
765 2528 803 2560 10
822 2527 990 2559 rationem
1016 2525 1174 2557 Latinam
1201 2522 1459 2555 Ambrosianus
1483 2519 1635 2560 primus.

295 2578 332 2610 11
349 2579 498 2619 patietur
510 2579 615 2611 idem.
748 2579 944 2620 15puppim‚
958 2577 1088 2617 restim,
1104 2575 1228 2618 peluim
1241 2573 1292 2604 ed.
1310 2572 1437 2604 Graan.
1454 2571 1634 2612 infvgm.

153 2629 255 2661 Caes.
269 2640 280 2668 ,·
295 2628 440 2670 puppim,
458 2631 588 2669 restim,
606 2629 732 2671 puluim
751 2628 829 2660 edd.
848 2629 989 2660 Charz‘s.
1010 2627 1201 2659 Ablatz'uos
1215 2625 1334 2666 posui,
1349 2625 1434 2664 qnia
1454 2625 1529 2653 toto
1546 2621 1638 2652 Cha-

147 2680 230 2710 risii
247 2679 323 2710 loeo
343 2678 385 2709 de
404 2678 469 2708 hoc
487 2688 570 2709 casu
590 2681 726 2719 agitur.
904 2678 943 2710 16
963 2678 1025 2708 hac
1045 2676 1121 2708 cani
1140 2685 1217 2717 ego,
1240 2675 1300 2705 hoc
1320 2673 1395 2704 cani
1414 2671 1492 2703 edd.

149 2731 192 2765 26
205 2740 303 2772 quom
316 2739 392 2772 ego,
407 2724 449 2772 ᾗῇ
467 2730 542 2762 eod.
558 2731 736 2772 :quoniam
748 2731 1026 2769 Lindemannus,
1044 2728 1130 2770 quod
1144 2729 1265 2759 ceteri.
1386 2726 1559 2766 Charis-p.
1574 2723 1636 2755 98:

149 2781 197 2813 Ar
213 2782 341 2814 litteris
360 2782 495 2814 nomina
515 2782 687 2813 neutralia
706 2783 890 2814 terminata
908 2782 990 2813 item
1010 2780 1102 2822 [edd.
1124 2779 1228 2821 idem]
1249 2789 1313 2810 non
1332 2778 1466 2819 minus,
1488 2777 1536 2809 ait
1554 2776 1638 2808 Cae-

151 2844 219 2874 sar,
230 2835 319 2877 quod
334 2834 450 2866 datiuo
466 2840 500 2866 et
511 2835 662 2866 ablatiuo
675 2835 747 2877 pari
763 2835 836 2866 iure
852 2833 1051 2874 funguntur,
1065 2837 1101 2864 ut
1115 2832 1202 2864 idem
1215 2831 1346 2864 Plinius
1359 2830 1492 2864 scribit.

151 2887 193 2921 30
214 2888 360 2921 Charis.
376 2887 488 2929 p.59:
510 2886 642 2919 Caesar
660 2887 700 2919 de
720 2886 877 2927 analogia
896 2885 1046 2918 secundo
1066 2884 1203 2928 panium
1223 2883 1322 2915 dixit.
