1835 3240
87 911 128 943 10

87 1928 129 1961 25

85 2268 126 2301 30

700 179 887 223 CAPVT
905 179 958 223 81
971 204 1027 210 -—-
1038 178 1107 222 84.
1637 179 1721 223 709

163 310 322 339 cursare
344 302 383 336 et
403 294 518 335 modo
541 307 583 336 sc
604 295 708 336 intra
732 302 864 350 portas
885 293 1063 347 recipere
1084 291 1198 332 modo
1221 291 1493 333 inconstanter
1509 294 1645 334 immo-

161 367 370 417 derateque
402 363 574 417 prodire.
628 362 728 403 Cum
759 363 860 404 idem
893 377 915 402 a
947 360 1122 415 pluribus
1162 359 1423 400 animaduerti
1465 369 1641 414 coeptum
1664 361 1691 401 2

158 438 284 480 esset,
310 431 438 471 subito
461 422 579 484 legati
601 431 833 483 euocatique
856 430 1066 470 obsecrare
1088 425 1302 469 Caesarem
1317 458 1328 477 ,
1364 441 1413 467 ne
1445 427 1642 468 dubitaret

159 500 311 552 signum
337 500 454 538 dare:
489 498 694 538 uictoriam
716 498 790 537 sibi
812 497 1007 551 propriam
1030 510 1051 536 a
1074 497 1131 537 dis
1153 494 1426 537 inmortalibus
1448 497 1643 548 portendi.

163 564 376 606 Dubitante
390 563 564 606 Caesare
586 572 702 617 atque
724 578 858 605 eorum
880 564 1008 604 studio
1027 564 1306 618 cupiditatique
1321 562 1534 603 resistente
1556 562 1646 602 sibi·
1670 563 1693 603 3

161 647 235 686 que
258 633 463 687 eruptione
485 632 650 686 pugnari
673 646 752 672 non
770 632 926 685 placere
943 631 1168 672 clamitante
1190 638 1230 671 et
1255 630 1372 671 etiam
1397 637 1513 683 atque
1529 630 1647 670 etiam

160 701 283 741 aciem
305 707 554 741 sustentante
576 700 705 740 subito
729 700 870 739 dextro
894 713 1017 739 cornu
1037 699 1192 739 iniussu
1215 696 1404 739 Caesaris
1434 696 1591 738 tubicen
1623 712 1646 737 a

159 768 346 808 militibus
370 774 530 807 coactus
553 781 694 807 canere
717 767 860 820 coepit.
895 765 984 819 Quo
1007 767 1110 806 facto
1132 766 1179 806 ab
1203 766 1401 806 uniuersis
1421 765 1646 806 cohortibus
1669 765 1695 805 4

159 836 272 889 signa
293 836 333 876 in
356 835 508 875 hostem
531 848 696 888 coepere
718 834 879 885 inferri,
914 849 999 875 cum
1023 834 1274 874 centuriones
1299 840 1456 887 pectore
1478 833 1647 874 aduerso

160 904 395 944 resisterent
416 903 532 956 uique
555 903 806 944 continerent
828 903 996 952 milites,
1031 915 1080 942 ne
1103 900 1256 941 iniussu
1278 901 1528 954 imperatoris
1550 914 1642 941 con-

156 978 382 1020 currerent,
407 985 481 1011 nec
503 971 707 1024 quicquam
729 971 982 1024 proficerent.
1019 967 1354 1023 Quodqpostquam
1369 967 1650 1009 Caesarintel—
1664 967 1724 1013 83

157 1038 256 1078 lexit
276 1038 448 1078 incitatis
471 1037 633 1078 militum
657 1037 798 1078 animis
820 1037 953 1077 resisti
975 1037 1080 1077 nullo
1104 1036 1216 1076 modo
1240 1050 1380 1090 posse,
1405 1036 1517 1090 signo
1540 1035 1647 1077 Feli—

159 1105 290 1145 citatis
313 1105 403 1146 dato
426 1119 524 1158 equo
547 1104 718 1145 admisso
740 1105 781 1145 in
803 1104 955 1145 hostem
978 1112 1117 1145 contra
1140 1104 1336 1158 principes
1354 1104 1413 1144 ire
1427 1104 1646 1144 contendit.

159 1174 196 1212 A
211 1174 352 1214 dextro
367 1173 524 1214 interim
549 1187 672 1214 cornu
694 1173 912 1213 funditores
935 1172 1209 1228 sagittariique
1230 1172 1384 1212 concita
1407 1171 1484 1212 tela
1505 1172 1546 1211 in
1569 1171 1648 1211 ele·
1670 1172 1696 1212 2

156 1241 323 1295 phantos
346 1241 572 1294 frequentes
594 1241 776 1281 iniciunt.
820 1238 908 1292 Quo
932 1242 1033 1281 facto
1054 1241 1206 1281 bestiae
1236 1240 1408 1281 stridore
1442 1239 1648 1279 fundarum
1670 1237 1695 1279 3

158 1308 404 1362 lapidumque
426 1308 664 1362 perterritae
686 1321 777 1348 sese
799 1316 1033 1349 conuertere
1065 1315 1104 1349 et
1125 1322 1219 1348 suos
1242 1315 1330 1362 post
1352 1321 1394 1348 se
1418 1308 1647 1360 frequentes

160 1378 404 1431 stipatosque
427 1383 631 1430 proterere
666 1383 706 1416 et
734 1376 774 1416 in
808 1383 940 1430 portas
973 1376 1065 1417 ualli
1097 1376 1325 1416 semifactas
1347 1389 1463 1416 ruere
1485 1382 1648 1416 conten-

160 1446 269 1486 dunt.
314 1443 413 1487 Item
436 1443 569 1485 Mauri
591 1443 769 1498 equites,
808 1445 870 1497 qui
902 1444 942 1485 in
972 1445 1107 1485 eodem
1141 1458 1263 1484 cornu
1296 1444 1513 1498 elephantis
1537 1450 1649 1484 erant
1668 1444 1696 1484 4

160 1514 358 1567 praesidio
374 1543 384 1562 7
420 1512 565 1553 deserti
596 1512 793 1566 principes
818 1513 987 1566 fugiunt.
1032 1510 1094 1552 Ita
1117 1512 1303 1553 celeriter
1323 1512 1459 1552 bestiis
1482 1511 1647 1552 circum-
1670 1509 1694 1552 5

157 1581 223 1622 itis
245 1581 422 1634 legiones
446 1581 547 1621 uallo
571 1580 739 1621 hostium
763 1587 855 1620 sunt
877 1580 1039 1634 potitae,
1065 1587 1102 1621 et
1118 1581 1251 1635 paucis
1266 1580 1412 1620 acriter
1426 1594 1652 1634 repugnan-

161 1649 263 1689 tibus
285 1649 582 1701 interfectisque
604 1649 744 1702 reliqui
767 1648 955 1689 concitati
986 1649 1026 1688 in
1057 1655 1215 1698 castra,
1248 1648 1353 1688 unde
1382 1648 1506 1701 pridie
1538 1654 1651 1688 erant

159 1717 326 1770 egressi,
352 1717 598 1771 confugiunt.
629 1715 727 1757 Non
748 1717 907 1756 uidetur
927 1730 1017 1757 esse
1037 1716 1430 1770 praetermittendum
1445 1716 1491 1756 de
1504 1716 1650 1756 uirtute
1663 1714 1725 1759 84

157 1784 292 1824 militis
314 1785 494 1825 ueterani
514 1791 545 1824 V
564 1784 747 1837 legionis.
790 1783 896 1824 Nam
928 1799 1014 1824 cum
1046 1784 1087 1824 in
1117 1784 1280 1824 sinistro
1313 1798 1435 1824 cornu
1463 1784 1649 1837 elephans

157 1852 322 1893 uulnere
342 1853 446 1893 ictus
470 1859 509 1893 et
529 1852 665 1892 dolore
689 1852 911 1892 concitatus
933 1853 973 1892 in
1003 1852 1126 1892 lixam
1157 1852 1344 1893 inermem
1377 1852 1563 1906 impetum
1596 1852 1651 1892 se—

162 1921 283 1961 cisset
303 1934 469 1975 eumque
490 1920 560 1960 sub
584 1920 720 1973 pedem
743 1920 938 1961 subditum
961 1920 1050 1960 dein
1071 1933 1175 1974 genu
1197 1921 1359 1960 innixus
1383 1921 1556 1974 pondere
1577 1933 1649 1960 suo

161 1988 393 2042 proboscide
415 1995 549 2028 erecta
569 1987 818 2040 uibrantique
835 1988 1005 2028 stridore
1019 1989 1192 2029 maximo
1210 1995 1407 2042 premeret
1423 1995 1540 2041 atque
1558 2001 1650 2028 ene-

162 2063 286 2103 caret,
311 2056 422 2096 miles
445 2055 506 2096 hic
530 2070 607 2095 non
631 2056 756 2109 potuit
777 2055 878 2109 pati,
914 2056 1006 2108 quin
1037 2069 1080 2096 se
1103 2063 1276 2096 armatus
1297 2055 1449 2096 bestiae
1471 2055 1647 2096 offerret.

160 2122 287 2177 Quem
320 2131 522 2177 postquam
553 2123 739 2177 elephans
772 2123 820 2163 ad
851 2137 894 2164 se
925 2123 1002 2163 telo
1024 2124 1170 2164 infesto
1193 2124 1331 2164 uenire
1353 2124 1646 2174 animaduertit,
1671 2124 1696 2165 2

158 2192 295 2233 relicto
313 2193 505 2232 cadauere
521 2192 681 2232 militen]
701 2192 934 2246 proboscide
957 2192 1172 2232 circumdat
1193 2199 1309 2246 atque
1330 2192 1369 2232 in
1393 2191 1559 2233 sublime
1581 2206 1652 2233 ex-

159 2260 259 2301 tollit
279 2267 487 2301 armatum.
523 2258 602 2313 Qui
623 2261 662 2301 in
685 2260 877 2302 eiusmodi
899 2260 1072 2315 periculo
1095 2276 1181 2301 cum
1206 2268 1436 2301 constanter
1456 2261 1651 2314 agendum
1673 2259 1698 2301 3

303 2422 322 2452 4
342 2421 393 2452 dis
413 2432 445 2461 α,
468 2422 532 2454 diis
553 2432 587 2453 u.
752 2422 990 2454 inmortalibus
1010 2433 1044 2453 a.
1210 2422 1228 2453 5
1249 2421 1426 2452 dubitandi
1446 2420 1596 2452 Caesare
1615 2431 1650 2461 a,

162 2470 329 2503 dubitanti
342 2470 481 2504 Caesari
502 2473 532 2504 b.
678 2472 743 2504 sibi
762 2478 873 2515 erupt.
897 2474 927 2504 b.
1069 2472 1254 2505 octamitat
1270 2482 1292 2503 a
1311 2472 1342 2504 b.
1485 2472 1504 2505 7
1517 2476 1652 2504 susten-

164 2527 289 2554 tantem
307 2534 327 2554 a
349 2525 379 2555 b.
535 2525 664 2556 tubicin
685 2535 719 2556 α.
878 2526 918 2558 10
938 2529 1144 2556 concurrent
1163 2535 1196 2556 α.
1356 2524 1393 2557 11
1416 2524 1597 2567 quicquam
1616 2535 1649 2565 a,

166 2584 233 2604 non
253 2574 366 2616 quidq.
532 2576 571 2608 15
591 2576 792 2617 frequenter
811 2576 828 2606 b
847 2586 875 2607 e.
1044 2575 1084 2608 ‘lo
1103 2575 1252 2617 lapidum
1272 2587 1305 2607 α.
1464 2576 1651 2607 deterritae

163 2627 237 2655 sine
255 2629 472 2658 auctoritate
490 2638 522 2658 u.
670 2628 708 2659 17
723 2627 837 2669 ruere]
852 2628 901 2660 ire
922 2628 952 2659 Ι).
1096 2628 1138 2660 18
1151 2628 1238 2660 idem
1257 2639 1277 2660 α
1292 2629 1323 2660 b.
1463 2628 1651 2671 elephantis

164 2688 183 2707 a
203 2680 235 2708 ec
255 2687 343 2708 unus
362 2678 446 2718 det.5
468 2689 541 2710 cum
560 2679 751 2721 elephantis
770 2691 804 2711 u.
966 2679 1005 2713 21
1025 2680 1286 2723 interfectisque
1305 2692 1325 2712 α
1345 2682 1363 2712 b
1383 2682 1401 2714 3
1421 2682 1523 2720 dett„
1546 2680 1651 2712 inter-

166 2728 264 2761 sectis
283 2740 314 2761 ιι.
468 2731 511 2764 22
530 2732 704 2773 progressi
723 2733 754 2764 b.
913 2733 1197 2775 praetereundum
1219 2733 1250 2764 b.
1411 2732 1453 2765 23
1475 2733 1506 2763 iu
1526 2742 1594 2763 om.
1615 2742 1650 2763 a.

304 2782 392 2814 2305
405 2782 448 2813 ‘28
460 2784 495 2813 et
508 2782 610 2823 710,2
622 2783 785 2827 elephans
800 2795 820 2815 α
837 2784 854 2815 b
868 2794 898 2825 τ’,
919 2785 1122 2827 elephantus
1137 2796 1172 2817 u.
1291 2786 1332 2817 25
1346 2785 1463 2827 pedem
1484 2794 1504 2815 α
1519 2785 1548 2825 Ιι,
1565 2784 1650 2826 pede

161 2844 197 2865 n.
339 2834 417 2865 dein
437 2844 469 2874 α,
489 2834 610 2867 deinde
631 2846 663 2868 ιι.
804 2837 846 2869 ⁴26
861 2838 1074 2879 promoscide
1093 2848 1253 2881 suprase.
1276 2849 1303 2867 c.
1441 2836 1484 2868 27
1498 2841 1650 2868 armatus

164 2896 183 2916 tt
205 2887 221 2917 b
241 2887 258 2917 2
279 2886 383 2927 (leta,
405 2891 569 2918 armatum
590 2898 622 2919 u.
767 2890 808 2921 30
828 2895 978 2922 armatus
997 2901 1030 2922 α,
1174 2899 1247 2921 cum
1268 2899 1336 2921 om.
1357 2900 1377 2919 ιι
1399 2889 1429 2920 b.
