1835 3240
646 183 1071 225 ——245—

124 312 166 345 ut
194 304 234 343 in
263 314 357 342 ueru
388 307 427 341 et
458 299 612 353 capita'.
657 297 794 351 Itaque
816 299 912 339 haec
933 298 990 338 sic
1013 296 1282 337 conformaui:
1321 294 1411 335 ‘Ex
1441 297 1607 336 hostium

121 370 240 412 armis
264 375 376 409 scuta
398 375 437 408 et
458 369 532 422 pila
555 381 625 421 pro
646 366 750 407 uallo
767 396 776 413 ,
810 380 880 420 pro
909 366 1055 420 cespite
1077 365 1273 405 cadauera
1296 363 1606 412 collocabantur,

119 439 282 492 insuper
315 436 473 491 [occisi]
504 436 543 475 in
575 434 793 489 gladiorum
817 447 1005 472 mucrone
1037 434 1163 487 capita
1194 432 1391 472 hominum
1432 431 1611 470 ordinata

118 506 164 546 ad
177 505 356 559 oppidum
372 517 565 544 conuersa
581 503 767 543 uniuersa
781 502 949 541 hostium
961 501 1157 541 timorem.
1175 534 1179 536 .
1201 531 1207 539 .
1228 499 1252 539 .’
1277 497 1411 540 Occisi
1434 498 1610 538 illiama-

119 573 243 627 gistro
276 572 532 613 cadaueribus
563 570 723 624 ascripti
745 577 785 609 et
807 569 947 609 deinde
969 581 1022 608 ex
1042 568 1219 622 margine
1250 567 1381 608 alieno
1404 567 1491 606 loco
1513 565 1611 605 illati

118 648 223 681 sunt.
254 639 350 680 Post
374 639 582 680 ‘timorem'
597 645 728 679 autem
741 651 839 691 quae
852 637 1052 690 leguntur,
1078 644 1116 677 et
1131 638 1251 676 forma
1267 635 1458 675 orationis
1472 640 1612 674 etsen-

117 709 240 749 tentia
268 709 381 762 plane
411 722 430 747 a
462 706 734 760 superioribus
770 705 999 745 abhorrent.
1053 703 1191 757 Itaque
1223 704 1283 743 hic
1320 703 1509 756 quaedam
1547 702 1612 741 de-

118 791 208 818 esse
239 776 473 831 significaui.
534 772 781 814 Sententiam
819 773 1065 826 superiorum
1105 772 1315 812 uerborum
1355 772 1409 812 ita
1450 771 1612 824 explere

119 857 348 898 possumus:
383 843 596 883 ‘uniuersa
620 842 790 882 hostium
813 841 994 881 timorem
1017 840 1242 894 augebant'.
1286 839 1488 881 Vniuersa
1510 839 1612 879 enim

117 913 300 952 dicuntur
321 926 386 952 res
409 925 527 965 supra
549 917 892 958 commemoratae,
918 909 1060 949 uallum
1074 922 1127 948 ex
1149 908 1408 948 cadaueribus
1432 914 1471 948 et
1491 906 1611 947 armis

116 986 310 1020 structum
333 980 535 1033 capitaque
568 979 708 1032 gladiis
731 979 885 1018 suffixa.
930 976 1147 1030 Perperam
1177 976 1361 1030 deinceps
1384 984 1470 1029 post
1491 974 1614 1015 uerba

119 1048 379 1100 ‘uirtutisque
409 1047 601 1101 insignia'
635 1047 775 1087 lacuna
808 1052 944 1085 notata
976 1051 1050 1085 est.
1105 1043 1209 1084 Nam
1240 1044 1461 1085 rectissime
1494 1041 1613 1082 Pom-

118 1115 244 1169 peiani
276 1115 434 1155 uirtutis
457 1115 629 1169 insignia
651 1114 851 1168 proposita
875 1113 1022 1154 uidisse
1045 1113 1252 1162 dicuntur,
1293 1112 1475 1152 nimirum
1498 1111 1613 1152 cada-

118 1197 213 1224 uera
235 1191 274 1223 et
294 1197 401 1223 arma
423 1197 583 1223 suorum
607 1196 627 1221 a
651 1180 907 1223 Caesarianis
936 1181 975 1220 in
1006 1182 1161 1221 modum
1184 1180 1336 1234 tropaei
1368 1180 1515 1220 circum
1545 1193 1613 1233 op—

116 1252 243 1304 pidum
266 1258 468 1306 aggerata.
512 1250 656 1303 Neque
687 1258 834 1290 temere
864 1264 924 1290 me
947 1250 1089 1290 fecisse
1113 1249 1325 1297 existimo,
1359 1248 1461 1300 quod
1493 1245 1613 1288 Peta-

119 1318 276 1358 uianum
307 1319 478 1359 codicem
511 1325 670 1358 secutus
708 1318 865 1367 ‘sunt⁷‚
898 1318 997 1370 quod
1028 1324 1114 1371 post
1140 1314 1426 1370 ‘circumplexi'
1449 1315 1608 1368 legitur,

119 1386 320 1425 delendum
343 1386 579 1439 significaui.
611 1384 698 1425 Hac
720 1385 875 1424 ratione
898 1385 1088 1438 apodosin
1111 1399 1131 1424 a
1154 1384 1287 1424 uerbis
1314 1384 1385 1423 ‘ita
1407 1381 1525 1423 Galli'
1548 1383 1609 1423 in-

119 1454 265 1507 cipere,
290 1454 562 1494 coniunctiuos
580 1460 707 1493 autem
734 1452 942 1492 ‘uiderent'
966 1459 1005 1492 et
1029 1452 1464 1492 ‘circumcluderentur'
1489 1465 1611 1505 apar-

118 1522 236 1561 ticula
272 1527 281 1545 ⁶
298 1521 424 1569 cum',
459 1534 556 1574 quae
579 1534 665 1561 cum
688 1520 777 1560 aliis
801 1519 932 1560 uerbis
955 1520 1096 1574 periit,
1135 1526 1245 1575 aptos
1276 1519 1403 1560 fuisse
1433 1526 1610 1560 statuen-

117 1588 206 1628 dum
230 1596 304 1629 est.

230 1654 279 1697 C.
305 1656 359 1697 34
379 1659 575 1708 refertur,
609 1673 693 1698 cum
728 1656 882 1699 Caesar
914 1665 1043 1700 castra
1074 1659 1122 1699 ad
1145 1656 1368 1700 Cordubam
1393 1660 1608 1713 posuisset,

114 1726 152 1766 in
175 1725 313 1779 oppido
336 1726 571 1766 discordiam
596 1733 721 1767 ortam
744 1741 834 1767 esse
856 1727 961 1767 inter
979 1724 1245 1768 Caesarianos
1269 1735 1386 1781 atquc
1403 1725 1610 1781 Pompeia-

115 1807 202 1834 nos.
246 1791 400 1833 Deinde
424 1795 460 1847 ξ.
486 1794 513 1834 2
534 1795 630 1835 haec
652 1795 693 1835 in
715 1795 826 1834 codd.
853 1795 998 1848 scripta
1017 1803 1132 1835 sunt:
1161 1795 1305 1835 ‘Erant
1326 1796 1389 1836 hic
1411 1795 1606 1848 legiones,

115 1875 212 1914 quae
235 1875 284 1901 cx
308 1861 482 1915 perfugis
505 1863 770 1916 conscriptae,
795 1863 935 1917 partim
960 1863 1241 1917 oppidanorum
1264 1864 1387 1914 serui,
1413 1864 1476 1917 qui
1497 1870 1612 1903 erant

115 1943 135 1968 a
158 1926 282 1969 Sexto
306 1927 491 1983 Pompeio
524 1931 774 1981 manumissi3
811 1931 874 1983 qui
906 1931 946 1970 in
980 1928 1168 1972 Caesaris
1201 1933 1411 1972 aduentum
1445 1932 1610 1972 descen-

115 1997 206 2038 dere
229 2004 460 2051 coeperunt.
494 1996 621 2051 Legio
643 1996 748 2038 XIll
771 1999 953 2052 oppidum
976 1999 1187 2040 defendere
1210 2000 1364 2054 coepit:
1390 2014 1496 2050 nam,
1522 2014 1608 2040 cum

114 2065 188 2104 iam
220 2072 511 2119 repugnarent,
547 2073 680 2107 turres
713 2080 763 2106 ex
795 2074 905 2121 parte
929 2073 967 2108 et
989 2081 1138 2107 murum
1163 2075 1419 2122 occuparunt.
1464 2067 1608 2109 Denuo

112 2132 262 2186 legatos
285 2134 330 2173 ad
356 2130 571 2174 Caesarem
594 2134 777 2182 mittunt,
812 2142 855 2174 ut
876 2135 949 2175 sibi
972 2135 1150 2190 legiones
1172 2136 1347 2177 subsidio
1369 2136 1608 2177 intromitte-

111 2207 186 2240 ret.
230 2200 317 2241 Hoc
351 2216 437 2241 cum
469 2202 834 2243 animaduerterent
855 2203 1032 2244 homines
1056 2204 1236 2258 fugitiui,
1271 2205 1449 2259 oppidum
1470 2205 1608 2246 incen-

112 2267 203 2308 dere
235 2271 460 2322 coeperunt'
494 2277 587 2310 cett.
643 2269 718 2311 Hic
750 2271 871 2312 uerba
904 2272 995 2325 ‘qui
1017 2272 1057 2312 in
1081 2269 1272 2313 Caesaris
1302 2274 1516 2314 aduentum
1540 2274 1606 2315 de-

112 2337 301 2377 scendere
332 2339 562 2391 coeperunt⁷
595 2353 667 2392 per
699 2352 742 2380 se
772 2339 856 2392 ipsa
887 2341 1040 2380 referre
1073 2341 1166 2381 licet
1195 2341 1243 2380 ad
1266 2355 1337 2392 ea,
1372 2356 1471 2395 quae
1493 2342 1605 2382 initio

112 2404 324 2457 superioris
347 2405 484 2459 capitis
507 2414 737 2457 narrantur,
763 2421 848 2446 cum
871 2405 1027 2448 Caesar
1048 2405 1274 2449 Cordubam
1297 2410 1606 2464 appropinquas-

113 2477 186 2520 set,
213 2485 295 2522 eos,
321 2473 385 2525 qui
407 2486 459 2513 ex
478 2473 693 2515 Mundeusi
713 2476 865 2528 proelio
890 2489 936 2516 eo
959 2476 1246 2530 confugissent,
1271 2485 1389 2530 ponte
1412 2484 1604 2532 occupato

115 2533 375 2581 Caesarianos
396 2543 566 2582 transitu
589 2543 796 2596 prohibere
819 2551 982 2584 conatos
1006 2559 1109 2586 esse.
1146 2544 1296 2587 Verum
1318 2551 1398 2585 tum
1421 2545 1604 2599 proxima

114 2603 168 2643 ita
191 2613 325 2647 essent
344 2608 625 2662 intellegenda,
652 2619 693 2651 ut
714 2612 818 2665 legio
840 2613 1114 2653 tertiadecima
1136 2613 1317 2667 oppidum
1340 2620 1479 2654 contra
1502 2610 1603 2654 Cae-

115 2671 293 2713 sarianos
323 2675 545 2718 defendisse
585 2678 800 2730 diceretur,
824 2681 925 2734 quod
970 2688 1107 2721 contra
1149 2683 1332 2736 perfugas
1376 2689 1415 2722 et
1454 2680 1603 2721 liberti-

114 2752 185 2779 nos
236 2741 379 2782 factum
421 2758 509 2786 esse
552 2748 759 2802 sequentia
789 2749 945 2789 docent.
1008 2748 1160 2790 Deinde
1200 2750 1321 2791 uerba
1368 2754 1482 2789 ‘nam
1514 2762 1599 2788 cum

112 2807 188 2845 iam
218 2813 501 2862 repugnarent)
532 2822 719 2869 corrupta
751 2822 868 2856 sunt:
901 2830 1026 2870 neque
1058 2818 1162 2859 enim
1192 2819 1258 2872 qui
1289 2831 1416 2870 neque
1450 2817 1510 2856 cui
1541 2816 1600 2856 rei

110 2878 434 2930 repugnauerint,
457 2879 712 2936 intellegitur.
754 2883 897 2938 Neque
923 2885 1051 2926 denuo
1074 2884 1355 2931 Cordubenses
1378 2885 1529 2939 legatos
1552 2883 1600 2925 ad
