1835 3240
701 203 966 248 ORATION
967 202 1036 246 Es
1600 205 1681 249 751

130 322 307 366 titudinis
339 334 384 362 ac
425 319 571 375 teporis
603 319 724 361 libros
755 319 875 375 legit,
918 318 995 360 nisi
1027 318 1092 373 qui
1119 324 1160 358 et
1189 318 1363 359 carmina
1393 320 1606 362 eorundem

124 392 303 432 miratur.

720 470 794 497 Pno
817 470 1004 497 mrm'ms.

241 528 347 569 Gell.
375 527 443 579 V,
470 525 546 568 13:
589 524 634 567 In
666 526 871 574 oratione,
907 540 1020 578 quam
1053 539 1122 579 pro
1155 522 1340 578 Bithynis
1373 522 1497 573 dixit,
1536 522 1609 564 hoc

78 606 95 638 5
126 597 317 652 principio
346 610 440 636 usus
463 602 546 636 est:
583 593 675 635 ‘Vel
697 608 767 648 pro
791 593 959 646 hospitio
981 593 1087 646 regis
1110 592 1342 633 Nicomedis
1366 591 1429 632 uel
1450 605 1519 645 pro
1543 591 1611 631 ho-

122 680 209 706 rum
233 664 485 714 necessitate,
502 677 664 717 quorum
688 676 752 702 res
769 661 914 716 agitur,
932 660 1118 715 defugere
1136 661 1207 701 hoc
1226 674 1383 710 munus,
1399 657 1456 699 M.
1471 657 1608 709 Iunce,

124 749 201 774 non
224 734 346 788 potui.
380 731 486 773 Nam
510 745 636 785 neque
657 730 854 772 hominum
878 735 1005 768 morte
1029 729 1213 768 memoria
1232 728 1352 769 deleri
1372 726 1501 777 debet,
1518 727 1611 780 quin

124 816 146 841 a
175 801 366 856 proximis
397 800 641 850 retineatur,
674 812 801 852 neque
831 797 997 837 clientes
1021 797 1105 836 sine
1128 811 1277 837 summa
1301 796 1460 837 infamia
1482 795 1612 836 deseri

122 877 301 924 possunt,
318 869 456 923 quibus
480 869 597 910 etiam
620 883 642 909 a
664 866 891 922 propinquis
913 865 1059 905 nostris
1083 878 1194 918 opem
1216 866 1319 905 ferre
1337 863 1607 905 instituimus'.

51 944 91 977 10
235 938 316 978 Iul.
342 937 554 992 Rvfim'an.
573 953 619 992 p.
645 935 723 977 201
750 934 940 975 liubula:
977 930 1130 973 Caesar
1152 947 1220 986 pro
1244 931 1452 988 Bithynis:
1488 929 1611 985 ‘Quid

126 1007 248 1060 ergo?
269 1005 519 1061 syngraphae
542 1019 620 1045 non
643 1005 761 1044 sunt?
783 1001 862 1044 Sed
883 1016 949 1043 res
972 1002 1100 1042 aliena
1124 1000 1213 1041 est'.

323 1088 362 1113 JN
384 1087 419 1112 c.
444 1086 630 1112 MEMMtVM
653 1086 699 1111 ET
720 1087 757 1111 L.
783 1085 974 1111 nomm-ivm
993 1084 1213 1111 PRAETORES
1237 1071 1296 1121 (a.
1323 1067 1411 1121 58).

236 1140 404 1182 Sucton.
433 1141 550 1181 Caes.
575 1139 655 1180 23:
691 1137 866 1180 Functus
889 1139 1097 1179 consulatu
1121 1135 1169 1178 C.
1195 1136 1385 1176 Memmio
1407 1134 1612 1189 Lucioque

124 1207 298 1249 Domitio
326 1207 571 1262 praetoribus
595 1208 640 1248 de
662 1207 877 1261 superioris
900 1207 989 1247 anni
1013 1206 1112 1246 actis
1134 1205 1399 1246 referentibus
1423 1204 1616 1258 cognitio-

51 1283 90 1316 15
123 1290 210 1317 nem
234 1277 390 1317 senatui
415 1277 548 1317 detulit
572 1290 644 1316 nec
667 1275 733 1316 illo
757 1275 996 1329 suscipiente
1019 1275 1224 1328 triduoque
1247 1287 1316 1327 per
1336 1273 1470 1313 irritas
1493 1272 1611 1313 alter-

125 1345 299 1385 cationes
323 1345 525 1398 absumpto
548 1345 586 1385 in
611 1343 849 1398 prouinciam
874 1343 984 1383 abiit.

239 1412 381 1454 Sclzol.
405 1413 508 1454 Bob.
534 1413 575 1452 in
598 1413 704 1453 Sesl.
731 1426 779 1467 p.
803 1410 887 1452 297
915 1411 1015 1451 012:
1062 1410 1121 1451 De
1152 1411 1249 1451 actis
1282 1410 1479 1464 loquitur,
1513 1424 1613 1464 quae

126 1480 261 1522 habuit
290 1481 330 1521 in
353 1481 560 1521 consulatu
585 1477 633 1520 C.
662 1478 814 1521 Caesar
835 1480 1104 1533 inauspicato,
1137 1486 1179 1519 ut
1203 1479 1433 1530 uidebatur3
1468 1493 1543 1532 qua
1565 1479 1612 1520 de

125 1563 169 1589 re
199 1549 391 1590 aduersus
423 1564 508 1590 eum
542 1555 707 1604 egerant
736 1549 776 1588 in
808 1555 945 1588 senatu
966 1545 1015 1588 C.
1040 1546 1253 1588 Memmius
1276 1554 1313 1587 et
1335 1545 1386 1587 L.
1411 1545 1611 1588 Domitius

48 1623 91 1658 20
123 1624 353 1670 praetores,
379 1625 418 1657 et
439 1617 560 1671 ipsius
584 1615 772 1658 Caesaris
795 1616 994 1656 orationes
1018 1622 1153 1656 contra
1177 1615 1246 1656 hos
1270 1621 1433 1667 extant,
1467 1617 1614 1672 quibus

125 1692 166 1725 et
187 1699 257 1725 sua
280 1693 365 1726 acta
389 1686 563 1726 defendit
584 1693 624 1727 et
644 1686 731 1727 illos
752 1685 986 1726 insectatur.

236 1753 347 1794 Ead.
373 1755 413 1794 in
438 1754 586 1794 Vatia.
612 1769 657 1809 p.
681 1753 787 1794 317:
831 1751 1098 1794 Commiserat
1127 1752 1281 1792 senatui
1311 1766 1469 1792 causam
1501 1767 1613 1793 suam

127 1818 177 1862 C.
203 1819 377 1869 Caesar,
401 1822 438 1861 id
461 1829 545 1872 est,
571 1829 613 1862 ut
634 1822 681 1863 de
704 1823 791 1877 lege
812 1821 968 1876 agraria
993 1827 1123 1874 patres
1146 1820 1381 1861 iudicarent.
1432 1819 1487 1860 lbi
1510 1822 1614 1862 enim

127 1890 283 1932 habitae
305 1898 393 1930 sunt
419 1898 499 1931 tres
522 1891 613 1931 illae
635 1890 834 1930 orationes
858 1896 995 1930 contra
1018 1887 1232 1929 Domitium
1256 1897 1295 1929 et
1319 1888 1564 1929 Memmium.

51 1965 94 1999 25
239 1957 406 1998 Saeton.
437 1957 557 1998 Caes.
581 1959 659 2000 73:
695 1957 744 1999 C.
772 1957 962 2009 Memmii,
989 1959 1098 1999 cuius
1121 1957 1346 2011 asperrimis
1369 1957 1614 1999 orationihus

128 2040 205 2065 non
239 2026 389 2066 minore
413 2027 628 2067 acerbitate
651 2028 934 2081 rescripserat,
969 2028 1083 2067 etiam
1108 2027 1348 2080 suffragator
1370 2040 1462 2065 mox
1485 2026 1525 2066 in
1548 2040 1614 2081 pe-

129 2094 267 2133 titione
290 2095 515 2134 consulatus
539 2095 627 2134 fuit.

503 2177 603 2203 APVD
624 2178 779 2203 MlLtTES
803 2179 848 2204 nt:
873 2177 1065 2203 commonis
1089 2176 1231 2201 Eonvm.

241 2229 432 2270 Dc'omecl.
452 2245 496 2285 p.
524 2230 604 2271 395
628 2230 702 2271 P.:
746 2231 915 2272 Frustro
946 2232 1000 2271 ait
1023 2229 1071 2271 C.
1098 2228 1251 2271 Cacsar
1281 2230 1379 2284 apud
1404 2229 1544 2272 milites
1568 2230 1615 2272 de

53 2306 94 2335 ου
128 2298 338 2337 commodis
361 2312 521 2338 eorum:
551 2297 658 2339 ‘Non
685 2301 878 2341 l'rustrabo
903 2315 989 2351 uos,
1014 2297 1188 2340 milites'.

272 2481 283 2512 1
304 2481 431 2524 teporis
446 2481 602 2522 Lipsius,
625 2484 786 2525 temporis
807 2483 908 2515 codd.
1048 2484 1066 2516 2
1082 2483 1249 2514 mirantur
1267 2481 1467 2514 Leidensis.

129 2530 146 2561 t}
160 2529 258 2561 {unce
271 2542 346 2573 ego,
361 2534 458 2564 uince
472 2536 592 2574 regius
605 2547 615 2565 .·
629 2533 740 2566 Vinici
758 2534 921 2577 Thya-ius,
936 2534 1013 2566 Vini
1027 2535 1097 2565 lae.
1115 2534 1329 2566 Gronouz'ess.
1461 2533 1611 2578 71norte]

128 2580 337 2613 Nicomedes
356 2583 446 2614 obiit
465 2594 497 2615 a.
519 2585 574 2617 75.
762 2587 779 2618 9
801 2596 817 2616 a
838 2586 1032 2628 propinquis
1053 2596 1147 2627 opem
1171 2584 1262 2616 serre
1281 2585 1402 2617 eadem
1421 2588 1456 2616 et
1472 2589 1613 2619 ratione

130 2635 164 2662 et
182 2635 360 2663 sententia
376 2634 511 2666 dcc-itur
527 2639 636 2677 alque
654 2646 674 2667 a
690 2639 907 2678 propinquis
920 2637 1119 2679 defendere.
1137 2637 1325 2677 Perperam
1341 2637 1425 2667 haec
1440 2639 1612 2677 temptam

131 2688 227 2715 sunt-
408 2686 444 2718 13
467 2688 525 2729 Cf.
546 2689 690 2720 Sneton.
710 2688 844 2721 Neron.
866 2690 899 2720 ἱ).
1073 2689 1115 2720 ⁸20
1136 2688 1256 2730 quibus
1276 2687 1394 2719 Maius
1412 2689 1609 2728 suppleuit.

274 2736 316 2767 ‘23
329 2735 387 2777 ibi]
404 2737 434 2768 bi
451 2739 527 2770 eod.
669 2742 711 2775 24
726 2742 785 2772 ille
805 2741 880 2772 eod.
1025 2741 1068 2775 28
1080 2741 1260 2772 Immerito
1279 2741 1364 2771 haec
1382 2740 1612 2774 adulteram-

131 2791 249 2819 utmm
268 2790 474 2820 orationum
493 2791 580 2832 apud
596 2792 721 2824 milites
735 2793 767 2824 in
783 2793 945 2835 Hispania
959 2792 1008 2833 (p.
1022 2793 1098 2829 752,
1111 2792 1145 2833 8)
1157 2792 1270 2823 relata
1284 2794 1378 2830 sunt,
1392 2797 1609 2832 praesertim

131 2849 208 2869 eum
234 2840 319 2870 lmec
343 2842 462 2872 oratio
486 2842 606 2874 uerbis
632 2843 672 2874 de
697 2845 881 2877 commodis
910 2854 1026 2876 eorum
1052 2843 1138 2876 (lata
1157 2853 1266 2884 opera
1283 2843 1324 2873 ab
1344 2842 1421 2873 ιἸίιέ
1438 2842 1614 2887 discingui

129 2891 308 2922 uideatur.
