<?xml version="1.0" encoding="UTF-8"?>
<!DOCTYPE html PUBLIC "-//W3C//DTD XHTML 1.0 Transitional//EN"
    "http://www.w3.org/TR/xhtml1/DTD/xhtml1-transitional.dtd">
<html xmlns="http://www.w3.org/1999/xhtml" xml:lang="en" lang="en">
 <head>
  <title>
</title>
<meta http-equiv="Content-Type" content="text/html;charset=utf-8" />
  <meta name='ocr-system' content='tesseract 3.04.00' />
  <meta name='ocr-capabilities' content='ocr_page ocr_carea ocr_par ocr_line ocrx_word'/>
</head>
<body>
  <div class='ocr_page' id='page_1' title='image "./commentarii00caesuoft_0283.png"; bbox 0 0 1835 3240; ppageno 0'>
   <div class='ocr_carea' id='block_1_1' title="bbox 600 150 1730 204">
    <p class='ocr_par' dir='ltr' id='par_1_1' title="bbox 600 150 1730 204">
     <span class='ocr_line' id='line_1_1' title="bbox 600 150 1730 204; baseline 0.004 -7"><span class='ocrx_word' id='word_1_1' title='bbox 600 152 781 198; x_wconf 83' lang='lat' dir='ltr'><strong>COMM.</strong></span> <span class='ocrx_word' id='word_1_2' title='bbox 807 153 826 195; x_wconf 97' lang='grc' dir='ltr'>Ι</span> <span class='ocrx_word' id='word_1_3' title='bbox 857 150 981 196; x_wconf 82' lang='lat' dir='ltr'><strong>CAP.</strong></span> <span class='ocrx_word' id='word_1_4' title='bbox 1005 154 1207 197; x_wconf 79' lang='lat'><strong>29—-31.</strong></span> <span class='ocrx_word' id='word_1_5' title='bbox 1648 160 1730 204; x_wconf 79' lang='lat'><strong>273</strong></span> 
     </span>
    </p>
   </div>
   <div class='ocr_carea' id='block_1_2' title="bbox 75 267 1717 2567">
    <p class='ocr_par' dir='ltr' id='par_1_2' title="bbox 158 267 1697 527">
     <span class='ocr_line' id='line_1_2' title="bbox 163 267 1697 324; baseline 0.004 -13"><span class='ocrx_word' id='word_1_6' title='bbox 163 271 203 311; x_wconf 90' lang='lat' dir='ltr'><strong>in</strong></span> <span class='ocrx_word' id='word_1_7' title='bbox 232 268 384 309; x_wconf 89' lang='lat' dir='ltr'><strong>occulto</strong></span> <span class='ocrx_word' id='word_1_8' title='bbox 418 267 464 307; x_wconf 89' lang='lat' dir='ltr'><strong>de</strong></span> <span class='ocrx_word' id='word_1_9' title='bbox 495 281 566 307; x_wconf 85' lang='lat' dir='ltr'><strong>sua</strong></span> <span class='ocrx_word' id='word_1_10' title='bbox 588 269 836 322; x_wconf 86' lang='lat' dir='ltr'><strong>omniumque</strong></span> <span class='ocrx_word' id='word_1_11' title='bbox 859 269 986 310; x_wconf 88' lang='lat' dir='ltr'><strong>salute</strong></span> <span class='ocrx_word' id='word_1_12' title='bbox 1007 282 1095 308; x_wconf 92' lang='lat' dir='ltr'><strong>cum</strong></span> <span class='ocrx_word' id='word_1_13' title='bbox 1118 282 1165 309; x_wconf 87' lang='lat' dir='ltr'><strong>eo</strong></span> <span class='ocrx_word' id='word_1_14' title='bbox 1187 283 1307 324; x_wconf 85' lang='lat' dir='ltr'><strong>agere</strong></span> <span class='ocrx_word' id='word_1_15' title='bbox 1328 270 1483 312; x_wconf 84' lang='lat' dir='ltr'><strong>liceret.</strong></span> <span class='ocrx_word' id='word_1_16' title='bbox 1523 272 1585 314; x_wconf 88' lang='lat' dir='ltr'><strong>Ea</strong></span> <span class='ocrx_word' id='word_1_17' title='bbox 1606 289 1649 316; x_wconf 90' lang='lat' dir='ltr'><strong>re</strong></span> <span class='ocrx_word' id='word_1_18' title='bbox 1669 276 1697 316; x_wconf 79' lang='lat'><strong>2</strong></span> 
     </span>
     <span class='ocr_line' id='line_1_3' title="bbox 162 334 1649 391; baseline 0.003 -14"><span class='ocrx_word' id='word_1_19' title='bbox 162 338 369 390; x_wconf 87' lang='lat' dir='ltr'><strong>impetrata</strong></span> <span class='ocrx_word' id='word_1_20' title='bbox 391 349 481 376; x_wconf 90' lang='grc'><strong>5656</strong></span> <span class='ocrx_word' id='word_1_21' title='bbox 504 350 640 376; x_wconf 89' lang='lat' dir='ltr'><strong>omnes</strong></span> <span class='ocrx_word' id='word_1_22' title='bbox 665 336 805 377; x_wconf 87' lang='lat' dir='ltr'><strong>flentes</strong></span> <span class='ocrx_word' id='word_1_23' title='bbox 829 334 997 378; x_wconf 81' lang='lat' dir='ltr'>Caesari</span> <span class='ocrx_word' id='word_1_24' title='bbox 1019 337 1066 376; x_wconf 86' lang='lat' dir='ltr'><strong>ad</strong></span> <span class='ocrx_word' id='word_1_25' title='bbox 1089 337 1208 390; x_wconf 90' lang='lat' dir='ltr'><strong>pedes</strong></span> <span class='ocrx_word' id='word_1_26' title='bbox 1230 336 1509 391; x_wconf 86' lang='lat' dir='ltr'><strong>proiecerunt:</strong></span> <span class='ocrx_word' id='word_1_27' title='bbox 1557 335 1649 381; x_wconf 84' lang='lat' dir='ltr'><strong>Nou</strong></span> 
     </span>
     <span class='ocr_line' id='line_1_4' title="bbox 162 403 1649 457; baseline 0.003 -14"><span class='ocrx_word' id='word_1_28' title='bbox 162 404 287 444; x_wconf 91' lang='lat' dir='ltr'><strong>miuus</strong></span> <span class='ocrx_word' id='word_1_29' title='bbox 309 417 353 444; x_wconf 92' lang='grc'><strong>56</strong></span> <span class='ocrx_word' id='word_1_30' title='bbox 376 403 411 443; x_wconf 92' lang='lat' dir='ltr'><strong>id</strong></span> <span class='ocrx_word' id='word_1_31' title='bbox 436 404 674 445; x_wconf 78' lang='lat' dir='ltr'><strong>contendere</strong></span> <span class='ocrx_word' id='word_1_32' title='bbox 697 411 735 444; x_wconf 90' lang='lat' dir='ltr'><strong>et</strong></span> <span class='ocrx_word' id='word_1_33' title='bbox 756 405 951 454; x_wconf 88' lang='lat' dir='ltr'><strong>laborare,</strong></span> <span class='ocrx_word' id='word_1_34' title='bbox 987 419 1036 445; x_wconf 90' lang='lat' dir='ltr'><strong>ne</strong></span> <span class='ocrx_word' id='word_1_35' title='bbox 1059 418 1127 451; x_wconf 85' lang='lat' dir='ltr'><strong>ea,</strong></span> <span class='ocrx_word' id='word_1_36' title='bbox 1153 417 1252 457; x_wconf 89' lang='lat' dir='ltr'><strong>quae</strong></span> <span class='ocrx_word' id='word_1_37' title='bbox 1275 403 1500 457; x_wconf 81' lang='lat' dir='ltr'><strong>dixissent,</strong></span> <span class='ocrx_word' id='word_1_38' title='bbox 1526 420 1649 448; x_wconf 86' lang='lat' dir='ltr'><strong>enun-</strong></span> 
     </span>
     <span class='ocr_line' id='line_1_5' title="bbox 158 471 1645 527; baseline 0.003 -16"><span class='ocrx_word' id='word_1_39' title='bbox 158 472 368 520; x_wconf 88' lang='lat' dir='ltr'><strong>tiarentur,</strong></span> <span class='ocrx_word' id='word_1_40' title='bbox 394 486 508 524; x_wconf 89' lang='lat' dir='ltr'><strong>quam</strong></span> <span class='ocrx_word' id='word_1_41' title='bbox 530 471 587 511; x_wconf 91' lang='lat' dir='ltr'><strong>uti</strong></span> <span class='ocrx_word' id='word_1_42' title='bbox 610 486 670 521; x_wconf 83' lang='lat' dir='ltr'><strong>ea,</strong></span> <span class='ocrx_word' id='word_1_43' title='bbox 696 486 794 524; x_wconf 87' lang='lat' dir='ltr'><strong>quae</strong></span> <span class='ocrx_word' id='word_1_44' title='bbox 817 473 979 521; x_wconf 85' lang='lat' dir='ltr'><strong>uellent,</strong></span> <span class='ocrx_word' id='word_1_45' title='bbox 1003 472 1280 525; x_wconf 87' lang='lat' dir='ltr'><strong>impetrarent,</strong></span> <span class='ocrx_word' id='word_1_46' title='bbox 1306 479 1512 527; x_wconf 89' lang='lat' dir='ltr'><strong>propterea</strong></span> <span class='ocrx_word' id='word_1_47' title='bbox 1529 476 1645 527; x_wconf 88' lang='lat' dir='ltr'><strong>quod,</strong></span> 
     </span>
    </p>

    <p class='ocr_par' dir='ltr' id='par_1_3' title="bbox 114 539 1697 865">
     <span class='ocr_line' id='line_1_6' title="bbox 114 539 1648 588; baseline 0.002 -8"><span class='ocrx_word' id='word_1_48' title='bbox 114 547 131 579; x_wconf 88' lang='lat'>5</span> <span class='ocrx_word' id='word_1_49' title='bbox 161 539 196 580; x_wconf 86' lang='lat' dir='ltr'><strong>si</strong></span> <span class='ocrx_word' id='word_1_50' title='bbox 218 540 465 580; x_wconf 86' lang='lat' dir='ltr'><strong>enuntiatum</strong></span> <span class='ocrx_word' id='word_1_51' title='bbox 488 546 619 588; x_wconf 83' lang='lat' dir='ltr'><strong>esset,</strong></span> <span class='ocrx_word' id='word_1_52' title='bbox 653 552 845 579; x_wconf 89' lang='lat' dir='ltr'><strong>summum</strong></span> <span class='ocrx_word' id='word_1_53' title='bbox 868 540 906 579; x_wconf 91' lang='lat' dir='ltr'><strong>in</strong></span> <span class='ocrx_word' id='word_1_54' title='bbox 931 540 1146 580; x_wconf 86' lang='lat' dir='ltr'><strong>cruciatum</strong></span> <span class='ocrx_word' id='word_1_55' title='bbox 1169 553 1212 580; x_wconf 92' lang='lat' dir='ltr'><strong>se</strong></span> <span class='ocrx_word' id='word_1_56' title='bbox 1234 547 1427 580; x_wconf 87' lang='lat' dir='ltr'><strong>uenturos</strong></span> <span class='ocrx_word' id='word_1_57' title='bbox 1452 541 1648 583; x_wconf 87' lang='lat' dir='ltr'><strong>uiderent.</strong></span> 
     </span>
     <span class='ocr_line' id='line_1_7' title="bbox 157 605 1695 661; baseline 0.003 -14"><span class='ocrx_word' id='word_1_58' title='bbox 157 605 337 648; x_wconf 78' lang='lat' dir='ltr'><strong>Locutus</strong></span> <span class='ocrx_word' id='word_1_59' title='bbox 361 614 420 648; x_wconf 88' lang='lat' dir='ltr'><strong>est</strong></span> <span class='ocrx_word' id='word_1_60' title='bbox 442 622 510 661; x_wconf 88' lang='lat' dir='ltr'><strong>pro</strong></span> <span class='ocrx_word' id='word_1_61' title='bbox 535 606 594 646; x_wconf 90' lang='lat' dir='ltr'><strong>his</strong></span> <span class='ocrx_word' id='word_1_62' title='bbox 616 605 838 647; x_wconf 82' lang='lat' dir='ltr'><strong>Diuitiacus</strong></span> <span class='ocrx_word' id='word_1_63' title='bbox 868 606 1079 647; x_wconf 81' lang='lat' dir='ltr'>Haeduus:</span> <span class='ocrx_word' id='word_1_64' title='bbox 1116 605 1270 647; x_wconf 86' lang='lat' dir='ltr'><strong>Galliae</strong></span> <span class='ocrx_word' id='word_1_65' title='bbox 1301 608 1421 648; x_wconf 88' lang='lat' dir='ltr'><strong>totius</strong></span> <span class='ocrx_word' id='word_1_66' title='bbox 1453 610 1647 651; x_wconf 88' lang='lat' dir='ltr'><strong>factiones</strong></span> <span class='ocrx_word' id='word_1_67' title='bbox 1671 610 1695 651; x_wconf 91' lang='grc'>3</span> 
     </span>
     <span class='ocr_line' id='line_1_8' title="bbox 160 674 1650 729; baseline 0.003 -14"><span class='ocrx_word' id='word_1_68' title='bbox 160 688 248 716; x_wconf 89' lang='grc'><strong>6556</strong></span> <span class='ocrx_word' id='word_1_69' title='bbox 280 674 399 715; x_wconf 83' lang='lat' dir='ltr'><strong>duas:</strong></span> <span class='ocrx_word' id='word_1_70' title='bbox 435 675 571 714; x_wconf 87' lang='lat' dir='ltr'><strong>harum</strong></span> <span class='ocrx_word' id='word_1_71' title='bbox 602 674 766 715; x_wconf 82' lang='lat' dir='ltr'><strong>alterius</strong></span> <span class='ocrx_word' id='word_1_72' title='bbox 797 674 1054 729; x_wconf 67' lang='lat' dir='ltr'><strong>principatum</strong></span> <span class='ocrx_word' id='word_1_73' title='bbox 1086 681 1226 715; x_wconf 88' lang='lat' dir='ltr'><strong>tenere</strong></span> <span class='ocrx_word' id='word_1_74' title='bbox 1248 674 1452 727; x_wconf 79' lang='lat' dir='ltr'><strong>Haeduos,</strong></span> <span class='ocrx_word' id='word_1_75' title='bbox 1485 678 1650 719; x_wconf 85' lang='lat' dir='ltr'><strong>alterius</strong></span> 
     </span>
     <span class='ocr_line' id='line_1_9' title="bbox 159 741 1697 796; baseline 0.003 -13"><span class='ocrx_word' id='word_1_76' title='bbox 159 742 384 783; x_wconf 90' lang='lat' dir='ltr'><strong>Aruernos.</strong></span> <span class='ocrx_word' id='word_1_77' title='bbox 430 741 482 781; x_wconf 91' lang='lat' dir='ltr'><strong>Hi</strong></span> <span class='ocrx_word' id='word_1_78' title='bbox 514 756 599 782; x_wconf 88' lang='lat' dir='ltr'><strong>cum</strong></span> <span class='ocrx_word' id='word_1_79' title='bbox 629 748 835 796; x_wconf 80' lang='lat' dir='ltr'><strong>tantopere</strong></span> <span class='ocrx_word' id='word_1_80' title='bbox 862 743 908 782; x_wconf 90' lang='lat' dir='ltr'><strong>de</strong></span> <span class='ocrx_word' id='word_1_81' title='bbox 932 748 1139 796; x_wconf 89' lang='lat' dir='ltr'><strong>potentatu</strong></span> <span class='ocrx_word' id='word_1_82' title='bbox 1159 742 1266 783; x_wconf 86' lang='lat' dir='ltr'><strong>inter</strong></span> <span class='ocrx_word' id='word_1_83' title='bbox 1286 757 1330 784; x_wconf 90' lang='lat' dir='ltr'><strong>se</strong></span> <span class='ocrx_word' id='word_1_84' title='bbox 1353 745 1497 786; x_wconf 90' lang='lat' dir='ltr'><strong>multos</strong></span> <span class='ocrx_word' id='word_1_85' title='bbox 1521 759 1647 787; x_wconf 88' lang='lat' dir='ltr'><strong>annos</strong></span> <span class='ocrx_word' id='word_1_86' title='bbox 1669 746 1697 787; x_wconf 88' lang='grc'>4</span> 
     </span>
     <span class='ocr_line' id='line_1_10' title="bbox 159 808 1650 865; baseline 0.002 -14"><span class='ocrx_word' id='word_1_87' title='bbox 159 811 459 860; x_wconf 82' lang='lat' dir='ltr'><strong>contenderent,</strong></span> <span class='ocrx_word' id='word_1_88' title='bbox 485 811 631 850; x_wconf 86' lang='lat' dir='ltr'><strong>factum</strong></span> <span class='ocrx_word' id='word_1_89' title='bbox 654 824 758 860; x_wconf 86' lang='lat' dir='ltr'><strong>esse,</strong></span> <span class='ocrx_word' id='word_1_90' title='bbox 794 810 849 850; x_wconf 89' lang='lat' dir='ltr'><strong>uti</strong></span> <span class='ocrx_word' id='word_1_91' title='bbox 871 810 917 850; x_wconf 88' lang='lat' dir='ltr'><strong>ab</strong></span> <span class='ocrx_word' id='word_1_92' title='bbox 941 809 1138 850; x_wconf 83' lang='lat' dir='ltr'><strong>Aruernis</strong></span> <span class='ocrx_word' id='word_1_93' title='bbox 1161 808 1434 865; x_wconf 86' lang='lat' dir='ltr'><strong>Sequanisque</strong></span> <span class='ocrx_word' id='word_1_94' title='bbox 1457 811 1650 854; x_wconf 87' lang='lat' dir='ltr'><strong>Germani</strong></span> 
     </span>
    </p>

    <p class='ocr_par' dir='ltr' id='par_1_4' title="bbox 86 877 1695 1205">
     <span class='ocr_line' id='line_1_11' title="bbox 86 877 1695 932; baseline 0.002 -13"><span class='ocrx_word' id='word_1_95' title='bbox 86 885 126 918; x_wconf 91' lang='grc'><strong>10</strong></span> <span class='ocrx_word' id='word_1_96' title='bbox 156 880 337 919; x_wconf 84' lang='lat' dir='ltr'><strong>mercede</strong></span> <span class='ocrx_word' id='word_1_97' title='bbox 358 885 672 919; x_wconf 83' lang='lat' dir='ltr'><strong>arcesserentur.</strong></span> <span class='ocrx_word' id='word_1_98' title='bbox 717 877 869 918; x_wconf 91' lang='lat' dir='ltr'><strong>Horum</strong></span> <span class='ocrx_word' id='word_1_99' title='bbox 899 878 1023 932; x_wconf 89' lang='lat' dir='ltr'><strong>primo</strong></span> <span class='ocrx_word' id='word_1_100' title='bbox 1047 879 1206 919; x_wconf 83' lang='lat' dir='ltr'><strong>circiter</strong></span> <span class='ocrx_word' id='word_1_101' title='bbox 1235 879 1340 919; x_wconf 85' lang='lat' dir='ltr'><strong>milia</strong></span> <span class='ocrx_word' id='word_1_102' title='bbox 1371 886 1435 921; x_wconf 90' lang='lat' dir='ltr'><strong>XV</strong></span> <span class='ocrx_word' id='word_1_103' title='bbox 1464 880 1649 922; x_wconf 90' lang='lat' dir='ltr'><strong>Rhenum</strong></span> <span class='ocrx_word' id='word_1_104' title='bbox 1671 882 1695 922; x_wconf 88' lang='lat'>5</span> 
     </span>
     <span class='ocr_line' id='line_1_12' title="bbox 160 945 1648 1001; baseline 0.003 -15"><span class='ocrx_word' id='word_1_105' title='bbox 160 946 376 987; x_wconf 86' lang='lat' dir='ltr'><strong>transisse:</strong></span> <span class='ocrx_word' id='word_1_106' title='bbox 403 953 655 1000; x_wconf 80' lang='lat' dir='ltr'><strong>posteaquam</strong></span> <span class='ocrx_word' id='word_1_107' title='bbox 678 960 796 1000; x_wconf 84' lang='lat' dir='ltr'><strong>agros</strong></span> <span class='ocrx_word' id='word_1_108' title='bbox 819 953 858 987; x_wconf 88' lang='lat' dir='ltr'><strong>et</strong></span> <span class='ocrx_word' id='word_1_109' title='bbox 875 946 1020 986; x_wconf 88' lang='lat' dir='ltr'><strong>cultum</strong></span> <span class='ocrx_word' id='word_1_110' title='bbox 1043 954 1082 987; x_wconf 86' lang='lat' dir='ltr'><strong>et</strong></span> <span class='ocrx_word' id='word_1_111' title='bbox 1104 947 1235 1001; x_wconf 91' lang='lat' dir='ltr'><strong>copias</strong></span> <span class='ocrx_word' id='word_1_112' title='bbox 1250 945 1454 989; x_wconf 82' lang='lat' dir='ltr'><strong>Gallorum</strong></span> <span class='ocrx_word' id='word_1_113' title='bbox 1468 949 1648 991; x_wconf 89' lang='lat' dir='ltr'><strong>homines</strong></span> 
     </span>
     <span class='ocr_line' id='line_1_13' title="bbox 159 1013 1648 1069; baseline 0.003 -16"><span class='ocrx_word' id='word_1_114' title='bbox 159 1013 231 1053; x_wconf 84' lang='lat' dir='ltr'><strong>feri</strong></span> <span class='ocrx_word' id='word_1_115' title='bbox 254 1028 299 1053; x_wconf 90' lang='lat' dir='ltr'><strong>ac</strong></span> <span class='ocrx_word' id='word_1_116' title='bbox 321 1014 480 1054; x_wconf 87' lang='lat' dir='ltr'><strong>barbari</strong></span> <span class='ocrx_word' id='word_1_117' title='bbox 501 1015 768 1065; x_wconf 78' lang='lat' dir='ltr'><strong>adamassem,</strong></span> <span class='ocrx_word' id='word_1_118' title='bbox 801 1015 1002 1055; x_wconf 88' lang='lat' dir='ltr'><strong>traductos</strong></span> <span class='ocrx_word' id='word_1_119' title='bbox 1025 1015 1183 1069; x_wconf 87' lang='lat' dir='ltr'><strong>plures:</strong></span> <span class='ocrx_word' id='word_1_120' title='bbox 1216 1030 1321 1056; x_wconf 89' lang='lat' dir='ltr'><strong>nunc</strong></span> <span class='ocrx_word' id='word_1_121' title='bbox 1344 1030 1432 1058; x_wconf 86' lang='lat' dir='ltr'><strong>esse</strong></span> <span class='ocrx_word' id='word_1_122' title='bbox 1454 1017 1494 1057; x_wconf 92' lang='lat' dir='ltr'><strong>in</strong></span> <span class='ocrx_word' id='word_1_123' title='bbox 1517 1016 1648 1058; x_wconf 87' lang='lat' dir='ltr'><strong>Gallia</strong></span> 
     </span>
     <span class='ocr_line' id='line_1_14' title="bbox 159 1080 1693 1139; baseline 0.004 -18"><span class='ocrx_word' id='word_1_124' title='bbox 159 1082 206 1121; x_wconf 87' lang='lat' dir='ltr'><strong>ad</strong></span> <span class='ocrx_word' id='word_1_125' title='bbox 229 1088 382 1122; x_wconf 89' lang='lat' dir='ltr'><strong>centum</strong></span> <span class='ocrx_word' id='word_1_126' title='bbox 407 1089 447 1122; x_wconf 91' lang='lat' dir='ltr'><strong>et</strong></span> <span class='ocrx_word' id='word_1_127' title='bbox 475 1089 543 1122; x_wconf 66' lang='lat' dir='ltr'><strong>XX</strong></span> <span class='ocrx_word' id='word_1_128' title='bbox 572 1083 719 1122; x_wconf 83' lang='lat' dir='ltr'><strong>milium</strong></span> <span class='ocrx_word' id='word_1_129' title='bbox 743 1097 963 1123; x_wconf 90' lang='lat' dir='ltr'><strong>numerum.</strong></span> <span class='ocrx_word' id='word_1_130' title='bbox 1012 1080 1113 1123; x_wconf 85' lang='lat' dir='ltr'><strong>Cum</strong></span> <span class='ocrx_word' id='word_1_131' title='bbox 1137 1083 1196 1123; x_wconf 88' lang='lat' dir='ltr'><strong>his</strong></span> <span class='ocrx_word' id='word_1_132' title='bbox 1219 1082 1407 1125; x_wconf 85' lang='lat' dir='ltr'><strong>Haeduos</strong></span> <span class='ocrx_word' id='word_1_133' title='bbox 1431 1098 1645 1139; x_wconf 91' lang='lat' dir='ltr'><strong>eorumque</strong></span> <span class='ocrx_word' id='word_1_134' title='bbox 1668 1085 1693 1126; x_wconf 88' lang='grc'><strong>6</strong></span> 
     </span>
     <span class='ocr_line' id='line_1_15' title="bbox 157 1149 1646 1205; baseline 0.003 -16"><span class='ocrx_word' id='word_1_135' title='bbox 157 1149 320 1190; x_wconf 89' lang='lat' dir='ltr'><strong>clientes</strong></span> <span class='ocrx_word' id='word_1_136' title='bbox 344 1151 467 1190; x_wconf 83' lang='lat' dir='ltr'><strong>semel</strong></span> <span class='ocrx_word' id='word_1_137' title='bbox 488 1156 603 1203; x_wconf 85' lang='lat' dir='ltr'><strong>atque</strong></span> <span class='ocrx_word' id='word_1_138' title='bbox 624 1151 764 1191; x_wconf 90' lang='lat' dir='ltr'><strong>iterum</strong></span> <span class='ocrx_word' id='word_1_139' title='bbox 789 1151 908 1191; x_wconf 87' lang='lat' dir='ltr'><strong>armis</strong></span> <span class='ocrx_word' id='word_1_140' title='bbox 932 1150 1210 1201; x_wconf 81' lang='lat' dir='ltr'><strong>contendisse3</strong></span> <span class='ocrx_word' id='word_1_141' title='bbox 1237 1164 1418 1205; x_wconf 85' lang='lat' dir='ltr'><strong>magnam</strong></span> <span class='ocrx_word' id='word_1_142' title='bbox 1442 1152 1646 1193; x_wconf 87' lang='lat' dir='ltr'><strong>calamita-</strong></span> 
     </span>
    </p>

    <p class='ocr_par' dir='ltr' id='par_1_5' title="bbox 86 1218 1692 1546">
     <span class='ocr_line' id='line_1_16' title="bbox 86 1218 1644 1272; baseline 0.004 -16"><span class='ocrx_word' id='word_1_143' title='bbox 86 1224 124 1256; x_wconf 83' lang='lat'><strong>15</strong></span> <span class='ocrx_word' id='word_1_144' title='bbox 156 1224 233 1258; x_wconf 89' lang='lat' dir='ltr'><strong>tem</strong></span> <span class='ocrx_word' id='word_1_145' title='bbox 255 1218 387 1271; x_wconf 92' lang='lat' dir='ltr'><strong>pulsos</strong></span> <span class='ocrx_word' id='word_1_146' title='bbox 403 1218 618 1272; x_wconf 87' lang='lat' dir='ltr'><strong>accepisse,</strong></span> <span class='ocrx_word' id='word_1_147' title='bbox 644 1234 795 1260; x_wconf 90' lang='lat' dir='ltr'><strong>omnem</strong></span> <span class='ocrx_word' id='word_1_148' title='bbox 810 1219 1068 1268; x_wconf 84' lang='lat' dir='ltr'><strong>nobilitatem,</strong></span> <span class='ocrx_word' id='word_1_149' title='bbox 1094 1232 1249 1259; x_wconf 89' lang='lat' dir='ltr'><strong>omnem</strong></span> <span class='ocrx_word' id='word_1_150' title='bbox 1267 1227 1465 1268; x_wconf 87' lang='lat' dir='ltr'><strong>senatum,</strong></span> <span class='ocrx_word' id='word_1_151' title='bbox 1489 1234 1644 1262; x_wconf 88' lang='lat' dir='ltr'><strong>omnem</strong></span> 
     </span>
     <span class='ocr_line' id='line_1_17' title="bbox 157 1285 1692 1342; baseline 0.003 -17"><span class='ocrx_word' id='word_1_152' title='bbox 157 1285 373 1338; x_wconf 87' lang='lat' dir='ltr'><strong>equitatum</strong></span> <span class='ocrx_word' id='word_1_153' title='bbox 396 1286 591 1327; x_wconf 89' lang='lat' dir='ltr'><strong>amisisse.</strong></span> <span class='ocrx_word' id='word_1_154' title='bbox 645 1285 796 1339; x_wconf 81' lang='lat' dir='ltr'><strong>Quibus</strong></span> <span class='ocrx_word' id='word_1_155' title='bbox 818 1287 979 1341; x_wconf 86' lang='lat' dir='ltr'><strong>proeliis</strong></span> <span class='ocrx_word' id='word_1_156' title='bbox 1002 1287 1367 1341; x_wconf 85' lang='lat' dir='ltr'><strong>calamitatibusque</strong></span> <span class='ocrx_word' id='word_1_157' title='bbox 1390 1289 1554 1339; x_wconf 83' lang='lat' dir='ltr'><strong>fractos,</strong></span> <span class='ocrx_word' id='word_1_158' title='bbox 1581 1289 1645 1342; x_wconf 90' lang='lat' dir='ltr'><strong>qui</strong></span> <span class='ocrx_word' id='word_1_159' title='bbox 1667 1288 1692 1329; x_wconf 90' lang='lat'>7</span> 
     </span>
     <span class='ocr_line' id='line_1_18' title="bbox 158 1354 1644 1410; baseline 0.003 -18"><span class='ocrx_word' id='word_1_160' title='bbox 158 1360 196 1392; x_wconf 91' lang='lat' dir='ltr'><strong>et</strong></span> <span class='ocrx_word' id='word_1_161' title='bbox 218 1367 289 1393; x_wconf 87' lang='lat' dir='ltr'><strong>sua</strong></span> <span class='ocrx_word' id='word_1_162' title='bbox 312 1354 457 1393; x_wconf 88' lang='lat' dir='ltr'><strong>uirtute</strong></span> <span class='ocrx_word' id='word_1_163' title='bbox 480 1362 519 1394; x_wconf 84' lang='lat' dir='ltr'><strong>et</strong></span> <span class='ocrx_word' id='word_1_164' title='bbox 541 1355 670 1408; x_wconf 89' lang='lat' dir='ltr'><strong>populi</strong></span> <span class='ocrx_word' id='word_1_165' title='bbox 691 1354 863 1395; x_wconf 83' lang='lat' dir='ltr'><strong>Romani</strong></span> <span class='ocrx_word' id='word_1_166' title='bbox 893 1355 1061 1409; x_wconf 86' lang='lat' dir='ltr'><strong>hospitio</strong></span> <span class='ocrx_word' id='word_1_167' title='bbox 1093 1361 1210 1408; x_wconf 87' lang='lat' dir='ltr'><strong>atque</strong></span> <span class='ocrx_word' id='word_1_168' title='bbox 1240 1355 1414 1395; x_wconf 86' lang='lat' dir='ltr'><strong>amicitia</strong></span> <span class='ocrx_word' id='word_1_169' title='bbox 1436 1356 1644 1410; x_wconf 88' lang='lat' dir='ltr'><strong>plurimum</strong></span> 
     </span>
     <span class='ocr_line' id='line_1_19' title="bbox 156 1419 1645 1476; baseline 0.003 -16"><span class='ocrx_word' id='word_1_170' title='bbox 156 1427 248 1461; x_wconf 85' lang='lat' dir='ltr'><strong>ante</strong></span> <span class='ocrx_word' id='word_1_171' title='bbox 277 1421 318 1460; x_wconf 91' lang='lat' dir='ltr'><strong>in</strong></span> <span class='ocrx_word' id='word_1_172' title='bbox 341 1419 471 1461; x_wconf 79' lang='lat' dir='ltr'><strong>Gallia</strong></span> <span class='ocrx_word' id='word_1_173' title='bbox 492 1422 730 1475; x_wconf 86' lang='lat' dir='ltr'><strong>potuissent,</strong></span> <span class='ocrx_word' id='word_1_174' title='bbox 765 1429 922 1462; x_wconf 88' lang='lat' dir='ltr'><strong>coactos</strong></span> <span class='ocrx_word' id='word_1_175' title='bbox 945 1435 1034 1462; x_wconf 81' lang='lat' dir='ltr'><strong>esse</strong></span> <span class='ocrx_word' id='word_1_176' title='bbox 1057 1420 1253 1476; x_wconf 89' lang='lat' dir='ltr'><strong>Sequanis</strong></span> <span class='ocrx_word' id='word_1_177' title='bbox 1277 1423 1433 1464; x_wconf 90' lang='lat' dir='ltr'><strong>obsides</strong></span> <span class='ocrx_word' id='word_1_178' title='bbox 1457 1424 1551 1465; x_wconf 88' lang='lat' dir='ltr'><strong>dare</strong></span> <span class='ocrx_word' id='word_1_179' title='bbox 1573 1438 1645 1465; x_wconf 90' lang='lat' dir='ltr'><strong>no-</strong></span> 
     </span>
     <span class='ocr_line' id='line_1_20' title="bbox 156 1489 1643 1546; baseline 0.003 -18"><span class='ocrx_word' id='word_1_180' title='bbox 156 1489 370 1529; x_wconf 89' lang='lat' dir='ltr'><strong>bilissimos</strong></span> <span class='ocrx_word' id='word_1_181' title='bbox 393 1489 565 1530; x_wconf 83' lang='lat' dir='ltr'><strong>ciuitatis</strong></span> <span class='ocrx_word' id='word_1_182' title='bbox 589 1489 891 1530; x_wconf 84' lang='lat' dir='ltr'><strong>etiureiurando</strong></span> <span class='ocrx_word' id='word_1_183' title='bbox 906 1490 1107 1531; x_wconf 88' lang='lat' dir='ltr'><strong>ciuitatem</strong></span> <span class='ocrx_word' id='word_1_184' title='bbox 1121 1491 1389 1544; x_wconf 81' lang='lat' dir='ltr'><strong>obstringere,</strong></span> <span class='ocrx_word' id='word_1_185' title='bbox 1414 1504 1502 1532; x_wconf 87' lang='lat' dir='ltr'><strong>sese</strong></span> <span class='ocrx_word' id='word_1_186' title='bbox 1514 1506 1643 1546; x_wconf 90' lang='lat' dir='ltr'><strong>neque</strong></span> 
     </span>
    </p>

    <p class='ocr_par' dir='ltr' id='par_1_6' title="bbox 79 1556 1690 1884">
     <span class='ocr_line' id='line_1_21' title="bbox 79 1556 1643 1613; baseline 0.003 -17"><span class='ocrx_word' id='word_1_187' title='bbox 79 1562 122 1596; x_wconf 82' lang='lat'><strong>20</strong></span> <span class='ocrx_word' id='word_1_188' title='bbox 154 1556 310 1597; x_wconf 89' lang='lat' dir='ltr'><strong>obsides</strong></span> <span class='ocrx_word' id='word_1_189' title='bbox 332 1557 569 1610; x_wconf 86' lang='lat' dir='ltr'><strong>repetituros</strong></span> <span class='ocrx_word' id='word_1_190' title='bbox 600 1570 725 1610; x_wconf 85' lang='lat' dir='ltr'><strong>neque</strong></span> <span class='ocrx_word' id='word_1_191' title='bbox 747 1558 941 1598; x_wconf 72' lang='lat' dir='ltr'><strong>auxilium</strong></span> <span class='ocrx_word' id='word_1_192' title='bbox 964 1573 985 1598; x_wconf 87' lang='lat' dir='ltr'><strong>a</strong></span> <span class='ocrx_word' id='word_1_193' title='bbox 1008 1559 1148 1613; x_wconf 92' lang='lat' dir='ltr'><strong>populo</strong></span> <span class='ocrx_word' id='word_1_194' title='bbox 1169 1558 1351 1599; x_wconf 87' lang='lat' dir='ltr'><strong>Romano</strong></span> <span class='ocrx_word' id='word_1_195' title='bbox 1374 1559 1643 1613; x_wconf 89' lang='lat' dir='ltr'><strong>inploraturos</strong></span> 
     </span>
     <span class='ocr_line' id='line_1_22' title="bbox 154 1624 1643 1681; baseline 0.003 -18"><span class='ocrx_word' id='word_1_196' title='bbox 154 1637 279 1676; x_wconf 85' lang='lat' dir='ltr'><strong>neque</strong></span> <span class='ocrx_word' id='word_1_197' title='bbox 301 1632 579 1674; x_wconf 80' lang='lat' dir='ltr'><strong>recusaturos,</strong></span> <span class='ocrx_word' id='word_1_198' title='bbox 614 1639 688 1677; x_wconf 92' lang='lat' dir='ltr'><strong>quo</strong></span> <span class='ocrx_word' id='word_1_199' title='bbox 712 1624 839 1665; x_wconf 88' lang='lat' dir='ltr'><strong>minus</strong></span> <span class='ocrx_word' id='word_1_200' title='bbox 863 1632 1051 1679; x_wconf 87' lang='lat' dir='ltr'><strong>perpetuo</strong></span> <span class='ocrx_word' id='word_1_201' title='bbox 1073 1627 1146 1666; x_wconf 86' lang='lat' dir='ltr'><strong>sub</strong></span> <span class='ocrx_word' id='word_1_202' title='bbox 1168 1626 1325 1667; x_wconf 89' lang='lat' dir='ltr'><strong>illorum</strong></span> <span class='ocrx_word' id='word_1_203' title='bbox 1349 1627 1504 1668; x_wconf 86' lang='lat' dir='ltr'><strong>dicione</strong></span> <span class='ocrx_word' id='word_1_204' title='bbox 1526 1634 1643 1681; x_wconf 88' lang='lat' dir='ltr'><strong>atque</strong></span> 
     </span>
     <span class='ocr_line' id='line_1_23' title="bbox 152 1691 1690 1748; baseline 0.003 -17"><span class='ocrx_word' id='word_1_205' title='bbox 152 1692 317 1746; x_wconf 87' lang='lat' dir='ltr'><strong>imperio</strong></span> <span class='ocrx_word' id='word_1_206' title='bbox 340 1699 490 1733; x_wconf 88' lang='lat' dir='ltr'><strong>essent.</strong></span> <span class='ocrx_word' id='word_1_207' title='bbox 534 1691 666 1733; x_wconf 87' lang='lat' dir='ltr'><strong>Vnum</strong></span> <span class='ocrx_word' id='word_1_208' title='bbox 689 1706 732 1733; x_wconf 89' lang='grc'><strong>56</strong></span> <span class='ocrx_word' id='word_1_209' title='bbox 754 1706 843 1732; x_wconf 84' lang='grc'><strong>6556</strong></span> <span class='ocrx_word' id='word_1_210' title='bbox 867 1707 919 1733; x_wconf 80' lang='lat' dir='ltr'><strong>cx</strong></span> <span class='ocrx_word' id='word_1_211' title='bbox 941 1694 1048 1733; x_wconf 90' lang='lat' dir='ltr'><strong>omni</strong></span> <span class='ocrx_word' id='word_1_212' title='bbox 1079 1694 1241 1735; x_wconf 82' lang='lat' dir='ltr'><strong>ciuitate</strong></span> <span class='ocrx_word' id='word_1_213' title='bbox 1262 1694 1541 1746; x_wconf 88' lang='lat' dir='ltr'><strong>Haeduorum,</strong></span> <span class='ocrx_word' id='word_1_214' title='bbox 1579 1697 1643 1748; x_wconf 83' lang='lat' dir='ltr'><strong>qui</strong></span> <span class='ocrx_word' id='word_1_215' title='bbox 1664 1695 1690 1737; x_wconf 82' lang='lat'>8</span> 
     </span>
     <span class='ocr_line' id='line_1_24' title="bbox 153 1759 1688 1815; baseline 0.003 -16"><span class='ocrx_word' id='word_1_216' title='bbox 153 1759 290 1800; x_wconf 88' lang='lat' dir='ltr'><strong>adduci</strong></span> <span class='ocrx_word' id='word_1_217' title='bbox 313 1775 392 1800; x_wconf 94' lang='lat' dir='ltr'><strong>non</strong></span> <span class='ocrx_word' id='word_1_218' title='bbox 414 1761 600 1815; x_wconf 85' lang='lat' dir='ltr'><strong>potuerit,</strong></span> <span class='ocrx_word' id='word_1_219' title='bbox 627 1767 669 1800; x_wconf 90' lang='lat' dir='ltr'><strong>ut</strong></span> <span class='ocrx_word' id='word_1_220' title='bbox 690 1760 842 1801; x_wconf 88' lang='lat' dir='ltr'><strong>iuraret</strong></span> <span class='ocrx_word' id='word_1_221' title='bbox 862 1768 930 1802; x_wconf 89' lang='lat' dir='ltr'><strong>aut</strong></span> <span class='ocrx_word' id='word_1_222' title='bbox 949 1761 1093 1803; x_wconf 89' lang='lat' dir='ltr'><strong>liberos</strong></span> <span class='ocrx_word' id='word_1_223' title='bbox 1116 1776 1210 1803; x_wconf 90' lang='lat' dir='ltr'><strong>suos</strong></span> <span class='ocrx_word' id='word_1_224' title='bbox 1233 1762 1389 1803; x_wconf 90' lang='lat' dir='ltr'><strong>obsides</strong></span> <span class='ocrx_word' id='word_1_225' title='bbox 1412 1763 1538 1803; x_wconf 86' lang='lat' dir='ltr'><strong>daret.</strong></span> <span class='ocrx_word' id='word_1_226' title='bbox 1579 1760 1640 1803; x_wconf 86' lang='lat' dir='ltr'><strong>Ob</strong></span> <span class='ocrx_word' id='word_1_227' title='bbox 1662 1762 1688 1803; x_wconf 87' lang='lat'>9</span> 
     </span>
     <span class='ocr_line' id='line_1_25' title="bbox 154 1828 1641 1884; baseline 0.002 -16"><span class='ocrx_word' id='word_1_228' title='bbox 154 1842 238 1868; x_wconf 88' lang='lat' dir='ltr'><strong>eam</strong></span> <span class='ocrx_word' id='word_1_229' title='bbox 268 1842 351 1868; x_wconf 88' lang='lat' dir='ltr'><strong>rem</strong></span> <span class='ocrx_word' id='word_1_230' title='bbox 380 1843 422 1869; x_wconf 89' lang='lat' dir='ltr'><strong>se</strong></span> <span class='ocrx_word' id='word_1_231' title='bbox 455 1842 506 1868; x_wconf 81' lang='lat' dir='ltr'><strong>ex</strong></span> <span class='ocrx_word' id='word_1_232' title='bbox 527 1828 687 1869; x_wconf 90' lang='lat' dir='ltr'><strong>ciuitate</strong></span> <span class='ocrx_word' id='word_1_233' title='bbox 710 1829 933 1884; x_wconf 86' lang='lat' dir='ltr'><strong>profugisse</strong></span> <span class='ocrx_word' id='word_1_234' title='bbox 955 1837 995 1870; x_wconf 92' lang='lat' dir='ltr'><strong>et</strong></span> <span class='ocrx_word' id='word_1_235' title='bbox 1016 1828 1183 1871; x_wconf 86' lang='lat' dir='ltr'><strong>Romam</strong></span> <span class='ocrx_word' id='word_1_236' title='bbox 1207 1831 1253 1871; x_wconf 92' lang='lat' dir='ltr'><strong>ad</strong></span> <span class='ocrx_word' id='word_1_237' title='bbox 1276 1839 1457 1873; x_wconf 88' lang='lat' dir='ltr'><strong>senatum</strong></span> <span class='ocrx_word' id='word_1_238' title='bbox 1480 1830 1641 1872; x_wconf 90' lang='lat' dir='ltr'><strong>uenisse</strong></span> 
     </span>
    </p>

    <p class='ocr_par' dir='ltr' id='par_1_7' title="bbox 78 1896 1717 2226">
     <span class='ocr_line' id='line_1_26' title="bbox 78 1896 1641 1953; baseline 0.002 -18"><span class='ocrx_word' id='word_1_239' title='bbox 78 1901 120 1935; x_wconf 81' lang='lat'><strong>25</strong></span> <span class='ocrx_word' id='word_1_240' title='bbox 151 1896 339 1936; x_wconf 78' lang='lat' dir='ltr'><strong>auxilium</strong></span> <span class='ocrx_word' id='word_1_241' title='bbox 362 1897 621 1951; x_wconf 84' lang='lat' dir='ltr'><strong>postulatum,</strong></span> <span class='ocrx_word' id='word_1_242' title='bbox 657 1897 758 1950; x_wconf 88' lang='lat' dir='ltr'><strong>quod</strong></span> <span class='ocrx_word' id='word_1_243' title='bbox 779 1897 887 1938; x_wconf 91' lang='lat' dir='ltr'><strong>solus</strong></span> <span class='ocrx_word' id='word_1_244' title='bbox 911 1912 1035 1951; x_wconf 88' lang='lat' dir='ltr'><strong>neque</strong></span> <span class='ocrx_word' id='word_1_245' title='bbox 1063 1898 1323 1939; x_wconf 88' lang='lat' dir='ltr'><strong>iureiurando</strong></span> <span class='ocrx_word' id='word_1_246' title='bbox 1347 1913 1473 1953; x_wconf 90' lang='lat' dir='ltr'><strong>neque</strong></span> <span class='ocrx_word' id='word_1_247' title='bbox 1496 1898 1641 1940; x_wconf 89' lang='lat' dir='ltr'><strong>obsidi-</strong></span> 
     </span>
     <span class='ocr_line' id='line_1_27' title="bbox 151 1962 1717 2024; baseline 0.002 -21"><span class='ocrx_word' id='word_1_248' title='bbox 151 1963 225 2004; x_wconf 92' lang='lat' dir='ltr'><strong>bus</strong></span> <span class='ocrx_word' id='word_1_249' title='bbox 248 1971 464 2006; x_wconf 88' lang='lat' dir='ltr'><strong>teueretur.</strong></span> <span class='ocrx_word' id='word_1_250' title='bbox 499 1962 578 2005; x_wconf 90' lang='lat' dir='ltr'><strong>Sed</strong></span> <span class='ocrx_word' id='word_1_251' title='bbox 602 1966 711 2019; x_wconf 90' lang='lat' dir='ltr'><strong>peius</strong></span> <span class='ocrx_word' id='word_1_252' title='bbox 734 1965 951 2006; x_wconf 88' lang='lat' dir='ltr'><strong>uictoribus</strong></span> <span class='ocrx_word' id='word_1_253' title='bbox 978 1964 1173 2020; x_wconf 86' lang='lat' dir='ltr'><strong>Sequanis</strong></span> <span class='ocrx_word' id='word_1_254' title='bbox 1197 1982 1312 2024; x_wconf 89' lang='lat' dir='ltr'><strong>quam</strong></span> <span class='ocrx_word' id='word_1_255' title='bbox 1328 1967 1505 2009; x_wconf 88' lang='lat' dir='ltr'><strong>Haeduis</strong></span> <span class='ocrx_word' id='word_1_256' title='bbox 1524 1967 1639 2007; x_wconf 87' lang='lat' dir='ltr'><strong>uictis</strong></span> <span class='ocrx_word' id='word_1_257' title='bbox 1665 1964 1717 2007; x_wconf 89' lang='lat'><strong>10</strong></span> 
     </span>
     <span class='ocr_line' id='line_1_28' title="bbox 152 2032 1636 2086; baseline 0.001 -14"><span class='ocrx_word' id='word_1_258' title='bbox 152 2032 357 2084; x_wconf 85' lang='lat' dir='ltr'><strong>accidisse,</strong></span> <span class='ocrx_word' id='word_1_259' title='bbox 382 2040 589 2086; x_wconf 88' lang='lat' dir='ltr'><strong>propterea</strong></span> <span class='ocrx_word' id='word_1_260' title='bbox 613 2034 714 2086; x_wconf 92' lang='lat' dir='ltr'><strong>quod</strong></span> <span class='ocrx_word' id='word_1_261' title='bbox 735 2034 980 2084; x_wconf 82' lang='lat' dir='ltr'><strong>Ariouistus,</strong></span> <span class='ocrx_word' id='word_1_262' title='bbox 1004 2049 1080 2076; x_wconf 80' lang='lat' dir='ltr'><strong>rex</strong></span> <span class='ocrx_word' id='word_1_263' title='bbox 1103 2033 1410 2086; x_wconf 83' lang='lat' dir='ltr'><strong>Germanorum,</strong></span> <span class='ocrx_word' id='word_1_264' title='bbox 1434 2036 1475 2076; x_wconf 91' lang='lat' dir='ltr'><strong>iu</strong></span> <span class='ocrx_word' id='word_1_265' title='bbox 1500 2049 1636 2076; x_wconf 85' lang='lat' dir='ltr'><strong>eorum</strong></span> 
     </span>
     <span class='ocr_line' id='line_1_29' title="bbox 151 2099 1637 2158; baseline 0.003 -19"><span class='ocrx_word' id='word_1_266' title='bbox 151 2099 290 2140; x_wconf 87' lang='lat' dir='ltr'><strong>finibus</strong></span> <span class='ocrx_word' id='word_1_267' title='bbox 314 2101 558 2141; x_wconf 86' lang='lat' dir='ltr'><strong>consedisset</strong></span> <span class='ocrx_word' id='word_1_268' title='bbox 581 2102 815 2155; x_wconf 84' lang='lat' dir='ltr'><strong>tertiamque</strong></span> <span class='ocrx_word' id='word_1_269' title='bbox 838 2109 985 2156; x_wconf 82' lang='lat' dir='ltr'><strong>partem</strong></span> <span class='ocrx_word' id='word_1_270' title='bbox 1008 2103 1093 2158; x_wconf 87' lang='lat' dir='ltr'><strong>agri</strong></span> <span class='ocrx_word' id='word_1_271' title='bbox 1116 2101 1308 2157; x_wconf 88' lang='lat' dir='ltr'><strong>Sequani,</strong></span> <span class='ocrx_word' id='word_1_272' title='bbox 1334 2105 1397 2158; x_wconf 89' lang='lat' dir='ltr'><strong>qui</strong></span> <span class='ocrx_word' id='word_1_273' title='bbox 1417 2104 1637 2157; x_wconf 89' lang='lat' dir='ltr'><strong>essetopti-</strong></span> 
     </span>
     <span class='ocr_line' id='line_1_30' title="bbox 150 2167 1637 2226; baseline 0.003 -19"><span class='ocrx_word' id='word_1_274' title='bbox 150 2182 233 2208; x_wconf 90' lang='lat' dir='ltr'><strong>mus</strong></span> <span class='ocrx_word' id='word_1_275' title='bbox 255 2170 375 2210; x_wconf 87' lang='lat' dir='ltr'><strong>totius</strong></span> <span class='ocrx_word' id='word_1_276' title='bbox 399 2167 568 2218; x_wconf 87' lang='lat' dir='ltr'><strong>Galliac,</strong></span> <span class='ocrx_word' id='word_1_277' title='bbox 595 2170 870 2224; x_wconf 90' lang='lat' dir='ltr'><strong>occupauisset</strong></span> <span class='ocrx_word' id='word_1_278' title='bbox 892 2178 932 2211; x_wconf 92' lang='lat' dir='ltr'><strong>et</strong></span> <span class='ocrx_word' id='word_1_279' title='bbox 953 2185 1055 2212; x_wconf 89' lang='lat' dir='ltr'><strong>nunc</strong></span> <span class='ocrx_word' id='word_1_280' title='bbox 1077 2172 1123 2212; x_wconf 92' lang='lat' dir='ltr'><strong>de</strong></span> <span class='ocrx_word' id='word_1_281' title='bbox 1146 2173 1272 2213; x_wconf 86' lang='lat' dir='ltr'><strong>altera</strong></span> <span class='ocrx_word' id='word_1_282' title='bbox 1294 2179 1405 2226; x_wconf 89' lang='lat' dir='ltr'><strong>parte</strong></span> <span class='ocrx_word' id='word_1_283' title='bbox 1430 2172 1544 2214; x_wconf 82' lang='lat' dir='ltr'><strong>tertia</strong></span> <span class='ocrx_word' id='word_1_284' title='bbox 1563 2170 1637 2212; x_wconf 84' lang='lat' dir='ltr'><strong>Se-</strong></span> 
     </span>
    </p>

    <p class='ocr_par' dir='ltr' id='par_1_8' title="bbox 75 2237 1708 2567">
     <span class='ocr_line' id='line_1_31' title="bbox 75 2237 1637 2293; baseline 0.004 -17"><span class='ocrx_word' id='word_1_285' title='bbox 75 2242 117 2275; x_wconf 86' lang='lat'><strong>30</strong></span> <span class='ocrx_word' id='word_1_286' title='bbox 149 2251 297 2290; x_wconf 91' lang='lat' dir='ltr'><strong>quanos</strong></span> <span class='ocrx_word' id='word_1_287' title='bbox 317 2237 508 2278; x_wconf 85' lang='lat' dir='ltr'><strong>decedere</strong></span> <span class='ocrx_word' id='word_1_288' title='bbox 531 2238 699 2286; x_wconf 79' lang='lat' dir='ltr'><strong>iuberet,</strong></span> <span class='ocrx_word' id='word_1_289' title='bbox 725 2245 932 2292; x_wconf 86' lang='lat' dir='ltr'><strong>propterea</strong></span> <span class='ocrx_word' id='word_1_290' title='bbox 955 2240 1055 2293; x_wconf 91' lang='lat' dir='ltr'><strong>quod</strong></span> <span class='ocrx_word' id='word_1_291' title='bbox 1077 2241 1213 2293; x_wconf 85' lang='lat' dir='ltr'><strong>paucis</strong></span> <span class='ocrx_word' id='word_1_292' title='bbox 1235 2241 1437 2282; x_wconf 90' lang='lat' dir='ltr'><strong>mensibus</strong></span> <span class='ocrx_word' id='word_1_293' title='bbox 1449 2249 1539 2282; x_wconf 86' lang='lat' dir='ltr'><strong>aute</strong></span> <span class='ocrx_word' id='word_1_294' title='bbox 1554 2239 1637 2282; x_wconf 89' lang='lat' dir='ltr'><strong>Ha-</strong></span> 
     </span>
     <span class='ocr_line' id='line_1_32' title="bbox 147 2304 1634 2362; baseline 0.005 -18"><span class='ocrx_word' id='word_1_295' title='bbox 147 2304 284 2345; x_wconf 89' lang='lat' dir='ltr'><strong>rudum</strong></span> <span class='ocrx_word' id='word_1_296' title='bbox 307 2305 411 2345; x_wconf 88' lang='lat' dir='ltr'><strong>milia</strong></span> <span class='ocrx_word' id='word_1_297' title='bbox 435 2306 634 2346; x_wconf 90' lang='lat' dir='ltr'><strong>hominum</strong></span> <span class='ocrx_word' id='word_1_298' title='bbox 666 2313 797 2346; x_wconf 80' lang='lat' dir='ltr'>XXIIII</span> <span class='ocrx_word' id='word_1_299' title='bbox 830 2307 879 2346; x_wconf 91' lang='lat' dir='ltr'><strong>ad</strong></span> <span class='ocrx_word' id='word_1_300' title='bbox 901 2320 988 2347; x_wconf 90' lang='lat' dir='ltr'><strong>eum</strong></span> <span class='ocrx_word' id='word_1_301' title='bbox 1022 2307 1248 2358; x_wconf 88' lang='lat' dir='ltr'><strong>uenissent,</strong></span> <span class='ocrx_word' id='word_1_302' title='bbox 1284 2309 1423 2362; x_wconf 86' lang='lat' dir='ltr'><strong>quibus</strong></span> <span class='ocrx_word' id='word_1_303' title='bbox 1455 2310 1565 2351; x_wconf 86' lang='lat' dir='ltr'><strong>locus</strong></span> <span class='ocrx_word' id='word_1_304' title='bbox 1589 2325 1634 2351; x_wconf 86' lang='lat' dir='ltr'><strong>ac</strong></span> 
     </span>
     <span class='ocr_line' id='line_1_33' title="bbox 148 2372 1708 2428; baseline 0.003 -15"><span class='ocrx_word' id='word_1_305' title='bbox 148 2372 260 2414; x_wconf 89' lang='lat' dir='ltr'><strong>sedes</strong></span> <span class='ocrx_word' id='word_1_306' title='bbox 282 2381 533 2427; x_wconf 70' lang='lat' dir='ltr'><strong>pararentur„</strong></span> <span class='ocrx_word' id='word_1_307' title='bbox 576 2373 772 2415; x_wconf 84' lang='lat' dir='ltr'><strong>Futurum</strong></span> <span class='ocrx_word' id='word_1_308' title='bbox 796 2388 885 2415; x_wconf 90' lang='lat' dir='ltr'><strong>esse</strong></span> <span class='ocrx_word' id='word_1_309' title='bbox 908 2374 1042 2428; x_wconf 81' lang='lat' dir='ltr'><strong>paucis</strong></span> <span class='ocrx_word' id='word_1_310' title='bbox 1065 2375 1195 2425; x_wconf 86' lang='lat' dir='ltr'><strong>annis,</strong></span> <span class='ocrx_word' id='word_1_311' title='bbox 1228 2377 1283 2417; x_wconf 89' lang='lat' dir='ltr'><strong>uti</strong></span> <span class='ocrx_word' id='word_1_312' title='bbox 1307 2392 1443 2419; x_wconf 88' lang='lat' dir='ltr'><strong>omnes</strong></span> <span class='ocrx_word' id='word_1_313' title='bbox 1467 2393 1519 2419; x_wconf 84' lang='lat' dir='ltr'><strong>ex</strong></span> <span class='ocrx_word' id='word_1_314' title='bbox 1541 2377 1634 2421; x_wconf 87' lang='lat' dir='ltr'><strong>Gal·</strong></span> <span class='ocrx_word' id='word_1_315' title='bbox 1658 2378 1708 2419; x_wconf 85' lang='lat'><strong>11</strong></span> 
     </span>
     <span class='ocr_line' id='line_1_34' title="bbox 149 2439 1632 2496; baseline 0.005 -16"><span class='ocrx_word' id='word_1_316' title='bbox 149 2439 224 2481; x_wconf 90' lang='lat' dir='ltr'><strong>liae</strong></span> <span class='ocrx_word' id='word_1_317' title='bbox 246 2441 384 2482; x_wconf 90' lang='lat' dir='ltr'><strong>finibus</strong></span> <span class='ocrx_word' id='word_1_318' title='bbox 406 2443 663 2495; x_wconf 84' lang='lat' dir='ltr'><strong>pellerentur,</strong></span> <span class='ocrx_word' id='word_1_319' title='bbox 689 2450 806 2496; x_wconf 87' lang='lat' dir='ltr'><strong>atque</strong></span> <span class='ocrx_word' id='word_1_320' title='bbox 829 2457 964 2483; x_wconf 89' lang='lat' dir='ltr'><strong>omnes</strong></span> <span class='ocrx_word' id='word_1_321' title='bbox 978 2441 1368 2486; x_wconf 88' lang='lat' dir='ltr'><strong>GermaniRhenum</strong></span> <span class='ocrx_word' id='word_1_322' title='bbox 1391 2445 1632 2487; x_wconf 87' lang='lat' dir='ltr'><strong>transirent:</strong></span> 
     </span>
     <span class='ocr_line' id='line_1_35' title="bbox 150 2509 1630 2567; baseline 0.005 -20"><span class='ocrx_word' id='word_1_323' title='bbox 150 2522 274 2561; x_wconf 89' lang='lat' dir='ltr'><strong>neque</strong></span> <span class='ocrx_word' id='word_1_324' title='bbox 305 2509 410 2551; x_wconf 90' lang='lat' dir='ltr'><strong>enim</strong></span> <span class='ocrx_word' id='word_1_325' title='bbox 441 2511 724 2551; x_wconf 85' lang='lat' dir='ltr'><strong>conferendum</strong></span> <span class='ocrx_word' id='word_1_326' title='bbox 759 2524 847 2552; x_wconf 91' lang='grc'><strong>6556</strong></span> <span class='ocrx_word' id='word_1_327' title='bbox 871 2509 1067 2551; x_wconf 87' lang='lat' dir='ltr'><strong>Gallicum</strong></span> <span class='ocrx_word' id='word_1_328' title='bbox 1095 2527 1180 2552; x_wconf 85' lang='lat' dir='ltr'><strong>cum</strong></span> <span class='ocrx_word' id='word_1_329' title='bbox 1204 2512 1496 2554; x_wconf 89' lang='lat' dir='ltr'><strong>Germanorum</strong></span> <span class='ocrx_word' id='word_1_330' title='bbox 1519 2528 1630 2567; x_wconf 83' lang='lat' dir='ltr'><strong>agro,</strong></span> 
     </span>
    </p>
   </div>
   <div class='ocr_carea' id='block_1_3' title="bbox 148 2647 1631 2891">
    <p class='ocr_par' dir='ltr' id='par_1_9' title="bbox 148 2647 1631 2891">
     <span class='ocr_line' id='line_1_36' title="bbox 290 2647 1631 2691; baseline 0.004 -13"><span class='ocrx_word' id='word_1_331' title='bbox 290 2647 310 2679; x_wconf 81' lang='lat'>2</span> <span class='ocrx_word' id='word_1_332' title='bbox 330 2648 463 2691; x_wconf 79' lang='lat' dir='ltr'><strong>nentes]</strong></span> <span class='ocrx_word' id='word_1_333' title='bbox 483 2653 603 2689; x_wconf 83' lang='lat' dir='ltr'><strong>gentes</strong></span> <span class='ocrx_word' id='word_1_334' title='bbox 622 2648 665 2679; x_wconf 84' lang='lat'><strong><em>--1‘.</em></strong></span> <span class='ocrx_word' id='word_1_335' title='bbox 809 2650 827 2681; x_wconf 75' lang='lat'><strong>4</strong></span> <span class='ocrx_word' id='word_1_336' title='bbox 846 2660 884 2681; x_wconf 88' lang='lat' dir='ltr'><strong>ea</strong></span> <span class='ocrx_word' id='word_1_337' title='bbox 905 2660 972 2682; x_wconf 72' lang='lat' dir='ltr'><strong>om,</strong></span> <span class='ocrx_word' id='word_1_338' title='bbox 995 2651 1025 2682; x_wconf 84' lang='lat' dir='ltr'><strong>b.</strong></span> <span class='ocrx_word' id='word_1_339' title='bbox 1170 2651 1188 2684; x_wconf 81' lang='grc' dir='ltr'>ὅ</span> <span class='ocrx_word' id='word_1_340' title='bbox 1208 2651 1333 2684; x_wconf 71' lang='lat' dir='ltr'><strong>littera</strong></span> <span class='ocrx_word' id='word_1_341' title='bbox 1354 2657 1365 2684; x_wconf 94' lang='lat' dir='ltr'><strong>t</strong></span> <span class='ocrx_word' id='word_1_342' title='bbox 1383 2654 1419 2684; x_wconf 80' lang='lat' dir='ltr'><strong>z&#39;n</strong></span> <span class='ocrx_word' id='word_1_343' title='bbox 1439 2651 1631 2684; x_wconf 81' lang='lat' dir='ltr'><strong>Diuitiacus</strong></span> 
     </span>
     <span class='ocr_line' id='line_1_37' title="bbox 151 2700 1439 2741; baseline 0.008 -16"><span class='ocrx_word' id='word_1_344' title='bbox 151 2706 219 2727; x_wconf 78' lang='lat' dir='ltr'><strong>see.</strong></span> <span class='ocrx_word' id='word_1_345' title='bbox 238 2707 284 2729; x_wconf 90' lang='lat' dir='ltr'><strong>m.</strong></span> <span class='ocrx_word' id='word_1_346' title='bbox 303 2700 346 2730; x_wconf 87' lang='lat' dir='ltr'><strong>B.</strong></span> <span class='ocrx_word' id='word_1_347' title='bbox 488 2700 645 2732; x_wconf 87' lang='lat' dir='ltr'><strong>Haeduos</strong></span> <span class='ocrx_word' id='word_1_348' title='bbox 664 2710 826 2741; x_wconf 76' lang='lat' dir='ltr'><strong>suprase.</strong></span> <span class='ocrx_word' id='word_1_349' title='bbox 847 2713 867 2733; x_wconf 91' lang='lat' dir='ltr'><strong>u</strong></span> <span class='ocrx_word' id='word_1_350' title='bbox 886 2703 928 2734; x_wconf 89' lang='grc' dir='ltr'><strong>Β.</strong></span> <span class='ocrx_word' id='word_1_351' title='bbox 1074 2701 1114 2735; x_wconf 87' lang='grc'><strong>10</strong></span> <span class='ocrx_word' id='word_1_352' title='bbox 1133 2704 1389 2736; x_wconf 84' lang='lat' dir='ltr'><strong>arcessirentur</strong></span> <span class='ocrx_word' id='word_1_353' title='bbox 1408 2705 1439 2735; x_wconf 85' lang='lat' dir='ltr'><strong>b.</strong></span> 
     </span>
     <span class='ocr_line' id='line_1_38' title="bbox 150 2745 1630 2796; baseline 0.006 -21"><span class='ocrx_word' id='word_1_354' title='bbox 150 2745 289 2785; x_wconf 85' lang='lat' dir='ltr'><strong>primum</strong></span> <span class='ocrx_word' id='word_1_355' title='bbox 307 2749 350 2780; x_wconf 79' lang='lat' dir='ltr'><strong>A.</strong></span> <span class='ocrx_word' id='word_1_356' title='bbox 495 2751 535 2784; x_wconf 79' lang='lat'><strong>12</strong></span> <span class='ocrx_word' id='word_1_357' title='bbox 553 2751 586 2782; x_wconf 92' lang='lat' dir='ltr'><strong>in</strong></span> <span class='ocrx_word' id='word_1_358' title='bbox 606 2751 751 2783; x_wconf 86' lang='lat' dir='ltr'><strong>Galliam</strong></span> <span class='ocrx_word' id='word_1_359' title='bbox 773 2752 803 2783; x_wconf 87' lang='lat' dir='ltr'><strong>b.</strong></span> <span class='ocrx_word' id='word_1_360' title='bbox 961 2753 998 2785; x_wconf 81' lang='lat'><strong>13</strong></span> <span class='ocrx_word' id='word_1_361' title='bbox 1017 2758 1151 2785; x_wconf 78' lang='lat' dir='ltr'><strong>centum</strong></span> <span class='ocrx_word' id='word_1_362' title='bbox 1169 2755 1218 2794; x_wconf 88' lang='grc' dir='ltr'><strong>Β,</strong></span> <span class='ocrx_word' id='word_1_363' title='bbox 1240 2765 1256 2785; x_wconf 83' lang='grc'><strong>6</strong></span> <span class='ocrx_word' id='word_1_364' title='bbox 1276 2765 1310 2786; x_wconf 84' lang='lat' dir='ltr'><strong>u.</strong></span> <span class='ocrx_word' id='word_1_365' title='bbox 1461 2756 1503 2787; x_wconf 83' lang='lat'><strong>20</strong></span> <span class='ocrx_word' id='word_1_366' title='bbox 1523 2754 1630 2796; x_wconf 82' lang='lat' dir='ltr'><strong>inplo-</strong></span> 
     </span>
     <span class='ocr_line' id='line_1_39' title="bbox 148 2802 1628 2849; baseline 0.007 -21"><span class='ocrx_word' id='word_1_367' title='bbox 148 2802 282 2830; x_wconf 80' lang='lat' dir='ltr'><strong>raturos</strong></span> <span class='ocrx_word' id='word_1_368' title='bbox 300 2802 342 2831; x_wconf 91' lang='lat' dir='ltr'><strong>B.</strong></span> <span class='ocrx_word' id='word_1_369' title='bbox 479 2803 517 2834; x_wconf 81' lang='lat'><strong>21</strong></span> <span class='ocrx_word' id='word_1_370' title='bbox 540 2804 667 2835; x_wconf 86' lang='lat' dir='ltr'><strong>ditione</strong></span> <span class='ocrx_word' id='word_1_371' title='bbox 686 2802 745 2844; x_wconf 87' lang='lat' dir='ltr'><strong>(B)</strong></span> <span class='ocrx_word' id='word_1_372' title='bbox 765 2815 800 2837; x_wconf 78' lang='grc' dir='ltr'><strong>η.</strong></span> <span class='ocrx_word' id='word_1_373' title='bbox 943 2805 980 2837; x_wconf 76' lang='lat'><strong>31</strong></span> <span class='ocrx_word' id='word_1_374' title='bbox 1007 2816 1101 2837; x_wconf 61' lang='lat' dir='ltr'><strong>nun</strong></span> <span class='ocrx_word' id='word_1_375' title='bbox 1122 2806 1152 2837; x_wconf 73' lang='lat' dir='ltr'><em>A</em></span> <span class='ocrx_word' id='word_1_376' title='bbox 1167 2806 1241 2849; x_wconf 71' lang='lat' dir='ltr'><strong>Os,</strong></span> <span class='ocrx_word' id='word_1_377' title='bbox 1262 2817 1341 2838; x_wconf 78' lang='lat' dir='ltr'><strong>xxiv</strong></span> <span class='ocrx_word' id='word_1_378' title='bbox 1362 2806 1421 2848; x_wconf 88' lang='grc' dir='ltr'><strong>(Β)</strong></span> <span class='ocrx_word' id='word_1_379' title='bbox 1442 2817 1485 2847; x_wconf 80' lang='grc' dir='ltr'><strong>ιι,</strong></span> <span class='ocrx_word' id='word_1_380' title='bbox 1506 2806 1628 2847; x_wconf 81' lang='lat' dir='ltr'><strong>uiginti</strong></span> 
     </span>
     <span class='ocr_line' id='line_1_40' title="bbox 149 2852 778 2891; baseline 0.013 -11"><span class='ocrx_word' id='word_1_381' title='bbox 149 2856 294 2891; x_wconf 88' lang='lat' dir='ltr'><strong>quatuor</strong></span> <span class='ocrx_word' id='word_1_382' title='bbox 310 2852 351 2883; x_wconf 86' lang='lat' dir='ltr'><strong>E.</strong></span> <span class='ocrx_word' id='word_1_383' title='bbox 491 2854 530 2886; x_wconf 74' lang='lat'><strong>32</strong></span> <span class='ocrx_word' id='word_1_384' title='bbox 550 2865 625 2887; x_wconf 86' lang='lat' dir='ltr'><strong>cum</strong></span> <span class='ocrx_word' id='word_1_385' title='bbox 645 2866 714 2887; x_wconf 83' lang='lat' dir='ltr'><strong>om.</strong></span> <span class='ocrx_word' id='word_1_386' title='bbox 735 2857 778 2888; x_wconf 89' lang='lat' dir='ltr'><strong>A.</strong></span> 
     </span>
    </p>
   </div>
   <div class='ocr_carea' id='block_1_4' title="bbox 169 2912 1400 2953">
    <p class='ocr_par' dir='ltr' id='par_1_10' title="bbox 169 2912 1400 2953">
     <span class='ocr_line' id='line_1_41' title="bbox 169 2912 1400 2953; baseline 0.009 -11"><span class='ocrx_word' id='word_1_387' title='bbox 169 2916 289 2951; x_wconf 82' lang='lat' dir='ltr'><strong>Caesar,</strong></span> <span class='ocrx_word' id='word_1_388' title='bbox 305 2916 349 2943; x_wconf 88' lang='lat' dir='ltr'><strong>ed.</strong></span> <span class='ocrx_word' id='word_1_389' title='bbox 366 2916 505 2953; x_wconf 85' lang='lat' dir='ltr'><strong>Nipperd.</strong></span> <span class='ocrx_word' id='word_1_390' title='bbox 1350 2912 1400 2953; x_wconf 74' lang='lat'><strong>18</strong></span> 
     </span>
    </p>
   </div>
  </div>
 </body>
</html>
