1835 3240
77 156 164 200 280
600 155 675 198 DE
707 155 896 199 BELLO
929 152 1180 198 GALLICO

106 269 133 311 8
154 267 199 312 Si
221 282 317 324 quos
341 269 549 311 aduersum
570 271 761 324 proelium
784 277 823 310 et
844 270 936 323 fuga
958 268 1160 310 Gallorum
1183 277 1465 321 commoueret,
1490 270 1576 320 hos,
1602 269 1636 311 si

153 345 406 392 quaererent,
430 338 603 393 reperire
625 351 742 391 posse
763 337 1022 377 diuturnitate
1036 337 1126 378 belli
1143 338 1363 392 defetigatis
1377 336 1502 379 Gallis
1515 337 1635 379 Ario-

152 407 316 457 uistum,
339 420 426 447 cum
449 406 592 446 multos
615 418 770 444 menses
793 404 935 444 castris
958 418 1002 444 se
1023 418 1068 445 ac
1092 404 1294 458 paludibus
1306 405 1635 459 tenuissetneque

153 474 215 513 sui
236 481 471 528 potestatem
495 473 668 518 fecisset,
699 471 953 524 desperantes
975 472 1051 512 iam
1074 473 1120 512 de
1141 486 1268 526 pugna
1291 478 1330 512 et
1351 472 1548 526 dispersos
1571 488 1635 513 su-

104 539 132 581 9
152 541 233 581 bito
265 542 442 582 adortum
475 539 600 593 magis
628 539 783 579 ratione
813 545 852 578 et
882 539 1047 579 consilio
1068 553 1179 593 quam
1203 540 1348 579 uirtute
1362 539 1520 580 uicisse.
1555 538 1632 580 Cui

151 609 296 649 rationi
318 616 457 648 contra
478 606 654 646 homines
675 606 868 646 barbaros
890 613 1006 659 atque
1028 607 1231 661 imperitos
1254 608 1362 647 locus
1384 607 1542 656 fuisset,
1564 607 1635 647 hac

81 674 131 716 10
152 690 202 716 ne
222 676 347 729 ipsum
370 675 523 728 quidem
545 687 708 728 sperare
730 681 890 714 nostros
912 674 1114 714 exercitus
1137 675 1222 728 capi
1244 688 1375 728 posse.
1420 672 1497 726 Qui
1521 689 1632 715 suum

151 743 332 784 timorem
371 742 413 782 in
450 742 509 781 rei
541 741 820 782 frumentariae
851 741 1136 783 simulationem
1169 742 1449 795 angustiasque
1480 741 1635 782 itineris

154 811 404 859 conferrent,
440 809 571 850 facere
593 815 849 863 arroganter,
884 823 972 848 cum
994 816 1061 849 aut
1082 810 1129 850 de
1151 810 1276 850 officio
1298 809 1547 863 imperatoris
1570 809 1636 850 de-

79 876 128 917 11
153 890 316 930 sperare
339 883 406 916 aut
427 876 697 929 praescribere
719 877 964 917 uiderentur.
1016 875 1126 917 Haec
1155 877 1229 917 sibi
1261 891 1349 918 esse
1378 891 1521 917 curae:
1556 879 1638 917 fru-
1670 884 1710 917 10

153 951 326 984 mentum
351 941 575 996 Sequanos,
599 943 994 999 Leucos,Lingones
1014 944 1345 994 sumministrare,
1370 945 1525 997 iamque
1549 959 1637 986 esse

149 1012 189 1052 in
202 1012 309 1065 agris
322 1013 517 1052 frumenta
528 1019 678 1052 matura
693 1029 704 1062 ς
730 1013 776 1052 de
788 1012 932 1052 itinere
945 1011 1052 1065 ipsos
1065 1012 1174 1052 breui
1187 1020 1360 1066 tempore
1374 1013 1632 1053 iudicaturos.

75 1077 128 1120 12
151 1077 264 1131 Quod
299 1093 378 1119 non
410 1080 496 1119 fore
524 1079 627 1119 dicto
659 1080 864 1120 audientes
887 1094 1013 1133 neque
1034 1081 1147 1135 signa
1169 1081 1286 1122 laturi
1309 1081 1504 1130 dicantur,
1540 1080 1636 1120 nihil

150 1161 193 1187 se
227 1161 272 1187 ea
303 1160 347 1186 re
380 1147 643 1187 oommoueri:
688 1147 791 1187 seire
813 1146 940 1197 enim,
980 1148 1285 1201 quibuscumque
1307 1148 1507 1188 exercitus
1530 1148 1634 1188 dicto

151 1214 313 1254 audiens
337 1229 415 1254 non
438 1215 572 1264 fuerit,
597 1221 666 1254 aut
686 1214 786 1254 male
807 1228 851 1255 re
874 1222 984 1267 gesta
1017 1216 1212 1255 fortunam
1245 1216 1417 1260 defuisse
1433 1246 1442 1263 ,
1476 1223 1545 1256 aut
1565 1217 1635 1260 ali—
1668 1223 1709 1259 15

75 1280 128 1321 13
150 1295 225 1334 quo
248 1282 424 1322 facinore
440 1282 859 1334 compertoauaritiam
873 1296 961 1322 esse
974 1282 1222 1323 conuictam:
1247 1284 1633 1324 suaminnocentiam

76 1348 128 1388 14
149 1356 338 1403 perpetua
360 1349 456 1399 uita,
483 1349 710 1390 felicitatem
734 1349 1004 1392 Heluetiorum
1027 1350 1130 1390 bello
1153 1364 1241 1390 esse
1263 1358 1524 1404 perspectam.
1557 1349 1637 1392 Ita-

152 1429 226 1469 que
249 1430 308 1466 se,
334 1418 433 1469 quod
456 1417 496 1456 in
517 1417 734 1470 longiorem
758 1417 858 1457 diem
882 1417 1109 1459 conlaturus
1133 1418 1289 1468 fuisset,
1317 1425 1636 1472 repraesentatu-

149 1499 235 1524 rum
259 1491 298 1525 et
319 1484 497 1537 proxima
521 1492 637 1524 nocte
660 1485 706 1525 de
728 1492 867 1538 quarta
890 1485 1026 1538 uigilia
1053 1493 1182 1528 castra
1205 1493 1425 1536 moturum,
1459 1493 1502 1526 ut
1523 1500 1633 1538 quam

151 1552 317 1607 primum
340 1552 571 1605 intellegere
593 1560 751 1606 posset,
784 1559 913 1592 utrum
945 1554 1045 1606 apud
1078 1567 1146 1593 eos
1169 1554 1294 1607 pudor
1315 1561 1430 1606 atque
1453 1554 1633 1605 officium,
1666 1561 1709 1596 20

77 1619 128 1661 15
151 1634 202 1661 an
232 1620 348 1659 timor
379 1619 546 1660 ualeret.
600 1618 716 1672 Quod
748 1620 780 1661 si
812 1627 1019 1675 praeterea
1049 1634 1163 1661 nemo
1196 1628 1405 1674 sequatur,
1437 1628 1567 1662 tamen
1595 1635 1638 1662 se

149 1702 236 1729 cum
258 1688 343 1728 sola
373 1687 524 1727 decima
553 1687 711 1741 legione
742 1688 886 1728 iturum
903 1719 913 1738 ,
957 1689 1003 1728 de
1025 1703 1097 1741 qua
1121 1703 1198 1728 non
1222 1689 1440 1737 dubitaret,
1482 1689 1634 1742 sibique

150 1769 235 1796 eam
276 1755 514 1808 praetoriam
556 1756 757 1797 cohortem
807 1758 992 1797 futuram.
1073 1756 1176 1796 Huic
1216 1756 1364 1809 legioni
1403 1754 1556 1797 Caesar
1596 1764 1636 1797 et

147 1822 365 1863 indulserat
406 1823 615 1876 praecipue
656 1831 697 1863 et
734 1831 894 1877 propter
941 1823 1125 1864 uirtutem
1175 1823 1396 1864 eonfidebat
1443 1825 1629 1865 maxime.

72 1889 126 1934 41
150 1889 237 1931 Hac
278 1891 457 1930 oratione
492 1890 621 1930 habita
653 1891 792 1930 mirum
823 1891 863 1930 in
896 1892 1050 1931 modum
1081 1905 1296 1932 conuersae
1326 1899 1418 1931 sunt
1450 1892 1622 1933 omnium
1651 1900 1694 1934 25

1663 549 1682 580 0!

293 2016 307 2048 1
336 2022 490 2049 moueret
507 2028 553 2049 m.
571 2027 630 2060 pr.
651 2018 695 2049 A.
859 2018 920 2050 hoe
946 2022 1030 2050 ante
1054 2028 1146 2050 cot-1¹.
1168 2019 1210 2051 B.
1371 2020 1393 2054 2
1411 2016 1631 2060 quaererent]

149 2076 316 2109 quaerere
333 2068 464 2100 uellent
484 2069 515 2100 b.
641 2069 815 2111 repperire
831 2070 873 2101 B.
1024 2070 1224 2111 defetigatis
1242 2072 1310 2111 210,
1330 2071 1529 2111 defatigatis
1549 2069 1632 2111 (Are)

146 2119 296 2161 reliqui.
461 2122 478 2152 5
498 2121 671 2160 adortum]
695 2121 736 2151 ad
756 2127 909 2153 austrum
934 2122 964 2161 b,
984 2121 1193 2154 Ariouistum
1211 2123 1256 2154 D.
1443 2122 1462 2153 6
1488 2121 1565 2163 hac]
1593 2132 1632 2153 ac

146 2170 219 2201 AB
233 2170 302 2201 CD
316 2180 346 2201 e.
507 2172 528 2204 8
555 2171 806 2203 simulationem
834 2172 951 2204 deleta
978 2183 1047 2203 see.
1075 2182 1120 2203 m.
1137 2176 1321 2213 postrema
1340 2173 1413 2203 litt.
1432 2172 1474 2203 B.

148 2220 285 2252 itineris
303 2231 351 2252 m.
367 2231 426 2262 pr.
448 2222 492 2261 B,
515 2222 611 2253 ‘ms-s,
633 2225 667 2253 et
684 2222 762 2254 edd.
783 2223 892 2264 qdd.'‚
923 2224 988 2254 ‘sie
1005 2234 1089 2255 mss.
1109 2233 1250 2264 omnes,
1271 2234 1340 2255 uon
1361 2223 1543 2262 itinerum,
1571 2222 1634 2256 sed

147 2275 253 2304 emtot
278 2276 396 2304 tamen
423 2272 584 2304 itinerum
613 2275 649 2304 z‘n
679 2274 717 2305 C'
732 2274 900 2315 Exempl.
920 2275 1055 2314 Fabr.;
1092 2274 1252 2306 itinerum
1279 2285 1296 2305 e
1317 2285 1338 2306 u
1372 2277 1409 2305 et
1432 2284 1479 2305 m.
1499 2284 1567 2305 seo.
1586 2273 1631 2304 B.

306 2324 324 2356 9
345 2324 590 2366 conserrents,
611 2325 786 2358 conferret
802 2327 874 2358 AB
891 2326 1014 2358 CDE.
1173 2325 1212 2358 10
1231 2323 1446 2366 uiderentur]
1467 2324 1634 2356 auderent

151 2375 243 2416 C?s
257 2376 353 2406 ‘mssa
375 2375 405 2407 θ’
425 2378 459 2406 et
474 2386 543 2406 sec.
563 2386 610 2406 m.
632 2376 674 2407 B.
835 2376 870 2408 lt
890 2375 1064 2417 Lingonas
1084 2376 1140 2417 bf.
1297 2376 1566 2408 sumministrare
1585 2375 1628 2407 B.

293 2425 331 2457 13
349 2429 435 2467 post
449 2427 629 2458 audientes
649 2430 775 2459 contra
794 2427 895 2458 codd.
917 2428 1044 2458 milites
1060 2427 1141 2458 add.
1164 2438 1199 2459 u.
1356 2427 1397 2459 14
1416 2426 1631 2468 quibuscum-

149 2487 211 2520 que
231 2476 303 2519 (B).
471 2478 510 2510 16
530 2478 738 2521 conuictam]
759 2479 975 2510 coniunctam
994 2479 1191 2520 codd.sere
1209 2488 1340 2510 omnes.
1498 2477 1536 2510 17
1555 2488 1631 2519 per-

146 2533 250 2570 petua
268 2528 353 2566 uita,
375 2527 573 2560 felicitatem
590 2530 861 2562 Currat-sensis:
884 2530 1034 2571 ‘reliqui
1049 2540 1168 2561 omnes
1180 2531 1272 2563 uitae
1288 2533 1416 2570 etpars
1429 2534 1628 2571 perpetuae,

140 2588 229 2620 pars
250 2578 416 2610 felicitate
436 2580 618 2610 exhibent'
638 2580 821 2618 Srlznez'd„
843 2585 1005 2622 perpetua
1025 2580 1118 2611 uitae
1138 2580 1303 2611 felicitate
1322 2580 1353 2611 B
1367 2583 1413 2620 el,
1435 2583 1498 2621 qui
1515 2591 1631 2624 perpe-

147 2634 254 2670 tuam,
273 2629 326 2669 D3
356 2629 558 2661 felicitatem
578 2631 696 2672 oni-s.
864 2632 904 2663 18
923 2632 1121 2663 conlaturus
1146 2632 1260 2663 ABD
1274 2632 1337 2671 Es.
1504 2633 1631 2666 fuisset

145 2681 275 2719 ABE,
302 2685 394 2712 esset
415 2682 441 2713 C
456 2684 471 2712 ἵ)
489 2681 573 2722 des
591 2685 626 2712 et
641 2692 710 2713 sec.
732 2692 777 2713 m.
797 2682 840 2713 B.
1056 2678 1412 2725 repraesentaturum]
1441 2694 1519 2716 csse
1546 2685 1628 2717 add.

148 2735 245 2764 ‘mss-
265 2733 385 2765 multi’
404 2737 441 2765 et
455 2743 524 2764 sec.
544 2743 590 2764 m.
606 2733 648 2764 B.
770 2733 807 2765 19
827 2739 941 2765 castra
960 2744 1028 2765 om.
1050 2735 1093 2765 sl.
1216 2735 1257 2769 21
1279 2735 1412 2766 ualeret
1430 2736 1542 2767 ABD
1556 2736 1625 2776 (E).

146 2784 221 2825 plus
240 2783 378 2816 ualeret
395 2784 471 2826 esu
491 2787 527 2815 et
541 2794 610 2815 see.
630 2793 676 2815 m.
698 2784 740 2815 B.
907 2784 949 2818 23
969 2794 1042 2816 eam
1062 2795 1130 2816 om.
1155 2785 1194 2815 Γ.
1412 2790 1445 2817 et
1464 2795 1532 2817 om.
1554 2787 1571 2818 b
1590 2786 1624 2819 d.

288 2836 331 2867 24
349 2836 553 2877 praecipuae
573 2845 649 2866 cnm
666 2838 801 2876 puncto
819 2836 882 2867 sub
901 2846 918 2867 a
943 2836 979 2867 B.
1128 2837 1170 2867 ‘25
1188 2836 1266 2880 hac]
1286 2848 1325 2869 ac
1344 2848 1390 2869 m.
1405 2848 1465 2879 pr.
1486 2838 1527 2869 B.
