1835 3240
97 168 179 212 304
629 168 703 211 DE
735 167 923 211 BELLO
957 164 1204 209 GALLICO

172 283 494 334 monstrauimus,
519 283 736 324 interiectis
751 288 976 337 prospectus
998 281 1268 334 impediretur,
1294 294 1418 335 neque
1432 288 1538 322 certa
1560 281 1651 322 sub-

172 351 271 392 sidia
293 351 491 392 conlocari
515 365 639 404 neque
655 382 665 400 ,
691 350 778 403 quid
801 350 841 388 in
864 361 1014 402 quaque
1036 354 1147 401 parte
1170 362 1266 401 opus
1289 356 1418 399 esset,
1454 350 1653 404 prouideri

124 419 152 460 2
173 433 300 473 neque
321 419 368 460 ab
381 434 458 460 uno
479 419 608 459 omnia
629 417 791 470 imperia
806 415 1072 456 administrari
1094 421 1291 469 poterant.
1324 414 1459 469 Itaque
1481 418 1522 457 in
1545 424 1653 458 tanta

96 487 157 532 23
175 501 307 528 rerum
329 487 533 540 iniquitate
556 487 738 524 fortunae
760 496 912 537 quoque
935 489 1098 524 euentus
1123 482 1220 522 uarii
1244 484 1520 535 sequebantur.
1574 483 1653 525 Le-

172 555 301 611 gionis
325 568 452 595 nonae
475 560 513 593 et
535 552 707 592 decimae
730 551 897 601 milites,
933 557 977 590 ut
1005 551 1045 590 in
1075 550 1235 590 sinistra
1267 557 1375 603 parte
1397 552 1480 591 acie
1503 552 1649 592 eonsti-

174 630 328 672 terant,
363 622 450 675 pilis
483 619 638 659 emissis
671 633 788 659 eursu
811 633 855 659 ae
876 618 1111 658 lassitudine
1133 618 1383 657 exanimatos
1404 619 1653 659 uulneribus-

174 704 249 744 que
272 690 473 729 confectos
494 687 708 727 Atrebates
731 688 848 739 (nam
871 686 931 726 his
954 700 998 726 ea
1021 699 1109 739 pars
1132 685 1373 737 obuenerat)
1398 685 1582 725 celeriter
1602 701 1654 727 ex

174 757 262 798 loco
285 756 488 811 superiore
509 755 550 795 in
571 755 714 795 flumen
737 755 996 808 eonpulerunt
1017 760 1056 793 et
1077 753 1249 793 transire
1273 759 1462 793 conantes
1485 753 1655 792 insecuti

127 829 153 867 2
174 825 314 878 gladiis
336 837 516 877 magnam
541 829 690 876 partem
705 836 837 862 eorum
860 822 1083 875 impeditam
1099 821 1398 860 interfecerunt.
1422 818 1501 873 Ipsi
1526 829 1653 860 trans-

173 893 232 933 ire
265 893 408 932 flumen
438 904 515 930 non
539 889 817 930 dubitauerunt
840 897 878 930 et
899 890 938 930 in
960 889 1085 930 locum
1108 889 1280 942 iniquum
1294 887 1494 941 progressi
1515 902 1653 928 rursus

124 958 150 999 3
171 961 404 1000 resistentes
427 959 559 998 hostes
581 957 848 1011 redintegrato
871 957 1019 1012 proelio
1042 958 1080 996 in
1104 959 1233 1011 fugam
1252 956 1521 996 coniecerunt.
1555 953 1652 995 Item

171 1028 247 1068 alia
268 1026 307 1067 in
323 1033 432 1082 parte
455 1027 635 1066 diuersae
649 1026 747 1066 duae
768 1025 959 1078 legiones,
984 1025 1190 1065 undecima
1204 1031 1409 1073 etoctaua,
1435 1022 1653 1076 profligatis

170 1094 490 1144 Veromanduis,
526 1093 753 1147 quibuscum
788 1099 900 1133 erant
933 1095 1160 1147 congressi,
1194 1106 1245 1132 ex
1276 1092 1362 1131 loeo
1385 1090 1652 1144 superiorein

124 1161 152 1203 4
172 1163 267 1216 ipsis
290 1163 459 1202 fluminis
481 1162 575 1216 ripis
599 1160 904 1215 proeliabantur.
968 1159 1024 1199 At
1045 1159 1138 1199 totis
1171 1161 1253 1200 fere
1275 1173 1297 1198 a
1318 1159 1447 1199 fronte
1469 1165 1508 1198 et
1530 1158 1576 1197 ab
1599 1158 1652 1198 si-

173 1231 299 1270 nistra
321 1237 431 1284 parte
454 1229 608 1270 nudatis
633 1229 798 1277 eastris,
837 1242 949 1280 quom
974 1228 1012 1267 in
1035 1228 1177 1266 dextro
1200 1241 1322 1266 cornu
1345 1225 1449 1279 legio
1472 1225 1654 1265 duodeci-

171 1313 235 1338 ma
256 1305 295 1338 et
316 1312 392 1337 non
416 1311 557 1351 magno
579 1296 625 1336 ab
649 1310 694 1336 ea
715 1295 923 1335 interuallo
936 1295 1098 1348 septima
1116 1293 1373 1341 constitisset,
1399 1306 1536 1332 omnes
1548 1291 1654 1332 Ner-

172 1367 227 1407 uii
250 1365 538 1406 confertissimo
569 1364 725 1418 agmine
748 1363 845 1402 duce
867 1361 1151 1416 Boduognato,
1192 1360 1255 1414 qui
1285 1373 1471 1400 summam
1504 1359 1656 1412 imperii

126 1432 151 1474 5
174 1434 357 1483 tenebat,
397 1433 444 1472 ad
468 1446 553 1471 eum
577 1432 702 1471 locum
726 1431 1037 1479 contenderunt,
1073 1442 1236 1482 quorum
1259 1441 1350 1481 pars
1373 1434 1509 1480 aperto
1531 1427 1656 1467 latere

172 1501 351 1557 legiones
374 1499 678 1549 circumuenire,
703 1513 793 1553 pars
817 1512 1006 1539 summum
1031 1503 1247 1537 castrorum
1264 1496 1388 1536 locum
1408 1501 1542 1549 petere
1565 1507 1655 1534 coe-

95 1568 152 1614 24
174 1569 243 1624 pit.
296 1568 445 1609 Eodem
478 1574 653 1621 tempore
684 1566 833 1620 equites
866 1566 991 1606 nostri
1022 1565 1199 1620 leuisque
1230 1569 1455 1604 armaturae
1488 1562 1653 1616 pedites,

173 1637 238 1691 qui
260 1651 346 1677 cum
369 1636 418 1676 iis
441 1649 516 1675 una
540 1636 710 1683 fuerant,
736 1648 833 1688 quos
858 1634 981 1688 primo
1004 1632 1175 1672 hostium
1207 1632 1352 1684 impetu
1385 1630 1518 1683 pulsos
1542 1629 1654 1669 dixe-

171 1696 273 1756 ram,
298 1719 385 1744 cum
397 1718 439 1744 se
461 1703 499 1743 in
514 1710 644 1743 eastra
666 1703 906 1756 reciperent,
932 1701 1109 1741 aduersis
1133 1699 1311 1739 hostibus
1331 1697 1588 1738 occurrebant
1608 1711 1654 1736 ac

124 1772 153 1814 2
172 1786 311 1814 rursus
334 1772 447 1812 aliam
471 1771 511 1811 in
533 1778 683 1824 partem
707 1771 835 1824 fugam
859 1769 1068 1823 petebant,
1103 1774 1141 1807 et
1163 1767 1320 1807 calones
1337 1798 1346 1816 ,
1383 1765 1446 1819 qui
1469 1765 1515 1804 ab
1538 1764 1654 1804 decu-

171 1854 286 1881 mana
308 1846 422 1894 porta
445 1853 489 1878 ac
511 1839 764 1892 summoiugo
789 1837 899 1878 collis
923 1843 1079 1876 nostros
1102 1835 1273 1875 uictores
1296 1835 1438 1874 flumen
1462 1832 1654 1872 transisse

171 1914 479 1962 conspexerant,
504 1907 715 1961 praedandi
739 1920 854 1946 eausa
880 1904 1048 1958 egressi,
1074 1918 1158 1943 cum
1171 1902 1446 1956 respexissent
1467 1907 1506 1940 et
1521 1899 1654 1939 hostes

169 1976 211 2016 in
232 1976 379 2016 nostris
402 1975 543 2016 castris
573 1975 728 2015 uersari
751 1974 967 2022 uidissent,
993 1971 1225 2025 praecipites
1248 1971 1362 2024 fugae
1384 1981 1472 2009 sese
1495 1967 1653 2007 manda-

123 2043 148 2084 3
169 2043 279 2085 bant.
342 2040 469 2084 Simul
499 2057 659 2092 eorum,
704 2042 766 2095 qui
799 2055 883 2081 eun]
913 2039 1201 2094 impedimentis
1235 2037 1472 2086 ueniebant,
1505 2035 1654 2075 elamor

169 2110 426 2164 fremitusque
449 2111 673 2160 oriebatur,
705 2110 848 2164 aliique
879 2108 995 2149 aliam
1015 2108 1055 2148 in
1077 2113 1226 2160 partem
1249 2104 1451 2160 perterriti
1472 2102 1654 2143 fereban-

122 2180 149 2221 4
172 2186 249 2220 tur.
285 2176 438 2231 Quibus
461 2179 640 2219 omnibus
662 2179 780 2219 rebus
802 2177 967 2233 permoti
989 2175 1139 2229 equites
1151 2173 1342 2223 Treueri,
1365 2185 1530 2226 quorum
1550 2170 1654 2210 inter

313 2300 335 2333 2
354 2298 524 2331 conlocari
544 2300 586 2331 B.
728 2310 788 2331 nee
809 2299 887 2342 quid
908 2298 940 2330 b.
1075 2297 1092 2329 5
1113 2295 1186 2327 acie
1204 2294 1306 2336 A(B)
1319 2293 1494 2334 DEbcs,
1513 2289 1599 2323 aciei
1618 2299 1647 2321 e.

316 2351 334 2382 6
352 2351 598 2382 lacessitudine
617 2352 662 2384 A.
805 2352 824 2384 7
843 2361 917 2383 nam
937 2349 979 2380 iis
997 2348 1039 2380 B.
1180 2347 1201 2379 8
1220 2345 1445 2387 conpulerunt
1462 2342 1504 2373 B.

174 2403 214 2438 10
232 2412 349 2434 rursus
368 2403 570 2434 resistentes
588 2403 760 2443 ABDE,·
787 2413 907 2435 rursus
926 2410 1102 2442 regressos
1121 2409 1160 2430 ae
1189 2398 1392 2430 resistentes
1420 2394 1485 2436 es,
1515 2395 1549 2424 et
1568 2394 1601 2423 in
1622 2391 1651 2422 B

170 2465 240 2487 sec.
259 2463 307 2485 m.
328 2463 504 2493 regressos
524 2463 562 2485 ac
581 2456 855 2496 suprascm'psit;
873 2463 992 2485 rursus
1012 2450 1159 2491 regressi
1179 2459 1217 2481 ac
1236 2449 1439 2480 resistentes
1461 2446 1517 2478 C?

174 2506 213 2539 11
234 2505 455 2547 (coiecerunt
472 2505 526 2547 Α)
546 2505 713 2538 dederunt
731 2507 748 2537 b
762 2516 780 2537 c
791 2505 879 2547 des.
1028 2503 1068 2535 13
1085 2500 1326 2533 Viromanduis
1344 2499 1376 2531 A
1387 2499 1417 2531 B
1431 2498 1499 2531 CD
1511 2498 1543 2530 b.

172 2566 217 2589 ex
234 2566 273 2588 eo
292 2556 366 2587 loco
387 2555 428 2587 C.
608 2556 650 2588 14
667 2560 704 2588 at
720 2556 801 2588 totis
819 2555 913 2596 aes,
933 2564 950 2586 a
967 2553 1050 2585 totis
1069 2562 1138 2584 sec.
1157 2562 1204 2583 m.
1225 2553 1263 2582 in
1280 2560 1395 2592 marg.
1416 2550 1468 2590 B,·
1488 2548 1650 2581 adtonitis

175 2610 204 2641 B
216 2608 264 2650 C,
283 2606 437 2639 attonitis
456 2607 599 2648 reliqui.
807 2606 848 2638 ab
867 2605 1009 2637 sinistra
1025 2603 1199 2642 ABDE,
1220 2612 1238 2633 a
1256 2602 1396 2634 sinistra
1414 2601 1488 2643 (f).

176 2661 216 2693 15
236 2656 349 2702 quom]
369 2667 432 2700 quo
450 2657 524 2688 AB
538 2657 608 2689 CD
621 2657 672 2695 E,
691 2667 765 2688 cum
784 2656 862 2698 (s).
1005 2654 1046 2687 17
1064 2653 1293 2694 Boduogmato
1311 2653 1356 2684 D.
1513 2650 1554 2684 19
1573 2661 1650 2683 coe-

176 2714 300 2755 perunt
318 2709 349 2741 b.
511 2708 551 2741 21
573 2707 695 2750 quique
714 2717 788 2739 cum
810 2707 837 2739 C
851 2706 908 2738 ?D
921 2706 977 2748 ?s
988 2708 1024 2736 et
1039 2715 1085 2736 m.
1105 2715 1172 2736 sec.
1190 2704 1233 2736 B.
1410 2704 1454 2737 22
1472 2702 1595 2734 castris
1616 2701 1647 2733 b.

319 2760 362 2795 23
381 2759 422 2792 ab
443 2759 529 2792 0:²1>
543 2759 622 2801 ces
634 2762 669 2790 et
684 2769 752 2791 sec.
772 2769 818 2791 m.
839 2758 888 2799 B,
908 2767 977 2789 om.
996 2756 1110 2788 ABD
1122 2756 1161 2787 E.
1302 2756 1440 2786 decuma
1461 2764 1498 2795 e,
1518 2752 1650 2785 decima

179 2817 197 2848 b
211 2840 221 2856 ‚
241 2813 420 2846 decimana
436 2821 596 2854 suprasc.
614 2811 661 2843 A.
855 2810 897 2842 24
915 2813 951 2841 et
968 2818 1096 2840 summo
1115 2818 1154 2848 e;
1174 2817 1213 2839 ac
1231 2807 1271 2839 de
1290 2817 1417 2839 summo
1432 2831 1440 2847 ,
1458 2805 1522 2838 sed
1538 2805 1649 2838 deleto

179 2867 221 2899 de
234 2890 243 2907 ‚
263 2865 307 2899 A.
440 2862 605 2895 transisse
623 2861 724 2904 A(B)
740 2860 891 2903 CDOE),
911 2859 1060 2892 transire
1078 2859 1137 2901 ef.
1268 2859 1311 2892 29
1331 2857 1474 2890 Treueri
1494 2856 1523 2888 B
1542 2854 1649 2888 ‘vn-55⁹.

1681 561 1699 591 <ss

1687 895 1727 927 10

1688 1232 1727 1264 15

1685 1568 1728 1602 20
