1835 3240
680 194 1078 234 ——51-d

144 313 373 354 Latinorum
397 307 644 356 uocabulum,
671 307 770 360 quod
788 314 850 347 est
873 306 1008 360 ‘pars',
1034 306 1155 346 multo
1173 306 1354 347 latiorem
1374 308 1491 349 habet
1512 325 1621 351 usum

142 392 254 433 quam
276 375 554 425 uernaculum,
590 374 692 428 quod
714 374 749 415 ei
770 375 1005 428 respondet:
1042 374 1106 426 qui
1135 388 1230 414 usus
1252 381 1362 414 ortus
1385 382 1446 415 est
1467 377 1624 419 diuersa

141 444 337 487 diuidendi
357 444 534 490 ratione,
569 456 657 482 cum
679 440 817 482 Latini
846 456 912 482 res
937 456 1016 481 non
1038 442 1164 481 solum
1185 442 1399 482 secundum
1427 445 1625 496 quantita-

141 521 234 562 tem,
259 512 327 552 sed
349 512 466 551 etiam
489 510 703 550 secundum
727 510 951 562 qualitatem
975 509 1196 562 partiantur
1218 516 1257 550 et
1272 523 1317 550 ea
1334 524 1502 564 quoque,
1527 527 1625 565 quae

142 580 254 621 nobis
277 593 409 620 rerum
431 586 556 619 status
578 584 695 630 atque
718 578 970 617 condiciones
1002 584 1071 617 aut
1099 577 1148 617 ad
1176 591 1242 617 eas
1273 577 1519 630 aliquatenus
1541 594 1627 633 per-

141 647 309 688 tinentia
331 647 527 696 uidentur,
551 646 724 700 ipsarum
745 659 878 686 rerum
900 652 1032 699 partes
1055 646 1300 686 existiment.
1341 645 1462 687 Velut
1484 644 1627 688 Cicero

142 717 189 756 de
210 717 362 756 inuent.
385 713 426 764 I,
461 713 531 763 47,
565 712 619 754 88
650 714 710 754 his
741 713 872 754 uerbis
908 714 1154 767 ‘ambiguum
1183 713 1217 754 si
1239 714 1485 755 concesseris
1509 728 1562 755 ex
1583 729 1629 755 ea

142 791 268 838 parte,
294 796 407 835 quam
429 782 513 834 ipse
535 781 784 822 intellexeris
799 812 808 829 ,
834 796 919 822 eam
941 788 1090 835 partem
1112 782 1145 822 si
1167 781 1421 822 aduersarius
1443 783 1491 823 ad
1513 783 1629 824 aliam

142 858 292 905 partem
315 863 384 904 per
405 849 718 903 complexionem
741 850 837 890 uelit
867 850 1166 890 accommodare
1182 880 1191 897 ,
1217 850 1489 891 demonstrare
1512 863 1628 904 opor·

143 918 240 959 tebit
261 932 338 957 non
361 932 411 957 ex
436 932 498 967 eo,
523 918 624 970 quod
647 917 910 967 concesseris,
936 917 1003 957 sed
1027 931 1078 957 ex
1101 930 1164 963 ec,
1190 918 1292 970 quod
1315 918 1378 958 ille
1401 918 1627 971 sumpserit,

143 985 282 1026 confici
314 984 667 1039 complexionem'‚
703 984 764 1025 hic
794 985 917 1038 igitur
949 985 1082 1024 uarias
1114 984 1285 1039 ambigui
1317 985 1630 1039 significationes

143 1061 275 1108 partes
297 1053 380 1094 eius
404 1053 518 1102 dixit,
543 1068 621 1092 non
644 1053 767 1107 magis
791 1067 842 1093 ex
866 1060 1002 1093 nostra
1026 1053 1313 1093 consuetudine
1329 1083 1340 1103 ,
1377 1068 1491 1107 quam
1516 1060 1526 1078 ‘
1543 1069 1631 1108 par-

142 1129 204 1162 tes
228 1120 486 1174 eloquentiae'
509 1119 622 1160 Brut.
647 1119 725 1170 93,
759 1118 842 1159 320
876 1120 1058 1174 ‘longius
1089 1128 1218 1161 autem
1242 1121 1460 1174 procedens
1484 1129 1523 1161 et
1544 1136 1629 1161 cum

142 1190 184 1230 in
206 1189 350 1229 ceteris
373 1188 623 1241 eloquentiae
646 1187 820 1241 partibus
837 1219 846 1237 ,
882 1195 961 1228 tum
996 1189 1167 1229 maxime
1188 1189 1229 1229 in
1251 1188 1455 1229 celeritate
1477 1196 1517 1229 et
1539 1204 1633 1229 con—

143 1258 360 1299 tinuatione
382 1256 590 1296 uerborum
614 1256 930 1296 adhaerescens·.
974 1254 1112 1309 Itaque
1134 1271 1252 1311 saepe
1274 1258 1331 1307 fit,
1357 1264 1420 1306 ut,
1445 1271 1530 1297 cum
1554 1256 1635 1297 La-

145 1326 214 1366 tini
242 1325 372 1377 aliqua
403 1338 455 1365 ex
486 1331 596 1377 parte
628 1324 772 1376 aliquid
804 1324 995 1365 accidisse
1027 1325 1240 1373 dixerunt,
1275 1325 1387 1365 nobis
1417 1325 1455 1366 id
1489 1327 1633 1366 factum

146 1407 235 1434 esse
257 1392 460 1432 dicendum
481 1392 533 1431 sit
553 1391 730 1430 insofern
748 1422 758 1441 ,
783 1392 821 1431 in
845 1392 955 1432 einer
976 1392 1220 1446 beziehung,
1246 1393 1286 1432 in
1309 1394 1421 1433 einer
1443 1394 1629 1434 hinsicht.

147 1463 278 1513 Atque
301 1458 433 1499 eadem
458 1456 611 1497 ratione
634 1459 755 1499 uerba
780 1459 922 1511 ‘aliqua
946 1473 997 1498 ex
1017 1460 1138 1511 parte'
1163 1461 1289 1513 posita
1307 1468 1399 1501 sunt
1415 1475 1438 1501 a
1456 1459 1634 1503 Caesare

147 1535 186 1568 et
207 1541 253 1567 eo
275 1527 377 1575 loco,
400 1538 513 1579 quein
535 1539 653 1579 supra
675 1527 804 1579 posui,
830 1533 869 1566 et
889 1526 927 1565 b.
953 1526 1028 1565 ciu.
1053 1525 1134 1577 ΙΙΙ,
1161 1526 1230 1577 57,
1256 1527 1280 1567 3
1315 1532 1325 1551 ‘
1341 1526 1565 1582 Scipionem
1589 1543 1635 1570 ea

146 1608 234 1635 esse
256 1593 491 1634 auctoritate
506 1623 516 1640 ,
548 1599 590 1631 ut
611 1607 690 1632 non
712 1594 838 1633 solum
861 1594 1007 1643 libere,
1034 1608 1133 1646 quae
1157 1595 1388 1647 probasset,
1415 1610 1631 1650 exponere,

146 1662 212 1702 sed
237 1661 352 1701 etiam
376 1675 427 1701 ex
449 1674 591 1713 magna
620 1668 731 1714 parte
765 1661 1000 1714 compellere
1023 1668 1140 1713 atque
1163 1670 1362 1702 errantem
1385 1677 1525 1717 regere
1547 1680 1636 1718 pos—

146 1731 244 1769 set'z
269 1742 291 1768 a
314 1725 510 1768 Cicerone
533 1729 580 1768 ad
602 1727 686 1767 Att.
703 1726 803 1777 XV,
834 1728 849 1768 l
874 1728 930 1768 in.
970 1726 1028 1769 ‘O
1053 1730 1198 1769 factum
1220 1730 1319 1770 male
1342 1731 1388 1771 de
1410 1731 1633 1774 Alexione!

146 1796 379 1837 Incredibile
403 1803 487 1846 est,
523 1803 667 1848 quanta
688 1809 750 1836 me
773 1796 955 1836 molestia
977 1797 1153 1837 affecerit
1175 1812 1246 1838 nec
1269 1799 1493 1841 mehercule
1517 1815 1569 1841 ex
1592 1815 1638 1842 ea

147 1872 256 1920 parte
279 1864 474 1913 maxime,
505 1864 606 1917 quod
628 1864 804 1917 plerique
827 1878 1003 1904 mecum:
1036 1865 1083 1904 ad
1105 1879 1218 1918 quem
1240 1866 1363 1919 igitur
1383 1875 1422 1908 te
1444 1870 1636 1910 medicum

148 1931 398 1982 conferes?',
425 1929 545 1973 Verr.
568 1930 609 1980 I,
634 1930 710 1982 31,
735 1931 790 1972 99
822 1931 966 1974 ‘Video
989 1933 1093 1973 enim
1116 1941 1155 1974 et
1178 1947 1230 1974 ex
1251 1935 1300 1975 iis
1315 1965 1325 1985 ,
1360 1949 1459 1988 quae
1489 1938 1567 1991 legi
1601 1945 1639 1979 et

147 2000 303 2049 audiui,
328 2000 530 2055 intellego,
556 1999 598 2040 in
620 2014 696 2053 qua
718 2000 880 2041 ciuitate
903 2015 980 2040 non
1002 2001 1116 2041 modo
1139 2002 1293 2056 legatus
1315 2004 1444 2057 populi
1466 2004 1639 2046 Romani

148 2069 449 2117 circumsessus,
474 2083 553 2108 non
574 2069 688 2108 modo
710 2066 807 2121 igni,
834 2069 955 2118 ferro,
982 2083 1114 2119 manu,
1139 2071 1261 2124 copiis
1284 2079 1544 2125 oppugnatus,
1571 2075 1639 2114 sed

147 2137 277 2189 aliqua
299 2149 351 2176 ex
372 2142 483 2189 parte
506 2136 676 2176 uiolatus
698 2136 772 2185 sit,
800 2137 834 2176 ei
857 2137 1007 2177 ciuitati
1030 2137 1171 2177 bellum
1194 2138 1313 2179 indici
1336 2140 1480 2181 solere'
1505 2149 1545 2182 et
1569 2139 1636 2193 15,

148 2204 199 2244 41
226 2201 321 2244 ‘Cn.
365 2202 571 2244 Dolabella
593 2219 679 2244 cum
702 2205 922 2257 proditione
946 2206 1061 2245 istius
1084 2206 1235 2247 nefaria
1250 2238 1259 2255 ,
1295 2213 1373 2247 tum
1405 2209 1580 2262 improbo
1601 2218 1641 2251 et

148 2273 247 2313 falso
271 2271 443 2312 eiusdem
477 2272 728 2322 testimonio,
765 2279 845 2312 tum
877 2273 999 2313 multo
1032 2287 1085 2313 ex
1106 2275 1279 2315 maxima
1311 2277 1441 2329 parte'
1474 2278 1641 2333 (haupt-

149 2339 321 2380 s'achlich
349 2353 422 2380 nos
454 2340 698 2390 diceremus)
747 2340 884 2380 ‘istius
919 2341 1113 2381 furtorum
1144 2356 1189 2382 ac
1226 2343 1463 2396 flagitiorum
1494 2345 1643 2387 inuidia

150 2406 439 2461 conflagrauit',
465 2422 533 2461 pro
556 2405 670 2448 Cael.
695 2407 765 2457 24,
792 2406 845 2447 59
869 2413 962 2461 ‘quo
985 2409 1138 2461 quidem
1162 2417 1337 2464 tempore
1361 2412 1426 2452 ille
1449 2414 1638 2465 moriens,

150 2489 237 2515 cum
258 2476 335 2515 iam
359 2475 501 2515 ceteris
525 2489 575 2515 ex
599 2475 774 2529 partibus
797 2489 985 2529 oppressa
1008 2490 1120 2517 mens
1142 2486 1272 2526 esset,
1306 2487 1527 2521 extremum
1550 2496 1641 2523 sen—

150 2557 235 2583 sum
267 2544 314 2583 ad
344 2543 572 2583 memoriam
602 2543 841 2597 reipublicae
873 2545 1151 2596 reseruabat'3
1195 2560 1217 2585 a
1246 2546 1430 2589 Varrone
1464 2550 1510 2589 de
1539 2550 1635 2603 ling.

152 2609 242 2650 Lat.
266 2609 351 2658 IX,
383 2609 438 2651 29
460 2625 497 2664 p.
523 2611 605 2652 484
627 2609 697 2665 Sp.
733 2616 743 2635 ί
759 2612 861 2664 quod
884 2620 1053 2665 rogant,
1087 2627 1139 2653 ex
1161 2629 1231 2667 qua
1258 2623 1366 2669 parte
1389 2624 1567 2670 oporteat
1588 2618 1640 2658 si-

155 2677 243 2718 mile
265 2692 354 2719 esse
384 2679 574 2729 uerbum,
609 2680 655 2720 ab
687 2694 783 2720 uoce
815 2694 864 2719 an
887 2694 909 2719 a
940 2680 1253 2735 significatione,
1288 2686 1596 2738 respondeamus
1619 2700 1640 2726 a

155 2744 282 2785 uoce'.
319 2744 386 2787 Sic
410 2748 473 2787 ‘ab
496 2748 627 2802 aliqua
648 2748 770 2802 parte'
794 2748 896 2788 dixit
917 2747 1060 2789 Liuius
1081 2748 1116 2797 Ι,
1141 2748 1196 2790 32
1219 2753 1453 2805 ‘proximum
1477 2767 1640 2806 regnum

156 2818 288 2851 cetera
309 2815 511 2867 egregium
540 2816 586 2856 ab
620 2830 697 2856 una
728 2823 839 2870 parte
869 2816 972 2856 haud
1003 2817 1099 2857 satis
1131 2833 1360 2873 prosperum
1391 2821 1542 2870 suerat,
1575 2827 1642 2860 aut

156 2879 348 2932 neglectis
370 2882 626 2935 religionibus
658 2891 729 2940 aut
746 2898 867 2938 praue
889 2884 1025 2925 cultis’
1056 2893 1095 2926 et
1116 2884 1288 2936 XXVI,
1317 2886 1370 2927 16
1394 2889 1465 2928 ‘ita
1487 2888 1534 2927 ad
1564 2884 1640 2928 Ca-

1316 2954 1364 2992 4.
