1835 3240
89 149 174 193 482
616 148 690 191 DE
722 147 912 192 BELLO
943 145 1194 191 GALLICO

89 262 148 307 38
282 260 434 303 Caesar
453 263 612 304 interim
633 260 695 303 M.
719 261 936 302 Antonium
958 268 1207 314 quaestorem
1229 276 1315 303 cum
1337 261 1564 304 cohortibus
1584 269 1648 303 XV

165 329 207 370 in
218 327 444 371 Bellouacis
464 330 666 383 relinquit,
690 342 739 369 ne
760 342 834 381 qua
855 343 992 369 rursus
1014 343 1204 369 nouorum
1221 329 1471 370 consiliorum
1491 330 1647 384 capien-

119 397 147 438 2
169 398 306 438 dorum
328 396 464 452 Belgis
485 397 650 437 facultas
674 397 850 436 daretur.
891 395 981 450 Ipse
1002 397 1175 450 reliquas
1197 396 1379 437 ciuitates
1400 398 1505 448 adit,
1541 398 1647 438 obsi-

167 465 236 506 des
258 466 390 520 plures
411 465 602 518 imperat,
636 463 821 504 timentes
853 464 1026 504 omnium
1048 465 1200 504 animos
1223 464 1493 506 consolatione
1514 472 1642 506 sanat.

119 532 144 574 3
167 530 268 574 Cum
289 533 330 573 in
353 530 553 573 Carnutes
576 530 766 581 uenisset,
791 545 956 584 quorum
978 531 1017 571 in
1039 531 1201 572 ciuitate
1222 531 1428 585 superiore
1448 546 1643 574 commen-

165 601 267 642 tario
283 598 435 641 Caesar
456 599 642 653 exposuit
661 598 816 639 initium
838 599 930 640 belli
952 613 1041 639 esse
1064 606 1209 648 ortum,
1233 598 1334 652 quod
1356 599 1564 652 praecipue
1578 613 1646 643 eos

164 675 324 723 propter
345 666 627 707 conscientiam
649 666 743 707 facti
766 667 906 707 timere
928 666 1281 716 animaduertebat,
1305 679 1380 719 quo
1403 665 1571 707 celerius
1593 668 1646 708 ci-

164 737 327 776 uitatem
349 735 490 775 timore
511 734 724 785 liberaret,
760 735 973 789 principem
995 735 1158 775 sceleris
1178 734 1284 775 illius
1307 740 1345 773 et
1365 733 1646 774 concitatorem

117 803 143 844 4
163 803 282 853 belli,
308 800 569 853 Gutruatum,
594 803 642 843 ad
663 803 894 857 supplicium
917 802 1158 857 depoposcit.
1204 801 1282 854 Qui
1312 801 1388 842 etsi
1416 815 1465 842 ne
1497 800 1648 842 ciuibus

165 871 318 925 quidem
342 870 423 911 suis
445 883 488 911 se
510 871 803 920 committebat,
827 877 958 911 tamen
980 870 1165 911 celeriter
1186 869 1357 910 omnium
1379 882 1476 909 cura
1496 868 1650 921 quaesi-

119 939 143 980 5
165 946 227 979 tus
249 939 287 979 in
310 945 439 979 castra
461 938 704 992 perducitur.
739 935 909 992 Cogitur
929 939 970 978 in
991 938 1074 978 eius
1088 937 1321 992 supplicium
1335 934 1489 977 Caesar
1510 943 1647 977 contra

164 1020 276 1048 suam
297 1013 478 1047 naturam
501 1020 697 1046 concursu
717 1006 889 1046 maximo
922 1006 1114 1053 militum,
1147 1006 1213 1058 qui
1244 1005 1375 1046 omnia
1405 1003 1579 1059 pericula
1609 1010 1649 1044 et

164 1075 400 1115 detrimenta
421 1073 512 1114 belli
534 1072 732 1114 Gutruato
754 1080 914 1127 accepta
933 1074 1160 1114 referebant
1175 1104 1187 1123 ‚
1218 1073 1316 1113 adeo
1348 1079 1390 1112 ut
1420 1070 1648 1112 uerberibus

89 1142 148 1188 39
167 1143 434 1183 exanimatum
467 1155 609 1196 corpus
639 1141 770 1182 securi
791 1142 991 1182 feriretur.
1043 1140 1104 1181 Ibi
1133 1140 1282 1181 crebris
1312 1140 1457 1180 litteris
1488 1136 1646 1180 Caninii

164 1211 206 1251 fit
227 1210 375 1251 certior
389 1241 400 1259 ‚
435 1223 535 1263 quae
565 1210 612 1249 de
633 1207 834 1262 Drappete
857 1216 896 1249 et
916 1207 1105 1248 Lucterio
1126 1215 1240 1261 gesta
1261 1213 1412 1257 essent,
1437 1220 1590 1260 quoque
1611 1206 1651 1245 in

114 1277 141 1319 2
163 1278 328 1319 consilio
351 1284 628 1331 permanerent
649 1277 844 1330 oppidani.
871 1274 1049 1329 Quorum
1071 1275 1146 1316 etsi
1167 1275 1402 1328 paucitatem
1425 1279 1651 1314 contemne-

161 1346 252 1396 bat,
285 1352 418 1385 tamen
451 1344 707 1398 pertinaciam
738 1357 880 1398 magna
903 1356 1028 1398 poena
1048 1356 1137 1383 esse
1159 1342 1413 1382 adficiendam
1435 1340 1647 1389 iudicabat,

163 1427 213 1454 ne
236 1413 423 1453 uniuersa
445 1410 577 1452 Gallia
608 1426 687 1452 non
716 1411 789 1452 sibi
822 1411 928 1452 uires
950 1410 1123 1451 defuisse
1145 1410 1193 1450 ad
1214 1409 1479 1450 resistendum
1499 1407 1648 1449 Roma-

163 1482 248 1532 nis,
272 1481 342 1521 sed
364 1479 626 1520 constantiam
648 1486 803 1534 putaret
818 1509 829 1528 ,
862 1493 964 1520 neue
986 1479 1060 1519 hoc
1081 1479 1263 1531 exemplo
1286 1484 1445 1518 ceterae
1467 1475 1649 1517 ciuitates

117 1549 142 1590 3
164 1551 337 1591 locorum
373 1549 663 1602 opportunitate
695 1549 821 1588 fretae
853 1560 896 1587 se
927 1547 1179 1587 uindicarent
1205 1546 1247 1586 in
1277 1546 1523 1594 libertatem,
1562 1557 1651 1585 cum

162 1617 340 1660 omnibus
373 1615 498 1657 Gallis
530 1624 664 1657 notum
695 1630 785 1657 esse
814 1616 937 1656 sciret
965 1615 1155 1667 reliquam
1187 1627 1276 1655 esse
1307 1627 1426 1654 unam
1459 1617 1648 1653 aestatem

162 1699 258 1727 suae
279 1685 532 1740 prouinciae,
566 1699 680 1739 quam
703 1685 737 1725 si
759 1684 956 1724 sustinere
977 1683 1224 1737 potuissent,
1249 1681 1397 1721 nullum
1419 1680 1525 1720 ultra
1547 1678 1647 1732 peri-

115 1753 142 1794 4
164 1755 292 1795 culum
322 1760 573 1794 uererentur.
628 1751 766 1806 Itaque
796 1749 848 1803 Q.
872 1748 1064 1792 Calenum
1095 1751 1266 1804 legatum
1300 1763 1388 1790 cum
1426 1746 1648 1801 legionibus

307 1867 321 1900 1
344 1878 392 1899 xu
410 1877 457 1898 m.
472 1876 532 1909 pr.
553 1867 596 1899 A.
736 1866 758 1899 2
776 1864 985 1907 Bellouacis]
1005 1864 1116 1904 Belgis
1133 1864 1164 1897 B
1182 1863 1278 1895 ‘ms-S.
1300 1861 1345 1895 θ’.
1486 1858 1650 1902 relinquit

162 1920 192 1952 B
213 1919 308 1950 ‘mss.
330 1918 373 1958 9',
395 1918 535 1959 reliquit
553 1928 589 1949 u.
742 1917 984 1960 capiendorum
1003 1914 1134 1957 Belgis]
1154 1915 1196 1946 ad
1216 1912 1417 1956 capiendum
1435 1911 1563 1943 bellum
1579 1919 1643 1941 ae.

307 1969 324 2000 5
343 1968 376 1999 in
391 1972 478 2010 post
489 1978 563 1999 cum
582 1967 708 2000 om.A.
826 1978 967 2009 quorum
986 1968 1019 1999 in
1039 1967 1179 1998 ciuitate
1193 1965 1224 1997 B
1238 1964 1391 2004 ‘ceterz'’,
1413 1972 1553 2004 quorum
1571 1971 1648 1994 con-

161 2020 239 2052 silio
258 2019 290 2051 in
305 2019 446 2051 ciuitate
461 2018 524 2051 de.
666 2018 684 2050 7
698 2018 965 2050 conscientiaB.
1106 2017 1252 2048 animum
1272 2014 1477 2047 aduertebat
1495 2022 1541 2043 ecc
1558 2011 1647 2043 solis

162 2072 258 2106 And.
274 2072 388 2105 Oaeon.
400 2081 437 2103 u.
576 2070 664 2113 quod
677 2070 826 2102 celerius
837 2071 884 2102 D.
1001 2069 1022 2102 8
1034 2069 1154 2100 timore
1165 2069 1196 2101 B
1210 2064 1389 2109 ‘reliqui',
1409 2069 1502 2097 metu
1523 2064 1541 2095 b
1553 2075 1570 2095 e
1581 2063 1605 2095 d
1617 2073 1647 2094 e.

304 2124 323 2156 9
350 2122 555 2155 Gan-uatum
583 2122 785 2163 d‘pleriqne
810 2117 1009 2160 meliores-⁹,-
1045 2118 1265 2151 Gutruatium
1290 2118 1344 2157 A,
1375 2114 1650 2153 GutuatrumB;

162 2174 382 2208 Guttruatum
401 2184 418 2205 e
436 2175 683 2216 etpraemz'sso
702 2171 748 2204 M.
770 2172 800 2212 b,
821 2170 867 2204 M.
889 2170 1107 2203 Gutirnatum
1126 2180 1155 2201 c.
1174 2169 1215 2201 P.
1235 2167 1292 2201 87.
1446 2165 1647 2209 depoposcit

161 2226 273 2259 BCD
286 2227 304 2258 b
324 2226 358 2259 ‘4
376 2225 474 2266 alii',
496 2225 653 2267 deposcit
669 2234 705 2255 u.
871 2233 932 2255 nec
951 2222 1085 2254 ciuibus
1103 2220 1148 2254 A.
1330 2218 1370 2252 10
1389 2218 1462 2250 suis
1482 2228 1551 2250 om.
1569 2217 1645 2250 Ae.

307 2278 344 2310 11
367 2278 568 2320 producitur
587 2278 643 2317 be,
664 2286 734 2307 non
752 2286 780 2308 e.
937 2273 1105 2316 supplicio
1123 2282 1154 2304 e.
1312 2270 1353 2303 12
1372 2279 1469 2302 suam
1489 2273 1645 2302 naturam

160 2330 231 2364 AB
245 2329 315 2363 CD
335 2329 431 2360 ‘ms-9.
452 2327 601 2370 quidsi),
624 2332 778 2358 naturam
797 2335 892 2358 suam
913 2324 1005 2366 (e)u.
1148 2331 1318 2354 concursu
1336 2321 1482 2353 maximo
1501 2319 1646 2351 militum

161 2381 191 2414 Β
211 2381 307 2413 “m-ss.
328 2379 478 2421 quz'dd.',
498 2379 645 2411 maximo
663 2378 808 2409 militum
826 2386 996 2408 concursu
1014 2384 1048 2407 u.
1188 2373 1245 2415 qui
1263 2371 1374 2404 omnia
1388 2371 1419 2403 B
1437 2374 1472 2403 et
1487 2370 1643 2411 reliqui,-

161 2432 219 2475 qni
238 2431 270 2463 ei
289 2432 400 2463 omnia
417 2432 450 2463 A
463 2432 495 2472 b,
515 2431 571 2474 qui
591 2435 625 2462 et
643 2430 755 2462 omnia
773 2440 802 2460 e.
944 2427 984 2460 13
1003 2425 1100 2469 belli]
1120 2435 1139 2458 a
1157 2425 1240 2458 add.
1261 2424 1377 2465 codd„
1399 2424 1496 2466 quod
1512 2422 1645 2455 deleuit

162 2483 403 2516 Vascosanus.
543 2481 712 2515 Gutruato
732 2482 791 2513 hic
807 2480 840 2513 A
851 2480 881 2513 B
896 2480 924 2513 C
938 2480 956 2512 b
968 2479 1002 2512 d.
1121 2481 1263 2520 accepto
1281 2477 1324 2509 B.
1455 2476 1496 2508 14
1515 2474 1648 2507 ferere-

162 2538 219 2565 tur
235 2533 278 2565 B.
502 2532 623 2564 Canini
646 2533 742 2564 ‘mss.
762 2530 900 2564 multi’.
1118 2528 1158 2562 15
1178 2537 1308 2570 quoque
1327 2525 1374 2568 in]
1395 2530 1429 2557 et
1446 2526 1480 2557 iu
1500 2535 1565 2568 quo
1585 2526 1647 2557 be.

306 2583 348 2617 17
366 2584 586 2626 pertinatiam
604 2583 648 2615 B.
810 2590 966 2623 magnam
988 2580 1028 2613 C.
1213 2578 1439 2610 adficiendam
1456 2577 1501 2610 B.

163 2634 329 2667 iudicabit
344 2644 414 2666 see.
434 2644 481 2666 m.
500 2635 543 2674 B,
564 2633 734 2666 iudicauit
753 2632 794 2666 C.
935 2631 976 2664 18
994 2640 1059 2662 non
1078 2630 1124 2663 ibi
1142 2631 1233 2662 uires
1254 2629 1406 2661 defuisse
1431 2628 1462 2660 B
1477 2627 1560 2668 CD,
1582 2636 1646 2659 non

164 2686 257 2718 uires
275 2684 342 2717 sibi
359 2684 512 2717 defuisse
531 2695 570 2725 ες
598 2695 664 2715 non
690 2683 842 2715 defuisse
870 2682 962 2714 uires
989 2681 1055 2713 sibi
1073 2691 1096 2713 u
1114 2691 1190 2712 cum
1211 2681 1278 2712 Ιιασ
1295 2680 1555 2712 annotatione.-
1577 2677 1646 2709 ‘sic

163 2747 262 2777 mss„
284 2745 355 2767 non
374 2745 408 2767 u.
429 2735 495 2767 sibi
514 2735 571 2775 d.‚·
591 2734 659 2766 def.
681 2734 728 2766 ibi
746 2731 889 2765 mss.9’.
913 2732 1005 2764 ‘Hic
1021 2735 1173 2764 autem
1191 2730 1376 2763 desinit
1400 2738 1561 2762 manus
1579 2737 1649 2763 ue-

166 2790 295 2819 tusta
312 2785 376 2819 A'.
394 2786 435 2818 P.
455 2787 510 2819 39.
651 2784 690 2819 21
713 2794 787 2816 esse
806 2793 875 2816 om.
896 2793 913 2814 e
933 2782 1050 2816 Οτι-οη.
1204 2783 1247 2822 23
1267 2782 1428 2825 Quintum
1447 2791 1517 2813 sec.
1536 2791 1584 2813 m.
1603 2779 1646 2812 B.

307 2839 501 2880 legionibus
520 2838 550 2870 B
569 2840 605 2868 et
619 2836 765 2878 reliqui,
788 2835 979 2876 legionibus
1000 2835 1131 2867 duabus
1153 2836 1170 2866 b
1183 2845 1200 2866 c
1213 2834 1275 2867 de.

1686 875 1724 908 10

1685 1211 1723 1245 ¹5

1680 1550 1724 1585 20
