1835 3240
93 892 132 925 10

91 1232 130 1264 15

87 1570 131 1604 20

567 157 751 200 COMM.
775 154 876 200 VIII
897 153 1023 197 CAP.
1047 154 1246 196 42-44.
1643 155 1724 196 485

166 274 427 319 dimicationis
449 272 624 327 periculo
646 274 874 314 deterreant
889 270 1104 312 Romanos.
1145 267 1295 323 Magna
1310 277 1470 322 repente
1492 271 1531 310 in
1552 270 1647 323 ipsis
1669 269 1694 309 2

165 343 347 397 operibus
371 342 524 381 flamma
546 341 695 381 extitit.
728 339 1010 393 Quaecumque
1032 338 1134 379 enim
1157 351 1227 391 per
1247 337 1375 377 locum
1397 337 1646 390 praecipitem

164 411 285 452 missa
306 417 446 460 erant,
481 423 527 450 ea
557 409 685 450 uineis
718 416 758 450 et
786 421 933 462 aggere
964 419 1175 460 suppressa
1207 404 1581 460 conprehendebant
1610 404 1649 443 id

163 479 305 532 ipsum,
331 478 432 530 quod
454 477 695 517 morabatur.
737 475 891 516 Milites
914 482 1052 515 contra
1074 473 1217 524 nostri,
1242 486 1475 527 quamquam
1496 471 1649 524 pericu·
1670 470 1694 510 3

166 546 252 586 loso
274 559 422 599 genere
444 545 582 600 proelii
603 546 767 597 locoque
787 544 921 596 iniquo
944 542 1237 596 premebantur,
1264 549 1398 582 tamen
1420 539 1550 580 onmia
1572 539 1651 578 for-

162 614 316 654 tissimo
338 614 586 654 sustinebant
606 613 752 652 animo.
796 610 880 651 Res
904 611 1007 651 enim
1029 610 1242 664 gerebatur
1263 618 1303 650 et
1324 609 1485 650 excelso
1507 608 1594 647 loco
1612 612 1651 646 et
1672 605 1697 645 4

163 682 203 721 in
226 688 438 735 conspectu
460 681 663 721 exercitus
685 679 827 729 nostri,
853 692 1097 732 magnusque
1118 678 1314 730 utrimque
1336 677 1484 717 elamor
1496 674 1649 715 orieba-

165 756 244 789 tur.
289 747 350 789 Ita
372 749 551 802 quisque,
577 755 621 788 ut
642 755 729 788 erat
750 747 922 787 maxime
942 746 1128 800 insignis,
1153 759 1227 799 quo
1250 745 1382 785 notior
1394 743 1650 796 testatiorque

163 816 290 857 uirtus
313 824 421 857 esset
442 817 525 857 eius
540 848 550 867 ‚
585 816 670 857 telis
694 815 862 855 hostium
885 815 1140 866 flammaeque
1164 827 1208 853 se
1230 813 1432 854 offerebat.
1495 808 1650 852 Caesar
1670 809 1727 853 43

164 897 250 925 cum
275 886 482 938 conplures
505 898 598 925 suos
623 883 822 924 uulnerari
844 882 1022 931 uideret,
1048 896 1100 922 ex
1122 881 1301 922 omnibus
1325 881 1452 935 oppidi
1475 880 1649 935 partibus

165 953 348 993 cohortes
370 959 542 992 montem
564 952 779 992 ascendere
803 958 843 992 et
863 949 1113 991 simulatione
1126 949 1319 989 moenium
1337 949 1650 1003 occupandorum

164 1021 374 1061 clamorem
406 1020 576 1073 undique
605 1020 714 1060 iubet
745 1020 899 1060 tollere.
963 1016 1052 1071 Quo
1083 1019 1188 1058 sacto
1221 1018 1418 1072 perterriti
1451 1016 1647 1070 oppidani,
1672 1015 1700 1055 2

164 1103 267 1137 cum,
293 1088 382 1142 quid
405 1096 592 1141 ageretur
612 1089 652 1128 in
674 1088 771 1128 locis
794 1087 972 1140 reliquis,
998 1093 1133 1127 essent
1153 1085 1352 1140 suspensi,
1392 1091 1583 1125 reuocant
1603 1083 1651 1124 ab

163 1157 436 1210 impugnandis
459 1157 645 1211 operibus
667 1163 838 1196 armatos
859 1156 1058 1211 murisque
1081 1155 1307 1208 disponunt.
1345 1151 1406 1192 Ita
1428 1153 1554 1192 nostri
1577 1152 1652 1192 fine
1675 1150 1699 1192 3

162 1225 300 1278 proelii
330 1226 433 1264 facto
473 1225 659 1265 celeriter
690 1239 806 1278 opera
841 1225 994 1264 flamma
1034 1223 1305 1277 conprehensa
1337 1221 1478 1275 partim
1508 1219 1652 1260 restin-

164 1300 303 1346 guunt,
328 1293 467 1346 partim
489 1293 793 1333 interscindunt.
820 1289 919 1333 Cum
934 1293 1188 1345 pertinaciter
1201 1288 1650 1342 resisterentoppidani,
1673 1286 1701 1327 4

166 1374 306 1413 magna
328 1360 444 1400 etiam
468 1368 578 1414 parte
609 1361 754 1401 amissa
786 1361 851 1400 siti
883 1374 1044 1400 suorum
1074 1360 1114 1399 in
1136 1359 1334 1399 sententia
1356 1362 1649 1411 permanerent,

166 1429 213 1467 ad
235 1435 472 1481 postremum
488 1429 677 1469 cuniculis
701 1443 823 1469 uenae
845 1429 964 1468 fontis
986 1429 1199 1468 intercisae
1220 1428 1449 1478 suntadque
1467 1437 1648 1464 auersae.

166 1493 255 1548 Quo
279 1498 381 1536 sacto
404 1504 567 1550 repenle
590 1497 773 1550 perennis
797 1497 958 1537 exaruit
988 1497 1075 1536 fons
1098 1503 1323 1549 tantamque
1346 1494 1475 1534 attulit
1496 1491 1654 1546 oppida·
1675 1488 1700 1530 5

163 1563 224 1603 nis
237 1564 375 1603 salutis
390 1565 721 1618 desperationem,
748 1572 789 1605 ut
809 1565 846 1605 id
869 1579 947 1605 non
971 1565 1167 1604 bominum
1192 1564 1373 1611 consilio,
1399 1562 1466 1601 sed
1491 1561 1653 1600 deorum

164 1631 366 1671 uoluntate
399 1633 540 1672 sactum
574 1640 773 1686 putarent.
826 1631 965 1685 Itaque
997 1646 1040 1672 se
1072 1632 1310 1672 necessitate
1335 1629 1459 1670 coacti
1482 1628 1653 1668 tradide-

165 1705 272 1739 runt.
299 1695 467 1750 Caesar,
492 1714 577 1740 cum
600 1714 709 1740 suam
732 1700 934 1741 lenitatem
958 1700 1156 1754 cognitam
1180 1699 1359 1740 omnibus
1381 1697 1503 1738 sciret
1524 1708 1650 1748 neque
1671 1694 1730 1739 44

311 1791 323 1823 1
347 1791 576 1825 dimicationis
604 1793 758 1835 periculo
777 1793 808 1825 B
829 1792 988 1833 ‘ceterz''‚
1022 1793 1242 1825 dimicatione
1272 1796 1306 1823 et
1334 1789 1487 1833 periculo
1516 1800 1532 1820 e
1558 1787 1651 1821 And.

167 1841 283 1873 Oxon.
304 1842 381 1874 cod.
403 1842 484 1875 Vrs.
627 1844 888 1875 deterrerentur
905 1843 1046 1875 Romani
1065 1843 1159 1876 And.
1182 1843 1258 1875 cod.
1281 1842 1361 1874 Vrs.
1382 1845 1420 1873 et
1439 1843 1581 1872 inverso
1601 1847 1655 1870 or-

166 1893 246 1925 dine
265 1904 294 1925 e.
435 1895 481 1935 in]
503 1905 545 1926 ex
563 1897 607 1928 A.
749 1898 769 1928 2
787 1896 904 1928 extitit
918 1896 960 1927 B.
1102 1904 1335 1937 quaecumque
1349 1893 1422 1935 (B),
1443 1902 1511 1923 von
1526 1908 1562 1913 -
1575 1900 1657 1922 cun-

166 1955 243 1987 que.
382 1946 494 1978 locum
514 1957 581 1978 om.
603 1947 646 1978 A.
791 1948 810 1979 3
830 1946 1210 1989 conprehendebantB.
1355 1946 1371 1976 5
1391 1942 1656 1986 praemebantur

165 1999 207 2030 B.
394 1998 579 2030 fortissimo
598 1999 655 2031 Be
676 1999 858 2041 ‘reliquz'',
888 1998 1106 2042 paratissimo
1126 1998 1221 2030 And.
1245 1997 1357 2030 Oxou.
1379 1999 1414 2026 et
1431 1998 1468 2027 in
1488 2003 1603 2034 marg.
1624 2003 1652 2024 e.

309 2050 328 2082 6
348 2055 381 2082 et
399 2054 482 2082 ante
501 2051 638 2082 excelso
656 2061 724 2082 om.
747 2051 778 2082 b.
942 2051 959 2081 7
980 2060 1122 2090 magnus
1143 2050 1173 2081 b.
1337 2048 1356 2079 8
1377 2047 1423 2078 ita
1442 2046 1597 2088 quisque,
1618 2049 1656 2075 ut

165 2106 240 2133 erat
257 2111 341 2143 ego,
364 2102 411 2133 ita
430 2101 571 2143 quisque
592 2106 725 2143 poterat
744 2101 774 2133 B
795 2102 890 2132 ‘ms-⁸.
914 2099 957 2136 6³:
977 2101 1023 2132 ita
1043 2105 1080 2132 nt
1099 2100 1241 2142 quisque
1260 2102 1396 2141 poterat
1417 2098 1512 2128 ‘mss
1527 2095 1655 2127 mulli'

166 2158 316 2197 (poterat
334 2165 403 2186 om.
424 2155 483 2194 D),
506 2154 553 2185 ita
573 2164 670 2195 quain
690 2154 831 2195 quisque
852 2157 988 2195 poterat
1007 2163 1027 2183 a
1043 2153 1060 2183 b
1075 2163 1131 2183 ce.
1152 2152 1191 2183 P.
1217 2151 1292 2183 1‘22.
1434 2149 1452 2180 9
1469 2152 1563 2180 esset
1580 2147 1653 2178 eius

163 2205 195 2237 B
213 2205 290 2236 edd.
311 2209 394 2237 ante
412 2205 497 2237 Ald.
511 2230 520 2245 ,
542 2208 580 2236 et
596 2207 604 2222 ⁶
619 2205 691 2236 eius
710 2205 822 2235 locum
844 2206 968 2235 uariat
987 2206 1023 2235 in
1041 2203 1221 2245 mss.sere
1239 2199 1444 2239 omnz'bus’5
1469 2199 1543 2230 eius
1562 2202 1656 2230 esset

164 2256 277 2288 Aldus
296 2267 331 2288 u.
493 2256 683 2288 offerebant
702 2266 748 2287 ez·
766 2256 786 2288 2
805 2255 893 2286 dett.
914 2259 950 2286 et
965 2255 1044 2287 Au.
1205 2254 1245 2286 10
1265 2252 1447 2295 conplures
1466 2251 1510 2283 B.

167 2306 203 2340 11
225 2308 414 2339 ascendere
433 2307 472 2339 B.
615 2306 825 2338 moeniorum
847 2306 876 2337 b.
1022 2305 1062 2337 12
1081 2304 1242 2336 attollere
1263 2304 1295 2335 b.
1458 2301 1575 2333 territi
1595 2301 1653 2332 be.

311 2360 350 2392 13
370 2359 529 2402 suspensi
547 2359 578 2391 Β
592 2359 660 2391 CD
674 2360 691 2389 I)
706 2358 806 2398 cde,
836 2357 945 2398 ignari
970 2357 1066 2389 And.
1096 2357 1211 2389 Ooeon.
1234 2358 1271 2387 et
1286 2357 1323 2387 in
1342 2363 1458 2396 marg.
1480 2363 1510 2384 e.

169 2410 207 2441 15
226 2421 326 2453 opera
345 2422 414 2443 om.
437 2412 468 2443 b.
671 2410 919 2452 (conprehensa
939 2409 983 2450 B)
1003 2419 1198 2451 compressa
1219 2409 1250 2440 b.
1478 2404 1517 2438 17
1536 2413 1656 2444 magna

169 2461 270 2494 etiam
288 2464 344 2495 Be
365 2465 460 2495 ‘mssa
481 2465 554 2494 mei
570 2462 713 2502 omnes',
736 2469 770 2494 et
789 2463 853 2493 iam
873 2471 994 2502 magna
1013 2461 1089 2493 eod.
1111 2459 1193 2492 Vrs.
1213 2470 1249 2491 u.
1452 2457 1578 2488 amissa
1597 2454 1656 2486 siti

168 2523 303 2545 suorum
322 2515 352 2546 B
372 2515 571 2557 ‘plerique'‚
594 2524 730 2546 suorum
751 2514 807 2546 siti
828 2510 952 2545 amissa
973 2524 989 2544 e
1003 2524 1039 2545 u.
1263 2514 1504 2554 permanerent
1522 2520 1539 2540 e
1557 2508 1651 2542 And.

171 2564 283 2596 (λι-οη.
304 2569 341 2596 et
358 2566 415 2597 ‘m.
432 2577 490 2608 pr.
511 2569 667 2606 uetusta,
689 2576 779 2607 quae
798 2567 854 2597 hic
871 2575 997 2596 rursus
1016 2562 1178 2607 apparet'
1198 2563 1253 2605 (at
1270 2562 1345 2594 uid.
1367 2563 1406 2593 Ρ.
1427 2561 1486 2601 39)
1506 2561 1561 2601 Λ,·
1582 2569 1654 2602 per-

169 2617 352 2649 manebant
374 2618 404 2650 B
421 2621 456 2650 et
471 2619 605 2660 reliqui
623 2618 734 2661 (apud
753 2617 840 2650 Ond.
857 2620 1081 2660 permaneant
1097 2625 1218 2647 errore
1233 2617 1408 2657 scriptum
1427 2612 1508 2653 est).

171 2666 212 2699 18
230 2667 337 2709 adque
355 2669 397 2700 B.
540 2670 579 2702 19
601 2669 690 2702 sacto
709 2680 778 2702 om.
799 2669 844 2701 D.
985 2673 1127 2711 repente
1146 2668 1307 2710 perennis
1327 2666 1461 2699 exaruit
1481 2665 1555 2696 fons
1577 2668 1651 2694 tan-

168 2723 303 2760 tamque
322 2719 352 2751 B
367 2720 437 2752 CD
451 2721 482 2753 A
500 2724 545 2762 et,
566 2723 631 2763 qui
646 2732 693 2754 m.
710 2730 768 2765 pr.
790 2725 920 2753 tantam
935 2745 943 2761 ‚
966 2720 1006 2760 b,-
1026 2724 1166 2762 repente
1187 2718 1263 2750 sons
1284 2716 1443 2761 perennis
1462 2716 1651 2747 exhaustus

169 2774 298 2800 tantam
317 2780 333 2800 e
351 2770 444 2803 And.
467 2772 583 2804 Ooeon.
752 2772 790 2805 21
814 2782 850 2804 se
871 2772 1081 2804 necessitate
1101 2770 1211 2802 coacti
1231 2770 1261 2802 B
1279 2768 1357 2800 edd.
1378 2770 1459 2799 ante
1476 2765 1575 2805 Ald„
1598 2774 1652 2796 ne-

172 2820 336 2851 cessitate
356 2820 464 2853 coacti
484 2831 519 2853 se
539 2821 652 2854 Aldus
671 2832 705 2853 n.
848 2823 892 2854 22
912 2820 1058 2864 Caesar]
1078 2821 1192 2863 itaque
1213 2818 1295 2851 aad,
1320 2819 1346 2850 C
1364 2822 1398 2849 et
1416 2827 1482 2848 see.
1505 2826 1550 2848 m.
1571 2825 1648 2857 sup.

168 2879 260 2901 vers.
282 2870 323 2901 B.
