1835 3240
88 154 171 197 680
678 159 850 203 BELLI
880 159 1128 202 AFRICAE

165 282 279 322 quam
301 269 464 311 fratrem
486 271 753 314 interficerent
767 303 777 320 ,
810 273 924 326 idque
951 273 999 314 ab
1023 274 1079 314 eis
1101 273 1216 314 facile
1236 275 1491 329 impetrasse,
1527 283 1643 330 atque

91 336 147 380 29
169 337 224 378 ita
246 350 334 378 esse
356 338 602 380 interfectos.
665 339 843 380 Turmae
864 340 1022 380 interim
1045 341 1233 394 equitum,
1269 356 1365 395 quae
1388 357 1456 396 pro
1479 344 1583 384 uallo
1605 345 1645 385 in

165 404 400 446 stationibus
433 419 521 446 esse
552 406 731 446 solebant
762 407 828 461 [ab
859 408 1034 460 utrisque
1066 408 1270 462 ducibus]‚
1313 411 1456 450 cotidie
1486 411 1646 452 minutis

117 470 145 511 2
165 473 323 526 proeliis
345 473 450 513 inter
471 486 514 513 se
537 473 760 527 depugnare
782 488 860 513 non
882 474 1172 525 intermittunt3
1208 490 1498 530 nonnumquam
1530 478 1644 518 etiam

166 537 354 580 Germani
378 538 558 592 Gallique
580 537 814 580 Labieniani
842 555 926 581 cum
950 539 1136 582 Caesaris
1159 543 1352 596 equitibus
1374 545 1447 584 fide
1469 544 1557 584 data
1584 545 1643 584 in-

121 605 145 646 3
168 613 229 647 ter
255 621 298 647 se
328 606 662 658 colloquebantur.
703 605 905 648 Labienus
928 609 1083 649 interim
1107 624 1192 649 cum
1216 617 1326 663 parte
1354 611 1549 663 equitatus
1566 610 1646 652 Le-

166 673 260 727 ptim
282 673 478 727 oppidum,
501 675 562 713 cui
585 682 768 727 praeerat
785 673 961 716 Saserna
982 691 1069 716 cum
1093 677 1316 718 cohortibus
1337 684 1398 727 VI,
1424 692 1648 733 oppugnare

166 756 212 782 ac
233 741 272 781 ui
302 741 526 794 inrumpere
558 741 799 793 conabatur3
833 744 934 796 quod
964 743 1011 783 ab
1044 744 1317 785 defensoribus
1347 752 1506 798 propter
1536 759 1646 800 egre-

166 809 268 862 giam
299 807 554 848 munitionem
587 809 714 863 oppidi
756 816 795 849 et
824 810 1114 851 multitudinem
1150 818 1433 852 tormentorum
1465 813 1580 852 facile
1611 820 1650 853 et

120 875 146 915 4
167 876 253 916 sine
284 875 459 929 periculo
492 876 787 917 defendebatur.
851 875 964 930 Quod
996 878 1059 918 ubi
1088 879 1246 932 saepius
1270 880 1353 919 eius
1376 880 1571 933 equitatus
1594 881 1650 920 fa-

167 957 257 984 cere
280 957 357 983 non
379 942 688 995 intermittebat,
723 959 809 985 cum
831 946 932 985 forte
955 953 1044 986 ante
1066 953 1216 1000 portam
1239 954 1367 987 turma
1390 948 1510 987 densa
1531 947 1650 988 adsti-

167 1011 304 1060 tisset,
353 1011 562 1064 scorpione
595 1013 818 1053 accuratius
850 1013 971 1053 misso
1002 1020 1120 1067 atque
1153 1028 1286 1054 eorum
1320 1014 1532 1055 decurione
1563 1028 1650 1068 per·

169 1091 288 1118 cusso
319 1085 359 1119 et
389 1079 434 1118 ad
471 1093 580 1119 ecum
614 1080 743 1120 defixo
770 1080 912 1134 reliqui
935 1082 1135 1135 perterriti
1159 1082 1249 1135 suga
1270 1095 1313 1121 se
1335 1082 1375 1121 in
1398 1089 1527 1122 castra
1548 1083 1649 1123 reci-

95 1144 153 1189 30
168 1145 292 1199 piunt.
348 1143 438 1198 Quo
460 1147 565 1187 facto
587 1154 724 1201 postea
746 1155 840 1188 sunt
861 1148 1037 1193 deterriti
1059 1149 1239 1202 oppidum
1263 1156 1470 1202 temptare.
1516 1147 1649 1203 Scipio

167 1212 325 1253 interim
348 1214 431 1254 fere
453 1214 594 1254 cotidie
616 1229 696 1254 non
726 1215 843 1268 longe
875 1229 897 1254 a
928 1216 1010 1255 suis
1042 1216 1209 1266 castris,
1244 1215 1422 1270 passibus
1455 1223 1560 1265 CCC,
1593 1216 1653 1256 in-

167 1287 322 1321 struere
354 1281 475 1321 aciem
508 1295 553 1320 ac
584 1282 732 1322 maiore
754 1288 863 1335 parte
887 1282 963 1322 diei
985 1289 1215 1336 consumpta
1236 1297 1374 1323 rursus
1396 1283 1435 1322 in
1458 1290 1588 1323 castra
1609 1296 1652 1324 se

120 1346 146 1387 2
167 1347 359 1401 recipere.
425 1344 540 1399 Quod
573 1363 661 1389 cum
692 1349 847 1403 saepius
877 1350 1017 1400 fieret,
1051 1364 1177 1404 neque
1209 1364 1259 1390 ex
1292 1348 1478 1391 Caesaris
1511 1351 1652 1392 castris

169 1415 370 1468 quisquam
394 1416 567 1469 prodiret
589 1431 716 1470 neque
737 1418 895 1471 propius
927 1418 1010 1458 eius
1043 1418 1175 1472 copias
1205 1419 1436 1468 accederet,
1471 1418 1654 1472 despecta

168 1482 356 1536 patientia
385 1480 572 1524 Caesaris
604 1485 883 1538 exercitusque
916 1485 998 1526 eius
1023 1484 1157 1541 [luha]
1182 1486 1378 1526 uniuersis
1411 1485 1533 1539 copiis
1565 1500 1654 1540 pro-

170 1549 295 1590 ductis
327 1550 621 1605 elephantisque
652 1553 806 1593 turritis
826 1559 929 1593 XXX
949 1561 1041 1594 ante
1072 1554 1195 1594 aciem
1226 1553 1432 1594 instructis
1465 1567 1578 1606 quam
1599 1553 1654 1593 la-

169 1617 321 1658 tissime
351 1619 478 1672 potuit
508 1627 688 1674 porrecta
722 1620 893 1673 equitum
918 1621 1164 1675 peditumque
1186 1621 1432 1661 multitudine
1455 1635 1534 1661 uno
1555 1627 1653 1661 tem-

169 1699 263 1740 pore
287 1700 520 1740 progressus
542 1687 637 1727 haut
656 1688 712 1728 ita
732 1689 849 1742 longe
871 1703 893 1728 a
916 1686 1103 1729 Caesaris
1127 1689 1269 1729 castris
1293 1688 1466 1729 constitit
1488 1688 1529 1727 in
1551 1702 1652 1728 cam·

93 1752 144 1797 31
169 1767 231 1807 po.
287 1751 439 1806 Quibus
462 1755 579 1795 rebus
602 1755 770 1808 cognitis
794 1753 948 1796 Caesar
968 1755 1076 1796 iubet
1097 1756 1241 1796 milites
1258 1787 1268 1805 ,
1303 1756 1366 1809 qui
1389 1762 1506 1795 extra
1527 1755 1653 1795 muni-

169 1821 296 1862 tiones
314 1829 594 1875 processerant
612 1823 791 1877 [quique]
810 1823 1013 1876 pabulandi
1032 1830 1099 1863 aut
1117 1823 1291 1877 lignandi
1307 1838 1433 1863 causa
1451 1830 1519 1862 aut
1538 1823 1654 1863 etiam

170 1888 368 1928 muniendi
392 1890 520 1944 gratia
549 1889 695 1929 uallum
718 1891 912 1944 petierant
934 1905 1110 1945 quaeque
1133 1892 1179 1931 ad
1203 1905 1288 1931 eam
1309 1904 1390 1931 rem
1407 1904 1503 1943 opus
1526 1897 1654 1940 erant,

171 1970 306 1996 omnes
337 1957 442 1996 intra
473 1957 710 1998 munitiones
741 1958 960 1998 minutatim
993 1959 1245 2011 modesteque
1277 1958 1361 1998 sine
1389 1958 1556 1997 tumultu
1586 1964 1655 1998 aut

171 2030 323 2064 terrore
355 2038 399 2064 se
429 2024 607 2078 recipere
637 2032 752 2078 atque
773 2026 813 2065 in
835 2039 953 2079 opere
977 2026 1212 2066 consistere.
1274 2024 1485 2078 Equitibus
1507 2032 1653 2076 autem,

171 2091 235 2144 qui
265 2093 305 2131 in
327 2092 499 2132 statione
522 2093 699 2141 fuerant,
735 2093 948 2147 praecipit,
984 2101 1026 2133 ut
1048 2108 1170 2146 usque
1195 2108 1240 2134 eo
1263 2094 1391 2134 loc-um
1414 2093 1653 2146 optinerent‚

170 2159 211 2198 in
233 2173 306 2212 quo
329 2159 441 2213 paulo
474 2167 566 2200 ante
596 2160 894 2210 constitissent,
929 2162 1053 2201 donec
1084 2161 1130 2201 ab
1155 2161 1266 2201 hoste
1288 2160 1406 2200 telum
1429 2160 1588 2200 missum
1610 2161 1657 2201 ad

170 2239 214 2266 se
235 2227 486 2280 perueniret,
521 2227 619 2280 quod
642 2228 675 2268 si
698 2229 855 2282 propius
878 2229 1146 2278 accederetur,
1181 2243 1294 2282 quam
1317 2228 1592 2268 honestissime
1613 2241 1656 2268 se

313 2330 332 2363 3
352 2341 460 2363 uncos
478 2341 541 2372 ego
558 2334 665 2372 posui
696 2332 736 2363 P.
757 2332 835 2366 209.
994 2334 1014 2365 4
1032 2332 1300 2364 intermitterent
1322 2333 1354 2363 b.
1505 2340 1657 2362 nonnun-

173 2391 270 2423 quam
289 2381 355 2423 (a).
508 2384 524 2413 5
543 2381 732 2414 Labienani
754 2384 849 2415 ‘mss.
865 2382 1056 2425 plerz'qne'.
1206 2385 1224 2416 7
1244 2394 1276 2414 vr
1295 2393 1370 2424 ego,
1393 2392 1430 2413 111
1449 2381 1549 2413 codd.
1570 2380 1654 2414 Vid.

172 2443 200 2463 c.
223 2433 255 2472 9,
280 2433 308 2465 l.
481 2434 500 2465 8
519 2433 713 2476 inrumpere
731 2445 765 2466 a.
929 2435 947 2467 9
969 2434 1220 2467 multitudinem
1239 2440 1483 2467 tormentorum
1501 2444 1535 2471 a,
1556 2438 1655 2465 torm.

170 2482 267 2514 mult.
289 2482 368 2514 edd.
521 2484 557 2517 11
581 2495 655 2516 cum
673 2485 846 2526 Iurz'nius,
868 2491 902 2518 et
919 2496 994 2517 cum
1013 2485 1114 2517 codd.
1267 2485 1463 2517 obstitisset
1481 2485 1512 2517 b.

174 2534 213 2567 13
233 2534 274 2565 ad
294 2544 389 2566 ecum
406 2535 607 2576 Daehm'us5
629 2537 670 2568 ad
691 2537 832 2568 decuma
850 2548 890 2578 a,
913 2538 953 2569 de
972 2538 1111 2568 decuma
1133 2537 1162 2576 b,
1186 2546 1205 2567 a
1223 2536 1354 2568 decima
1373 2546 1411 2576 c,-
1438 2536 1479 2567 ad
1500 2536 1658 2568 decuma-

173 2595 247 2617 nam
266 2596 302 2617 u.
446 2587 484 2618 15
507 2586 578 2618 fere
597 2598 666 2620 om.
688 2589 719 2619 b.
860 2599 951 2631 pass.
973 2599 1007 2620 α.
1151 2589 1190 2620 16
1210 2593 1308 2631 parte
1328 2589 1394 2620 diei
1413 2599 1433 2620 a
1452 2592 1486 2620 et
1503 2591 1578 2620 sine
1596 2599 1659 2620 an—

171 2638 352 2668 notati0ne
370 2646 405 2676 u,
427 2637 494 2668 diei
513 2643 607 2679 parte
632 2638 709 2669 edd.
733 2642 816 2670 ante
835 2650 870 2670 u.
1014 2639 1046 2669 in
1066 2643 1181 2669 castra
1200 2648 1236 2670 se
1255 2649 1289 2679 a,
1310 2638 1342 2670 iu
1363 2643 1478 2670 castra
1497 2639 1581 2681 (om.
1602 2637 1659 2680 se)

173 2690 213 2728 ὸς
234 2699 270 2720 se
289 2689 321 2720 in
340 2694 456 2721 eastra
475 2690 554 2722 edd.
698 2691 736 2723 17
755 2692 869 2734 sepius
888 2702 921 2723 α.
1076 2690 1114 2722 19
1135 2690 1216 2723 luba
1234 2692 1349 2723 Aldus
1368 2692 1513 2724 deleuit.

173 2742 215 2775 22
233 2742 315 2773 haut
331 2751 365 2773 α.
524 2743 567 2776 24
584 2743 708 2784 quique
728 2753 791 2784 ego
810 2744 953 2774 inclusi.
974 2742 1013 2774 P.
1033 2742 1113 2777 209.
1274 2753 1379 2775 causa
1398 2753 1461 2786 ego
1478 2743 1656 2785 suppleui.

315 2793 357 2826 25
368 2791 495 2825 uallum
512 2810 555 2816 —
574 2802 728 2835 quaeque
746 2793 872 2833 Aldus,
892 2793 1017 2824 uallem
1035 2809 1078 2817 —-
1096 2794 1218 2835 quique
1237 2794 1336 2827 codd.
1477 2795 1660 2837 280ptine-

175 2848 249 2875 rent
267 2853 299 2874 α.
443 2843 484 2875 29
504 2844 608 2876 telum
626 2844 765 2876 missum
785 2855 817 2885 (1,
839 2844 976 2876 missum
995 2843 1099 2876 telum
1120 2844 1198 2876 edd.

1682 886 1724 920 10

1686 1223 1726 1257 15

1684 1560 1728 1594 20

1686 1897 1729 1931 25

1689 2234 1731 2267 30
