1835 3240
698 187 1096 229 *41-

152 307 304 362 polatae
325 302 495 344 familiae
515 300 693 356 proprias
710 331 720 351 ‚
755 315 851 354 quas
873 301 915 341 in
937 301 1009 341 boc
1031 299 1164 340 codice
1187 314 1208 339 a
1237 299 1361 353 prima
1391 315 1507 342 manu
1536 303 1635 343 scri-

151 381 236 427 ptas
268 386 356 412 esse
387 369 620 410 incredibile
653 376 728 409 est.
790 367 931 409 Inueni
965 375 1094 408 autem
1127 367 1167 407 in
1199 367 1299 407 libro
1322 369 1486 419 quodam
1520 383 1636 410 manu

150 441 298 493 scripto
321 436 593 486 Santoniam),
627 436 691 489 qui
719 436 759 476 in
788 436 897 489 regia
925 433 1178 475 Berolinensi
1208 435 1443 475 bibliotheca
1476 450 1637 476 numero

152 515 213 548 est.
233 506 471 547 centesimus
504 503 816 558 septuagesimus
851 502 1022 556 primUS‚
1057 509 1215 555 praeter
1246 502 1322 542 alia
1353 502 1638 555 discrepantias

152 575 327 615 codicum
351 571 540 614 Caesaris
563 572 610 612 ad
633 571 659 612 1.
684 569 722 612 V
745 571 791 611 de
811 570 846 609 b.
871 568 977 610 Gall.
1008 569 1098 609 inde
1129 583 1150 609 a
1173 583 1207 609 c.
1233 567 1286 610 35
1309 583 1433 622 usque
1456 571 1501 609 ad
1525 583 1561 609 c.
1586 569 1640 609 39

151 643 397 696 pertinentes
420 652 630 692 eorumque
652 638 826 678 codicum
851 637 1160 691 descriptiones,
1196 650 1294 689 quae
1317 637 1408 690 quin
1431 650 1483 677 ex
1505 650 1642 677 exem-

151 709 250 764 plari
271 707 506 749 Fabriciano
530 707 650 761 petita
672 706 753 746 sint
769 736 779 753 ‚
811 706 977 746 dubitari
999 719 1078 745 non
1100 711 1244 758 potest.
1288 702 1347 744 Ibi
1370 705 1416 745 de
1438 703 1640 745 Vossiano

151 778 274 831 primo
298 776 391 816 haec
413 772 744 829 legunturGudii‚
768 773 1005 821 utarbitror‚
1031 771 1175 812 uerba:
1208 770 1467 819 ‘Vossianus,
1492 770 1573 823 qui,
1599 776 1642 810 ut

149 845 190 885 in
212 844 296 897 ipso
317 843 417 883 libro
439 856 557 882 manu
580 840 849 881 uetustissima
872 847 933 881 est
954 846 1185 880 annotatum
1200 870 1210 889 ‚
1245 839 1318 879 fuit
1349 839 1439 878 olim
1463 835 1509 877 S.
1533 835 1642 878 Petri

150 910 477 960 Bellouacensis,
510 909 552 949 in
584 908 811 949 membrana
833 909 957 948 forma
981 914 1143 961 quarta,
1176 920 1366 946 annorum
1398 919 1518 960 prope
1547 902 1639 946 DC.

149 978 278 1020 Multa
300 978 363 1018 hic
386 984 565 1018 correcta
587 990 609 1017 a
630 977 755 1030 prima
778 989 917 1025 manu,
951 990 1113 1028 quorum
1136 974 1307 1028 uestigia
1327 974 1367 1014 in
1391 974 1515 1015 erasis
1537 974 1644 1014 litte-

150 1047 206 1087 ris
238 1047 309 1086 uix
338 1052 543 1100 apparent.
609 1042 656 1084 In
687 1043 878 1097 principio
910 1043 999 1083 libri
1022 1043 1135 1097 primi
1158 1043 1291 1083 folium
1316 1049 1403 1081 erat
1423 1041 1640 1082 excisum’.

151 1113 345 1155 Videmus
366 1113 488 1168 igitur
508 1112 629 1153 multa
659 1111 716 1151 ita
738 1118 918 1151 correcta
941 1125 1031 1152 esse
1047 1142 1057 1161 ‚
1092 1118 1137 1151 ut
1167 1110 1329 1162 antiqua
1359 1109 1555 1162 scriptura
1586 1108 1644 1149 di-

151 1182 265 1223 nosci
287 1182 486 1237 nequiret.
519 1179 602 1222 Iam
624 1181 664 1220 in
685 1187 796 1234 parte
819 1192 954 1220 earum
977 1179 1262 1232 scripturarum
1286 1191 1371 1217 cum
1393 1176 1644 1230 interpolatis

152 1249 349 1291 codicibus
381 1248 713 1291 consentientium
738 1246 890 1288 Gudius
914 1253 953 1288 et
974 1245 1278 1300 Oudendorpius
1300 1245 1373 1299 ipsi
1398 1244 1531 1284 testati
1555 1251 1646 1284 sunt

151 1317 207 1359 ita
229 1333 251 1358 a
273 1318 445 1359 secunda
465 1333 583 1359 manu
605 1332 694 1358 esse
716 1317 921 1371 scriptum.
982 1313 1119 1368 Itaque
1151 1327 1277 1367 neque
1309 1313 1409 1353 ullas
1432 1313 1646 1353 correctio-

154 1400 224 1427 nes
247 1400 268 1426 a
290 1386 416 1439 prima
437 1400 555 1426 manu
577 1387 701 1426 factas
723 1385 841 1425 credo
865 1391 917 1433 et,
944 1383 1128 1436 quidquid
1151 1382 1288 1421 exhoc
1303 1382 1437 1422 codice
1452 1382 1644 1436 prolatum

156 1461 218 1494 est
239 1467 324 1492 cum
342 1453 589 1506 interpolatis
608 1452 863 1493 consentiens
882 1458 921 1491 et
936 1451 983 1491 ab
1003 1450 1166 1502 reliquis
1184 1450 1298 1490 huius
1315 1449 1475 1504 generis
1495 1450 1644 1489 discre-

157 1535 271 1575 pans,
296 1535 375 1561 non
397 1521 547 1571 dubito,
573 1521 665 1574 quin
688 1534 741 1560 ex
762 1519 998 1572 interpolato
1021 1517 1155 1557 codice
1176 1517 1328 1557 illatum
1350 1517 1417 1567 sit,
1442 1524 1484 1557 ut
1505 1518 1545 1557 in
1565 1516 1643 1557 Pa-

153 1589 277 1629 risino
301 1589 421 1642 primo
444 1590 589 1629 factum
610 1589 741 1628 retuli,
777 1586 904 1639 Quam
926 1600 1010 1626 rem
1034 1599 1112 1625 non
1135 1584 1280 1625 leuiter
1302 1588 1520 1634 confirmat,
1546 1583 1647 1637 quod

154 1655 258 1696 utin
278 1654 465 1696 Parisino
496 1655 647 1708 primo,
681 1654 735 1694 ita
767 1654 807 1694 in
841 1654 913 1694 hoc
945 1653 1079 1694 codice
1110 1653 1439 1707 interpolatorum
1473 1653 1649 1692 codicum

154 1723 376 1777 scripturae
408 1723 533 1764 tribus
564 1730 715 1763 tantum
756 1721 889 1776 primis
922 1722 1034 1762 libris
1078 1721 1348 1761 continentur.
1411 1719 1496 1761 Has
1528 1721 1650 1775 igitur

155 1793 375 1847 scripturas
397 1798 452 1841 et,
477 1792 511 1832 si
535 1804 608 1844 qua
630 1790 707 1830 alia
728 1789 822 1830 mihi
843 1803 922 1829 non
936 1788 1033 1830 satis
1048 1797 1156 1830 recte
1168 1789 1294 1830 relata
1308 1788 1558 1838 uidebantur,
1583 1802 1650 1841 ap-

154 1861 284 1915 posito
305 1859 633 1915 interrogationis
651 1859 764 1912 signo
784 1858 935 1898 notaui.
971 1856 1039 1897 Ex
1060 1872 1138 1898 uno
1157 1858 1290 1898 codice
1311 1871 1361 1897 ex
1384 1857 1518 1897 eodem
1542 1857 1650 1896 fonte

154 1935 273 1982 atque
295 1929 371 1969 duo
393 1928 619 1982 superiores
650 1928 765 1967 ducto
796 1926 980 1980 descripti
1010 1933 1104 1966 sunt
1125 1925 1410 1980 Egmondanus
1433 1932 1472 1964 et
1493 1923 1650 1964 Vratis-

154 1996 345 2055 laujfffl-Sjss
379 1996 552 2054 primus,
597 1995 660 2048 qui
698 1995 739 2035 in
771 1994 942 2035 minimis
973 1994 1192 2047 quibusque
1223 1993 1342 2034 rebus
1377 1993 1648 2042 consentiunt,

155 2054 252 2105 adeo
275 2070 319 2104 ut
339 2053 508 2117 profluo
531 2064 665 2104 codice
686 2063 918 2103 aestimandi
941 2062 1032 2103 sint.
1080 2060 1193 2102 Illius
1216 2061 1371 2102 collatio
1394 2075 1416 2101 a
1439 2059 1567 2101 Gudio
1589 2059 1651 2100 in-

155 2133 294 2173 stituta
316 2139 430 2172 extat
450 2132 491 2172 in
513 2130 685 2184 exempl.
709 2129 849 2179 Fabr.‚
875 2131 959 2185 ipse
981 2130 1109 2170 codex
1137 2144 1211 2183 quo
1243 2129 1496 2184 peruenerit,
1521 2130 1651 2169 incer-

155 2206 236 2240 tum
259 2206 343 2239 est:
369 2200 487 2247 bunc,
514 2200 579 2253 qui
601 2199 641 2239 in
662 2198 897 2240 bibliotheca
922 2197 1204 2252 Rhedigerana
1225 2212 1389 2238 numero
1412 2204 1473 2237 est
1493 2203 1651 2250 septua-

154 2268 330 2322 gesimus
354 2281 481 2308 nonus
498 2298 508 2317 ‚
543 2268 712 2308 contulit
732 2265 1018 2308 Schneiderus.
1084 2264 1188 2307 Sunt
1219 2267 1258 2307 hi
1289 2265 1445 2306 codices
1467 2271 1649 2305 recentes

157 2339 263 2387 (nam
285 2334 588 2390 Egmondanum
610 2349 714 2376 anno
737 2334 862 2386 1345,
887 2335 1245 2377 Vratislauiensem
1274 2348 1378 2375 anno
1413 2332 1520 2374 1475
1552 2331 1651 2373 scri-

156 2411 261 2459 ptum
285 2417 373 2444 esse
395 2404 468 2457 ipsi
491 2404 941 2458 librariiprofessisunt)
956 2410 993 2443 et
1014 2403 1157 2444 habent
1179 2418 1258 2443 non
1278 2416 1399 2457 pauca
1421 2408 1556 2455 aperte
1579 2413 1649 2454 pro

157 2472 367 2513 scribentis
391 2471 556 2512 arbitrio
578 2479 742 2522 mutata,
768 2479 811 2512 ut
832 2485 881 2511 ne
903 2485 989 2512 eum
1014 2471 1169 2525 quidem
1190 2471 1378 2517 codicem,
1404 2469 1506 2509 unde
1521 2476 1651 2509 trans-

157 2540 293 2593 scripti
315 2547 423 2590 sunt,
448 2547 647 2580 uetustum
672 2540 793 2581 fuisse
815 2547 1016 2594 appareat.
1060 2539 1331 2580 Nihilominus
1353 2539 1458 2579 inter
1480 2537 1649 2591 optimos

160 2608 313 2649 codices
346 2608 514 2662 ponendi
544 2615 637 2648 sunt.
669 2614 705 2647 et
738 2608 969 2660 quibusdam
1001 2608 1098 2648 locis
1130 2621 1216 2647 cum
1238 2605 1369 2660 Bong.
1402 2619 1457 2659 pr.
1483 2617 1650 2645 consen-

160 2673 282 2725 tiunt,
315 2676 453 2728 quibus
475 2676 516 2716 in
538 2675 661 2717 Voss.
688 2690 747 2728 pr.
773 2682 812 2715 et
832 2674 928 2716 Par.
954 2691 1012 2730 pr.
1038 2676 1183 2716 leuiter
1215 2674 1411 2714 deflexum
1446 2679 1529 2722 est,
1564 2670 1649 2711 aliis

161 2744 424 2784 necessariam
447 2744 681 2797 scripturam
705 2743 943 2784 deteriorum
969 2744 1079 2783 codd.
1096 2775 1107 2791 ,
1144 2743 1190 2783 de
1221 2742 1360 2796 quibus
1382 2742 1483 2782 infra
1508 2739 1647 2787 dicam,

164 2809 408 2850 confirmant.
453 2810 598 2861 Velut,
622 2819 665 2851 ut
686 2811 832 2866 insigni
856 2811 1037 2865 exemplo
1060 2818 1172 2861 utar,
1196 2808 1240 2861 I,
1265 2808 1342 2857 39,
1366 2809 1394 2849 2
1415 2815 1454 2849 et
1476 2807 1512 2847 bi
1536 2805 1646 2846 codd.

168 2882 208 2915 et
229 2876 312 2916 fere
343 2890 478 2919 omnes
509 2879 727 2920 deteriores
750 2879 846 2920 haec
868 2879 1038 2921 habent:
1076 2883 1086 2903 ⁶
1101 2893 1123 2920 a
1155 2878 1323 2919 tribunis
1349 2876 1515 2917 militum
1537 2886 1650 2929 prae-
