1835 3240
72 907 111 940 10

76 1247 116 1279 15

75 1587 118 1618 20

79 1928 120 1959 25

569 172 751 216 COMM.
777 171 878 216 VIlI
899 170 1026 215 CAP.
1050 173 1192 214 2-5.
1616 177 1698 221 463

141 290 305 332 reditum
339 295 473 342 patere
503 288 544 329 in
577 288 661 328 eius
693 288 901 329 amicitiam
934 287 1196 340 finitimasque
1229 287 1410 329 ciuitates
1442 290 1525 330 sine
1551 292 1624 332 ulla

140 371 265 414 poena
287 357 441 397 dedisse
463 357 619 398 obsides
642 363 757 410 atque
778 357 819 397 in
841 357 950 396 fidem
973 363 1154 410 receptas
1176 368 1281 405 esse,
1305 356 1407 396 idem
1431 357 1621 399 fecerunt.

140 423 294 466 Caesar
313 424 502 465 militibus
526 439 595 479 pro
618 432 727 465 tanto
749 425 882 465 labore
904 439 949 464 ac
971 424 1175 477 patientia,
1201 424 1265 477 qui
1287 424 1527 465 brumalibus
1543 427 1621 466 die·
1644 428 1671 471 4

140 493 210 533 bus
232 493 438 533 itineribus
461 493 709 542 difficillimis,
734 492 947 546 frigoribus
970 492 1226 532 intolerandis
1240 492 1526 533 studiosissime
1540 508 1626 547 per-

144 568 371 602 manserant
391 561 432 600 in
453 561 604 611 labore,
630 562 802 601 ducenos
825 560 1047 609 sestertios,
1073 560 1367 600 centurionibus
1388 561 1418 613 ἦ·
1439 567 1496 600 101
1523 561 1628 602 milia

142 644 340 670 nummum
363 630 530 683 praedae
562 630 720 670 nomine
751 628 1006 668 condonanda
1041 627 1246 680 pollicetur
1269 628 1566 682 legionibusque
1589 630 1628 670 in

144 698 309 738 hiberna
339 697 516 738 remissis
553 697 637 752 ipse
668 710 711 737 se
733 696 875 749 recipit
895 695 956 735 die
977 702 1113 734 XXXX
1133 693 1336 736 Bibracte.
1380 694 1438 736 Ibi
1461 711 1546 737 cum
1569 697 1629 738 ius
1651 697 1678 738 2

144 766 307 815 diceret,
331 764 532 818 Bituriges
554 766 601 805 ad
626 779 712 805 eum
736 765 889 818 legatos
912 763 1072 803 mittunt
1093 763 1282 803 auxilium
1306 764 1469 817 petitum
1492 772 1630 806 contra

144 831 361 883 Carnutes,
386 847 484 887 quos
506 832 687 873 intulisse
709 832 849 872 bellum
872 831 948 872 sibi
970 830 1245 885 querebantur.
1280 829 1369 883 Qua
1391 846 1434 872 re
1455 833 1627 886 cognita,
1653 833 1677 874 3

142 915 226 941 cum
251 902 334 942 dies
357 916 434 941 11011
457 901 621 955 amplius
644 901 779 941 decem
802 907 841 941 et
861 908 951 941 octo
972 899 1011 940 in
1035 898 1209 940 hibernis
1232 907 1338 939 esset
1359 908 1552 951 moratus,
1576 904 1631 944 le-

144 969 285 1022 giones
306 976 403 1009 XIIII
426 975 465 1009 et
485 975 529 1008 VI
552 982 601 1008 ex
625 969 800 1008 hibernis
823 968 870 1008 ab
893 967 1025 1008 Arare
1047 967 1194 1016 educit,
1220 981 1316 1020 quas
1338 968 1389 1007 ibi
1409 970 1633 1011 conlocatas

143 1036 402 1089 explicandae
423 1037 482 1076 rei
504 1036 786 1077 frumentariae
808 1050 926 1076 causa
948 1035 1150 1089 superiore
1172 1037 1454 1077 commentario
1475 1037 1634 1078 demon-

144 1110 311 1144 stratum
334 1111 419 1144 estz
443 1105 497 1144 ita
520 1119 607 1146 cum
630 1104 780 1145 duabus
803 1104 1024 1157 legionibus
1048 1104 1093 1144 ad
1121 1105 1412 1157 persequendos
1435 1102 1633 1147 Carnutes

148 1172 424 1225 proficiscitur.
470 1169 570 1213 Cum
594 1173 697 1213 fama
719 1172 921 1213 exercitus
954 1172 1001 1212 ad
1032 1172 1166 1212 hostes
1198 1180 1305 1213 esset
1327 1173 1477 1226 perlata
1493 1205 1503 1224 ,
1529 1175 1630 1214 cala-
1654 1175 1681 1219 5

149 1240 283 1280 mitate
313 1247 533 1281 ceterorum
564 1240 669 1281 ducti
693 1239 888 1282 Carnutes
918 1240 1087 1281 desertis
1118 1240 1218 1281 uicis
1252 1232 1503 1295 oppidisque,
1537 1256 1635 1295 quae

151 1308 378 1348 tolerandae
402 1308 540 1348 hiemis
563 1323 680 1349 causa
704 1309 930 1349 constitutis
943 1316 1108 1362 repente
1122 1309 1280 1362 exiguis
1294 1310 1340 1349 ad
1355 1310 1634 1351 necessitatem

149 1376 336 1416 aedificiis
359 1377 583 1417 incolebant
614 1379 758 1430 (nuper
788 1376 890 1417 enim
923 1376 1065 1417 deuicti
1098 1378 1284 1431 conplura
1317 1377 1454 1431 oppida
1479 1378 1636 1419 dimise-

149 1450 274 1496 rant),
299 1445 462 1499 dispersi
485 1446 726 1499 profugiunt.
753 1441 905 1485 Caesar
925 1451 1176 1499 erumpentes
1199 1459 1246 1485 eo
1269 1445 1440 1485 maxime
1462 1452 1638 1500 tempore
1658 1447 1686 1488 2

151 1513 363 1552 acerrimas
388 1519 640 1566 tempestates
663 1528 749 1552 cum
773 1513 904 1553 subire
925 1513 1067 1553 milites
1090 1513 1226 1563 nollet,
1257 1514 1296 1553 in
1320 1514 1459 1567 oppido
1483 1511 1638 1555 Carnu-

151 1587 231 1620 tum
255 1579 419 1620 Genabo
443 1588 572 1621 castra
595 1581 704 1634 pouit
724 1582 850 1634 adque
872 1581 911 1620 in
944 1569 1209 1635 tecta'partim
1235 1580 1460 1631 Gallorum,
1497 1583 1638 1636 partim

152 1661 250 1700 quae
273 1648 462 1688 coniectis
485 1649 667 1688 celeriter
688 1649 916 1689 stramentis
941 1649 1199 1689 tentoriorum
1223 1650 1526 1703 integendorum
1550 1665 1640 1704 gra-

155 1716 204 1755 tia
230 1723 345 1756 erant
365 1715 628 1765 inaedificata,
653 1716 797 1757 milites
821 1716 1006 1757 coniecit.
1064 1715 1232 1770 Equites
1256 1724 1387 1758 tamen
1410 1725 1449 1758 et
1470 1718 1638 1759 auxilia—
1660 1717 1685 1759 3

153 1784 235 1824 rios
258 1784 407 1838 pedites
429 1784 470 1824 in
492 1798 628 1825 omnes
651 1792 783 1838 partes
805 1785 939 1835 mittit,
965 1799 1230 1842 quascumque
1248 1786 1394 1840 petisse
1409 1786 1642 1827 dicebantur

155 1852 314 1901 hostes3
351 1865 424 1892 nec
456 1852 625 1892 frustra:
666 1867 755 1892 nam
786 1853 1012 1907 plerumque
1041 1868 1180 1907 magna
1211 1854 1353 1908 praeda
1379 1854 1491 1908 potiti
1514 1855 1642 1896 nostri

152 1927 423 1960 reuertuntur.
450 1918 641 1974 Oppressi
657 1918 858 1962 Carnutes
870 1922 1009 1962 hiemis
1032 1922 1272 1972 difficultate,
1288 1929 1444 1963 terrore
1463 1922 1641 1977 periculi,
1665 1922 1692 1964 4

299 2060 320 2092 2
337 2060 370 2091 in
389 2059 454 2091 fide
473 2070 502 2090 e.
645 2059 664 2092 3
682 2060 854 2103 pacientia
872 2061 914 2093 B.
1059 2061 1076 2092 5
1096 2060 1222 2093 sestios
1241 2061 1283 2092 B.
1447 2066 1498 2094 tot
1514 2062 1648 2104 reliqui

154 2123 285 2154 omnes,
308 2124 330 2144 11
349 2123 427 2144 cum
446 2112 562 2154 Bong.
583 2116 664 2145 tert.
686 2123 721 2145 u.
746 2114 785 2146 1¹.
808 2113 884 2146 111.
1025 2113 1044 2146 ὃ
1064 2113 1284 2145 condonanda
1302 2113 1418 2155 Bong.
1441 2117 1523 2146 tert.
1537 2139 1547 2154 ‚
1568 2125 1647 2146 con-

159 2165 284 2196 donata
302 2164 448 2206 reliqui.
590 2163 609 2196 7
627 2174 663 2195 se
682 2173 750 2196 om.
770 2174 817 2195 m.
834 2174 894 2206 pr.
914 2165 956 2196 B.
1099 2164 1223 2206 recipit
1238 2165 1271 2196 A
1286 2165 1317 2204 b,
1339 2165 1469 2207 reecpit
1486 2165 1545 2196 Be
1561 2165 1649 2197 reli-

159 2218 234 2257 qui.
376 2225 445 2247 xxx
464 2214 542 2255 BC,
563 2215 738 2247 tricesimo
757 2216 801 2248 D.
946 2216 964 2248 9
984 2214 1150 2247 Carnotes
1170 2217 1187 2246 b
1205 2225 1356 2257 semper.
1506 2226 1648 2258 quaere-

159 2267 285 2299 bantur
302 2266 344 2298 B.
489 2266 528 2298 10
547 2266 620 2298 dies
639 2267 698 2297 llic
713 2269 855 2308 ponunt
871 2266 901 2297 B
918 2265 996 2298 edd.
1018 2269 1102 2298 ante
1118 2265 1203 2297 Αἶά.
1226 2265 1363 2308 steph„
1381 2270 1466 2307 post
1484 2267 1600 2300 decem
1615 2273 1650 2301 et

162 2321 236 2349 octo
248 2317 361 2349 Aldus
373 2327 408 2348 n.
550 2322 701 2349 moratus
714 2318 744 2349 B
756 2328 772 2348 e
790 2317 965 2358 ίν·011”ᾳιιί’,
986 2321 1209 2348 commoratus
1228 2327 1246 2347 c
1256 2317 1290 2348 d.
1434 2318 1602 2358 legionem
1616 2319 1647 2351 b.

306 2368 341 2399 11
366 2372 495 2399 sextam
517 2368 589 2409 (B).
732 2368 832 2400 Arari
852 2369 869 2399 11
882 2379 910 2399 e.
1076 2368 1191 2399 educit
1208 2368 1333 2409 Aldus,
1355 2372 1392 2401 et
1409 2370 1468 2401 ‘0oe
1487 2370 1539 2402 ed
1555 2371 1652 2403 nilzz'l

162 2421 352 2451 nar-letalis
370 2422 552 2450 motatum
573 2419 664 2457 est'‚·
685 2419 779 2451 ducit
796 2419 868 2451 AB
881 2429 897 2449 0
918 2418 1068 2460 ‘reliqui
1084 2415 1227 2450 omnes‘.
1393 2421 1589 2454 conlocatas
1607 2423 1649 2456 B.

309 2469 348 2501 15
367 2474 519 2501 cetorum
538 2480 585 2501 m.
600 2479 660 2511 pr.
682 2470 723 2501 B.
868 2469 907 2501 16
928 2469 1380 2513 constitutis—aedificiis]
1401 2472 1441 2503 ad
1464 2473 1652 2505 necessita-

166 2523 231 2549 tem
250 2525 389 2562 repente
410 2521 535 2562 exigua
553 2522 806 2553 constituerant
825 2520 983 2552 aedificia
1003 2532 1019 2551 e
1037 2521 1131 2552 And.
1154 2521 1269 2553 Ooevu.
1431 2523 1469 2555 17
1487 2525 1651 2567 conplura

166 2569 207 2599 B.
349 2572 533 2603 amiserant
555 2573 670 2605 bede.
832 2572 870 2604 IS
889 2571 1118 2614 profugerunt
1134 2573 1180 2604 D.
1342 2574 1380 2606 19
1402 2576 1601 2608 ‘acerrimas
1620 2578 1652 2608 A

170 2620 250 2651 CD'
270 2620 331 2661 (an
350 2631 546 2654 acerrumas
558 2624 588 2665 ?)
768 2624 899 2655 nollent
919 2624 950 2654 b.
1130 2625 1173 2658 20
1193 2623 1328 2656 Cenabo
1347 2625 1377 2656 B
1398 2626 1508 2657 ‘mss-J

166 2673 273 2714 adque
292 2672 333 2711 B,
353 2683 422 2704 non
440 2679 555 2715 atque.
697 2676 820 2718 pai-tim
840 2679 924 2707 ante
943 2674 1120 2707 Gallorum
1140 2686 1208 2707 om.
1230 2677 1260 2707 b.
1419 2679 1543 2720 partim
1566 2689 1651 2721 quae

166 2734 205 2754 e.-
226 2724 415 2765 partimque
434 2725 474 2759 B,
496 2730 691 2768 partemque
714 2728 810 2758 ‘msa
833 2727 937 2768 longe
951 2727 1118 2769 plurimi,
1140 2738 1207 2759 ηοη
1228 2738 1347 2760 omnes
1364 2730 1505 2760 lamen'.

166 2774 204 2805 ‘21
229 2774 411 2805 tentorium
434 2775 450 2805 b
465 2785 530 2814 00,
552 2778 782 2809 centurioruin
805 2778 844 2809 C.
988 2778 1031 2809 22
1051 2779 1197 2809 coniecit
1216 2778 1357 2820 Morus,
1380 2782 1531 2821 contegit
1550 2781 1651 2814 codd.

171 2828 208 2857 Ι).
234 2827 308 2859 112.
449 2827 491 2861 23
511 2828 649 2860 dimittit
671 2831 700 2861 b.
867 2840 1095 2872 quascumque
1115 2831 1187 2872 (B),
1211 2841 1279 2863 71on
1300 2851 1341 2855 —
1361 2842 1505 2873 cunque.

167 2880 208 2910 2³5
227 2876 385 2920 periculi]
406 2879 554 2919 perculsi
575 2880 604 2910 b.
