1835 3240
640 152 823 196 COMM.
851 152 926 197 VII
949 152 1073 196 CAP.
1097 153 1167 196 78.
1641 155 1725 198 453

165 283 239 322 que
259 268 299 308 in
321 279 438 320 opere
463 274 690 308 uersantur.
726 265 828 320 Quid
851 282 945 321 ergo
969 267 1045 307 mei
1067 267 1222 307 consilii
1244 268 1331 306 est?
1353 266 1520 319 Facere,
1545 271 1646 322 quod
1671 269 1721 310 12

165 334 288 375 nostri
311 335 480 375 maiores
503 349 750 388 nequaquam
773 335 855 389 pari
876 335 979 375 bello
1002 331 1252 375 Cimbrorum
1265 333 1566 388 Teutonumque
1589 338 1644 377 fe-

164 409 324 452 cerunt3
358 402 422 455 qui
444 402 484 442 in
507 403 644 457 oppida
668 402 843 456 conpulsi
867 416 912 442 ac
933 403 1051 443 simili
1072 402 1205 457 inopia
1228 402 1379 442 subacti
1402 416 1536 442 eorum
1560 419 1646 444 cor-

161 469 335 523 poribus,
361 471 425 523 qui
449 478 577 512 aetate
600 471 647 510 ad
670 471 810 511 bellum
832 470 991 511 inutiles
1016 470 1274 519 uidebantur,
1308 470 1428 509 uitam
1452 470 1646 511 toleraue-

112 546 131 577 5
163 544 254 577 runt
277 551 401 591 neque
423 552 466 579 se
497 539 673 579 hostibus
706 538 967 578 tradiderunt.
1013 536 1136 578 Cuius
1167 538 1223 578 rei
1255 538 1288 578 si
1320 537 1540 591 exemplum
1570 553 1648 578 non
1674 539 1723 580 13

161 605 411 656 haberemus,
436 614 566 647 tamen
587 605 780 647 libertatis
794 619 913 645 causa
935 605 1087 645 institui
1103 613 1141 645 et
1161 606 1330 659 posteris
1345 605 1455 659 prodi
1469 605 1647 659 pulcher—

161 673 301 713 rimum
330 673 560 715 iudicarem.
612 672 719 714 Nam
750 673 839 726 quid
872 672 926 712 illi
958 673 1084 713 simile
1115 673 1216 713 bello
1250 674 1352 714 fuit?
1400 671 1648 727 Depopulata
1672 673 1723 714 14

161 739 291 781 Gallia
314 738 463 782 Cimbri
484 755 702 796 magnaque
732 741 857 781 inlata
885 740 1108 781 calamitate
1138 740 1279 781 finibus
1311 741 1465 795 quidem
1499 741 1647 782 nostris

160 809 368 862 aliquando
401 816 664 850 excesserunt
693 817 810 863 atque
832 809 930 848 alias
954 816 1082 849 terras
1104 809 1324 862 petierunt,
1364 810 1476 859 iura,
1509 809 1618 863 leges
1633 841 1644 859 ,

88 883 128 914 10
159 890 299 929 agros,
334 877 556 918 libertatem
591 878 703 918 nobis
736 877 994 930 reliquerunt.
1058 875 1230 916 Romani
1262 890 1356 916 uero
1388 877 1479 930 quid
1511 884 1647 931 petunt
1673 877 1721 918 15

160 944 261 983 aliud
286 952 352 985 aut
374 946 461 998 quid
486 945 646 995 uolunt,
673 946 748 985 nisi
771 946 917 985 inuidia
941 945 1122 994 adducti,
1159 959 1256 997 quos
1279 945 1383 984 fama
1406 944 1556 986 nobiles
1579 960 1647 1000 po-

161 1018 368 1065 tentesque
392 1013 492 1053 bello
515 1020 813 1067 cognouerunt,
838 1013 976 1053 horum
999 1013 1039 1053 in
1061 1013 1169 1066 agris
1191 1012 1495 1066 ciuitatibusque
1518 1013 1647 1054 consi-

157 1079 249 1119 dere
271 1087 388 1133 atque
421 1080 480 1121 his
512 1088 713 1121 aeternam
746 1082 952 1136 iniungere
975 1080 1237 1121 seruitutem?
1258 1078 1403 1134 Neque
1434 1081 1536 1120 enim
1568 1082 1644 1121 ulla

158 1148 235 1187 alia
257 1148 490 1189 condicione
520 1149 622 1190 bella
650 1157 875 1203 gesserunt.
921 1147 1035 1201 Quod
1058 1149 1091 1188 si
1115 1162 1186 1199 ea,
1221 1162 1321 1202 quae
1353 1148 1392 1188 in
1422 1148 1646 1203 longinquis
1674 1147 1723 1187 1⁴5

88 1223 126 1255 15
159 1215 382 1257 nationibus
405 1223 611 1271 geruntur,
636 1218 830 1271 ignoratis
847 1249 856 1267 ,
882 1217 1070 1271 respicite
1092 1216 1293 1257 finitimam
1319 1214 1487 1256 Galliam
1503 1247 1512 1265 ‚
1548 1231 1646 1270 quae

158 1284 197 1323 in
222 1284 464 1339 prouinciam
498 1285 660 1326 redacta
692 1286 776 1326 iure
807 1291 844 1325 et
879 1285 1030 1340 legibus
1054 1284 1303 1325 commutatis
1326 1284 1532 1325 securibus
1555 1285 1646 1325 sub-

159 1352 260 1392 iecta
284 1359 469 1406 perpetua
497 1353 686 1406 premitur
717 1353 937 1393 seruitute'.
989 1351 1208 1393 Sententiis
1238 1353 1352 1393 dictis
1384 1353 1646 1403 constituunt,
1665 1353 1722 1397 78

160 1426 201 1459 ut
223 1420 266 1470 ii,
292 1420 355 1473 qui
379 1420 602 1461 ualetudine
625 1428 692 1461 aut
714 1420 1015 1461 aetateinutiles
1028 1420 1252 1471 suntbello,
1278 1422 1416 1476 oppido
1431 1422 1643 1470 excedant,

157 1495 274 1541 atque
297 1489 427 1529 omnia
451 1489 557 1542 prius
580 1489 852 1542 experiantur,
878 1502 991 1541 quam
1015 1488 1062 1528 ad
1086 1485 1312 1542 Critognati
1334 1489 1569 1530 sententiam
1581 1489 1647 1530 de—

82 1563 124 1597 20
157 1556 371 1596 scendant:
410 1556 477 1596 illo
512 1563 640 1596 tamen
664 1556 792 1610 potius
816 1557 1000 1596 utendum
1024 1557 1217 1608 consilio,
1251 1558 1284 1597 si
1306 1571 1371 1597 res
1394 1564 1508 1611 cogat
1531 1563 1647 1610 atque
1667 1556 1695 1596 2

156 1624 305 1664 auxilia
329 1631 546 1673 morentur,
573 1638 686 1677 quam
708 1631 777 1664 aut
799 1624 1008 1664 deditionis
1030 1631 1097 1664 aut
1117 1625 1225 1678 pacis
1247 1625 1488 1665 subeundam
1515 1625 1646 1666 condi-

157 1691 322 1732 cionem.
367 1691 600 1742 Mandubii,
626 1692 691 1744 qui
714 1706 783 1732 eos
806 1692 946 1746 oppido
968 1700 1227 1746 receperant,
1263 1707 1349 1733 eum
1372 1693 1507 1734 liberis
1529 1701 1647 1748 atque
1668 1694 1693 1734 3

157 1754 348 1794 uxoribus
372 1754 484 1795 exire
507 1761 716 1807 coguntur.
763 1752 830 1804 Hi,
857 1769 942 1795 cum
967 1754 1012 1793 ad
1037 1755 1275 1795 munitiones
1288 1753 1558 1796 Romanorum
1581 1770 1645 1796 ac·
1668 1755 1694 1794 4

157 1817 388 1867 cessissent,
413 1817 552 1857 flentes
575 1817 755 1857 omnibus
779 1817 960 1871 precibus
983 1816 1173 1867 orabant,
1207 1826 1248 1858 ut
1280 1832 1323 1858 se
1345 1819 1384 1858 in
1408 1820 1642 1860 seruitutem

81 1886 123 1918 25
154 1886 336 1933 receptos
368 1879 453 1919 cibo
485 1880 686 1921 iuuarent.
745 1880 801 1920 At
825 1878 979 1922 Caesar
1000 1881 1202 1936 dispositis
1224 1883 1264 1922 in
1288 1882 1391 1923 uallo
1415 1884 1643 1925 custodibus
1667 1885 1691 1924 5

157 1942 276 1996 recipi
300 1942 544 1996 prohibebat.

302 2038 316 2070 1
338 2042 392 2069 est
409 2038 545 2070 consilii
566 2039 598 2070 b.
783 2040 802 2071 2
822 2040 948 2081 nostri]
968 2051 997 2072 in
1017 2051 1063 2072 m.
1080 2051 1138 2082 pr.
1162 2041 1203 2072 B.
1391 2040 1410 2071 3
1429 2040 1583 2082 conpulsi
1605 2041 1643 2072 B.

299 2089 319 2120 4
339 2089 379 2120 ad
399 2089 525 2121 bellum
545 2090 685 2121 inutiles
705 2090 735 2121 B
753 2090 831 2122 edd.
853 2093 935 2122 ante
953 2090 1037 2124 Ald.
1051 2116 1062 2131 ,
1094 2091 1234 2123 inutiles
1263 2092 1303 2122 ad
1329 2091 1456 2122 bellurn
1475 2091 1589 2123 Aldus
1609 2103 1644 2123 u.

300 2141 317 2173 7
338 2141 396 2173 ille
415 2152 461 2174 m.
480 2153 536 2183 pr.
556 2143 600 2174 B.
726 2143 747 2175 8
766 2142 875 2175 inlata
892 2143 935 2174 B.
1078 2143 1213 2185 quidem
1232 2142 1338 2184 A(B)
1355 2142 1426 2175 CD
1442 2143 1459 2174 b
1473 2153 1502 2183 e,
1523 2153 1593 2175 om.
1612 2155 1640 2175 e.

300 2194 318 2226 9
340 2199 560 2226 recesserunt
575 2196 620 2226 A.
784 2196 983 2237 petiuerunt
1007 2196 1024 2227 b
1038 2206 1067 2227 c.
1246 2196 1285 2228 10
1305 2195 1500 2227 libertatem
1519 2206 1588 2228 om.
1611 2197 1641 2228 b.

301 2245 338 2278 13
359 2246 428 2278 ulla
453 2245 521 2278 alia
541 2246 570 2277 B
588 2246 666 2277 edd.
687 2249 771 2277 ante
789 2246 871 2277 Αἶά.
900 2249 935 2276 et
958 2249 1036 2278 sine
1061 2246 1169 2278 dubio
1198 2246 1381 2288 ‘rele'quz'',
1411 2249 1447 2278 in
1466 2248 1594 2288 quibus
1611 2252 1648 2280 et

158 2295 254 2327 ‘edd.
277 2295 355 2338 pp.’
376 2296 464 2329 Oud.
485 2307 642 2339 umquam
672 2296 999 2337 uttaleginarr1115
1028 2307 1184 2340 umquam
1212 2297 1281 2328 alia
1308 2297 1427 2329 bede.
1460 2298 1645 2340 Coniunge

155 2347 224 2378 ulla
240 2348 342 2380 bella.
545 2348 586 2382 14
604 2347 800 2380 conditione
818 2347 895 2389 (B).
1106 2348 1146 2381 15
1164 2349 1295 2390 respice
1315 2358 1359 2380 m.
1379 2358 1435 2389 pr.
1457 2349 1498 2380 B.

159 2399 196 2430 1ss
216 2400 467 2432 communitatis
487 2400 519 2431 cl.
725 2399 763 2431 17
784 2399 973 2441 praemitur
990 2401 1031 2432 B.
1239 2400 1278 2432 18
1298 2405 1334 2431 ut
1353 2401 1385 2431 hi
1406 2401 1434 2432 Β
1453 2405 1486 2431 et
1502 2403 1554 2432 sic
1575 2402 1647 2434 ‘uel

156 2455 192 2480 ut
211 2451 232 2480 ii
250 2460 333 2482 mss.
357 2451 428 2491 10',
449 2456 485 2483 ut
502 2461 564 2482 eu.
765 2450 965 2481 ualetudine
984 2450 1027 2491 B,
1049 2451 1240 2482 ualitudine
1259 2462 1276 2482 e
1297 2451 1493 2492 ‘msssere
1511 2453 1642 2484 omnes'

157 2505 191 2532 et
208 2512 276 2533 sec.
298 2513 343 2534 111.
364 2503 406 2535 Β.
632 2503 702 2534 sint
719 2512 748 2533 e.
960 2503 999 2535 19
1026 2503 1249 2545 experiantur
1267 2515 1304 2544 e,
1327 2505 1555 2546 expediantur
1571 2507 1645 2538 AB

161 2554 245 2585 CD.
406 2555 446 2586 ad
467 2554 659 2595 Critognati
679 2555 885 2586 sententiam
907 2555 1120 2587 descendant
1136 2555 1274 2595 Aldus-,-
1295 2555 1336 2587 ab
1356 2556 1548 2596 Critognati
1568 2567 1645 2589 sen-

157 2606 264 2636 tentia
284 2606 464 2638 discedant
488 2607 610 2647 codd.,
642 2609 715 2639 nisi
740 2607 837 2649 quod
853 2607 1106 2649 abegritognati
1124 2608 1174 2648 B,
1205 2608 1387 2640 discedant
1412 2611 1583 2641 sententia
1611 2621 1641 2641 e.

298 2657 340 2688 20
360 2657 418 2689 illo
436 2662 547 2690 tamen
567 2659 678 2701 potius
698 2659 751 2691 cd
768 2662 820 2700 et,
843 2661 908 2701 qui
924 2660 1018 2701 prius
1034 2684 1043 2700 ‚
1072 2670 1110 2700 ε,-
1141 2660 1199 2692 illo
1227 2665 1340 2692 tamen
1361 2666 1511 2703 tempore
1530 2663 1642 2704 potius

159 2706 299 2747 reliqui.
452 2709 577 2740 utendo
598 2710 628 2740 b.
795 2710 835 2743 21
857 2710 961 2742 auxia
979 2710 1021 2741 B.
1187 2721 1285 2753 quam
1304 2716 1363 2743 aut
1383 2712 1565 2743 deditionis
1584 2713 1643 2752 (B)

162 2753 282 2797 'mss-⁵,
298 2768 394 2798 quum
408 2758 592 2790 deditionis
604 2770 632 2790 e.
776 2761 1006 2793 conditionem
1019 2761 1094 2802 (B).
1236 2763 1277 2795 23
1292 2762 1515 2794 Romanorum
1528 2774 1597 2795 om.
1612 2775 1641 2795 e.

300 2808 342 2841 24
363 2809 542 2849 praecibus
555 2809 595 2841 B.
739 2811 884 2843 orabant
904 2812 922 2844 b
935 2823 951 2844 c
963 2812 987 2845 d
998 2823 1026 2853 e,
1048 2817 1147 2844 orant
1164 2812 1195 2844 B
1215 2810 1390 2855 ‘reliqui'.
1533 2816 1574 2847 25
1586 2826 1643 2847 cu—

162 2858 316 2890 stodibus
335 2859 365 2891 B
385 2859 557 2901 ‘reliqui‘,
580 2861 746 2893 custodiis
765 2861 851 2893 cde.
