1835 3240
93 163 177 208 620
666 166 739 208 DE
772 167 962 210 BELLO
994 164 1168 211 CIVILI

123 276 148 318 5
169 284 276 318 runt.
318 275 418 319 Item
441 278 642 320 Trallibus
673 280 713 320 in
746 280 889 333 templo
911 279 1139 332 Victoriae,
1174 282 1239 323 ubi
1263 281 1451 326 Caesaris
1482 293 1652 328 statuam

170 355 506 388 consecrauerant
521 378 531 395 ‚
556 347 681 401 palma
702 361 772 401 per
794 360 861 389 eos
884 348 965 388 dies
989 349 1047 402 [in
1069 350 1192 404 tecto]
1215 351 1320 392 inter
1341 362 1574 408 coagmenta
1596 357 1652 396 la-

93 413 179 458 106
191 414 320 469 pidum
342 430 395 456 ex
416 416 638 469 pauimento
661 414 846 456 extitisse
869 417 1164 457 ostendebatur.
1209 415 1361 460 Caesar
1390 435 1535 475 paucos
1567 424 1650 465 dies

167 483 210 524 in
230 483 331 524 Asia
352 490 544 532 moratus,
570 496 657 523 cum
679 481 1090 538 audissetPompeium
1106 482 1229 539 Cypri
1254 487 1396 536 uisum,
1421 491 1648 532 coniectans

168 563 254 592 eum
275 549 501 605 Aegyptum
523 550 600 590 iter
630 550 774 591 habere
805 559 965 606 propter
985 553 1298 595 necessitudines
1319 556 1433 609 regni
1454 559 1646 611 reliquas-

167 632 241 671 que
263 618 346 659 eius
368 618 445 658 loci
467 618 781 672 opportunitates
804 634 890 660 cum
912 620 1069 674 legione
1090 635 1165 662 una
1181 651 1192 672 ,
1227 637 1341 675 quam
1373 637 1416 664 se
1446 638 1497 665 ex
1521 625 1649 668 Thes-

167 686 267 726 salia
289 686 399 739 sequi
421 686 619 736 iusserat,
646 693 686 727 et
707 687 829 728 altera
844 718 855 738 ‚
880 702 993 741 quam
1016 703 1070 730 ex
1089 689 1242 730 Achaia
1262 704 1284 731 a
1307 689 1358 743 Q.
1382 689 1496 731 Fufio
1518 692 1648 746 legato

167 760 420 805 reuocauerat,
445 754 718 809 equitibusque
737 762 850 796 DCCC
872 763 912 797 et
933 756 1099 798 nauibus
1120 758 1248 811 longis
1260 757 1650 802 RhodiisXetAsia-

118 820 147 862 2
168 822 254 862 ticis
277 821 409 875 paucis
431 821 718 864 Alexandriam
741 825 935 879 peruenit.
998 823 1046 866 In
1067 825 1127 866 his
1149 833 1263 866 erant
1283 826 1504 879 legionibus
1527 828 1650 870 homi-

165 903 258 929 num
280 889 388 930 milia
410 889 486 932 tria
508 897 586 942 CC3
613 892 754 945 reliqui
775 891 1004 933 uulneribus
1026 907 1079 934 ex
1100 893 1262 949 proeliis
1284 900 1323 934 et
1343 894 1479 936 labore
1501 910 1546 936 ac
1567 911 1649 938 ma-

116 954 142 996 3
164 955 367 1009 gnitudine
397 958 552 1000 itineris
583 960 753 1001 confecti
785 961 973 1015 consequi
1004 975 1083 1002 non
1113 968 1338 1015 potuerant.
1394 959 1474 1004 Sed
1497 961 1650 1006 Caesar

163 1025 334 1066 confisus
356 1027 458 1066 fama
478 1040 608 1068 rerum
631 1035 833 1081 gestarum
854 1029 1019 1070 infirmis
1041 1029 1199 1070 auxiliis
1221 1029 1418 1083 proficisci
1439 1045 1518 1071 non
1539 1031 1649 1072 dubi-

115 1089 143 1130 4
165 1098 319 1133 tauerat
339 1107 461 1147 aeque
484 1109 637 1136 omnem
659 1096 734 1136 sibi
755 1096 882 1136 locum
904 1104 1030 1137 tutum
1054 1098 1137 1137 fore
1160 1097 1409 1138 existimans.
1467 1098 1646 1140 Alexan-

163 1160 271 1200 driae
293 1161 340 1201 de
360 1160 525 1216 Pompei
549 1171 675 1204 morte
697 1165 900 1217 cognoscit
930 1171 1048 1218 atque
1077 1165 1130 1205 ibi
1158 1165 1323 1218 primum
1354 1178 1375 1205 e
1409 1179 1510 1206 naue
1532 1180 1646 1220 egre-

163 1228 274 1269 diens
297 1229 506 1270 clamorem
527 1230 695 1271 militum
717 1232 847 1282 audit,
882 1246 978 1285 quos
1000 1246 1074 1272 rex
1095 1232 1135 1272 in
1158 1232 1297 1285 oppido
1319 1232 1507 1286 praesidii
1528 1248 1648 1275 causa

160 1296 391 1349 reliquerat,
416 1304 455 1337 et
475 1311 709 1339 concursum
731 1300 778 1340 ad
800 1313 844 1340 se
864 1300 951 1341 fieri
972 1300 1094 1351 uidet,
1125 1300 1228 1353 quod
1250 1300 1378 1340 fasces
1399 1301 1647 1342 anteferren-

163 1370 241 1403 tur.
283 1362 332 1404 In
363 1364 435 1405 hoc
467 1365 595 1407 omnis
626 1367 834 1408 multitudo
856 1368 1102 1410 maiestatem
1124 1367 1275 1421 regiam
1295 1367 1419 1408 minui
1440 1368 1645 1422 praedica-

117 1429 142 1471 5
162 1429 244 1471 bat.
287 1430 376 1473 Hoc
405 1434 542 1476 sedato
575 1436 741 1476 tumultu
773 1435 936 1477 crebrae
971 1435 1168 1476 continuis
1201 1435 1337 1477 diebus
1366 1449 1419 1476 ex
1449 1450 1645 1478 concursu

160 1499 420 1542 multitudinis
443 1503 728 1545 concitationes
749 1504 919 1555 fiebant,
957 1503 1253 1559 compluresque
1273 1504 1418 1546 milites
1440 1504 1556 1546 huius
1578 1520 1645 1546 ur-

83 1565 240 1611 107his
262 1569 441 1611 omnibus
463 1571 637 1625 partibus
659 1572 1017 1614 interficiebantur.
1047 1570 1198 1626 Quibus
1219 1572 1338 1614 rebus
1359 1572 1643 1615 animaduersis

159 1635 338 1689 legiones
359 1637 435 1678 sibi
456 1639 553 1681 alias
576 1654 627 1696 ex
649 1640 750 1682 Asia
772 1641 910 1681 adduci
931 1641 1071 1691 iussit,
1107 1654 1203 1694 quas
1225 1654 1278 1681 ex
1298 1639 1550 1695 Pompeianis
1571 1642 1643 1682 mi—

158 1703 292 1746 litibus
322 1708 564 1749 confecerat.
614 1707 706 1764 Ipse
738 1710 842 1750 enim
873 1709 1101 1750 necessario
1133 1709 1269 1750 etesiis
1302 1709 1536 1761 tenebatur3
1577 1710 1641 1762 qui

108 1769 136 1812 2
157 1772 436 1826 nauigantibus
458 1777 707 1818 Alexandria
727 1785 822 1818 sunt
841 1777 1110 1818 aduersissimi
1132 1778 1256 1818 uenti.
1299 1775 1460 1817 Interim
1482 1784 1642 1818 contro-

156 1840 310 1882 uersias
331 1857 468 1898 regum
489 1845 536 1885 ad
558 1846 739 1900 populum
760 1845 982 1886 Romanum
1005 1852 1043 1886 et
1065 1845 1112 1886 ad
1134 1859 1178 1886 se
1193 1876 1203 1895 ,
1228 1844 1330 1898 quod
1353 1852 1459 1886 esset
1483 1845 1637 1896 consul,

156 1909 359 1962 pertinere
382 1912 617 1954 existimans
646 1921 763 1967 atque
796 1927 842 1954 eo
873 1914 999 1967 magis
1022 1913 1145 1953 officio
1168 1926 1240 1953 suo
1263 1912 1478 1953 conuenire
1494 1943 1504 1963 ‚
1542 1913 1643 1966 quod

155 1977 362 2030 superiore
375 1981 579 2021 consulatu
593 1996 677 2022 cum
691 1990 803 2035 patre
814 1981 1043 2023 Ptolemaeo
1066 1988 1105 2021 et
1125 1981 1212 2035 lege
1234 1988 1272 2020 et
1293 1980 1639 2022 senatusconsulto

154 2045 327 2086 societas
350 2055 434 2088 erat
456 2049 560 2090 facta
574 2081 584 2100 ‚
609 2051 782 2091 ostendit
801 2050 875 2091 sibi
896 2052 1053 2105 placere
1074 2063 1208 2103 regem
1229 2046 1500 2089 Ptolemaeum
1523 2056 1638 2102 atque

153 2112 238 2153 eius
260 2128 439 2156 sororem
462 2113 714 2172 Cleopatram
738 2119 939 2159 exercitus
954 2150 964 2169 ‚
999 2132 1096 2172 quos
1120 2116 1335 2166 haberent,
1369 2116 1566 2156 dimittere
1598 2123 1636 2156 et

151 2180 198 2221 de
212 2184 498 2224 controuersiis
520 2185 605 2226 iure
625 2187 726 2240 apud
738 2201 781 2227 se
803 2187 932 2241 potius
955 2200 1068 2240 quam
1090 2186 1196 2226 inter
1208 2200 1250 2226 se
1264 2185 1383 2226 armis
1397 2184 1629 2237 disceptare.

75 2246 163 2293 108
175 2246 276 2290 Erat
295 2251 336 2291 in
358 2253 636 2305 procuratione
668 2255 780 2309 regni
811 2262 973 2309 propter
993 2261 1163 2295 aetatem
1185 2254 1296 2307 pueri
1317 2252 1508 2294 nutricius
1531 2251 1630 2301 eius,

293 2361 307 2393 1
330 2360 505 2396 Trailibus
524 2375 557 2396 a.
713 2365 734 2398 2
755 2364 802 2407 [in
822 2364 928 2407 tecto]
947 2365 986 2397 P.
1010 2364 1087 2397 187.
1240 2362 1259 2395 3
1280 2364 1338 2404 ex]
1357 2363 1389 2394 in
1410 2362 1460 2403 (a)
1474 2365 1490 2393 ?

147 2411 305 2444 extitisse
325 2423 359 2444 a.
477 2416 498 2447 4
516 2421 668 2448 moratus
687 2421 739 2448 est
757 2426 832 2448 cum
852 2416 883 2448 b.
1003 2416 1020 2447 5
1040 2415 1232 2458 Aegyptum
1251 2414 1365 2454 codd.,
1388 2414 1421 2444 in
1440 2413 1631 2456 Aegyptum

147 2471 169 2492 u
188 2461 336 2504 (Aegipt.
358 2465 405 2504 a).
427 2465 510 2498 Vcd.
529 2466 694 2508 illadm'g.
716 2467 857 2498 obsera.
877 2467 924 2498 ad
940 2475 1095 2508 gramm.
1115 2466 1198 2498 Lat.
1214 2476 1254 2507 p.
1274 2466 1329 2499 22.
1499 2465 1518 2496 (3
1538 2474 1633 2506 opor-

146 2512 314 2545 tunitates
332 2525 366 2546 α.
508 2518 642 2559 legione
660 2529 681 2550 α
694 2529 722 2559 e,
745 2517 937 2559 legionibus
956 2528 990 2549 u.
1131 2527 1167 2549 se
1185 2527 1227 2548 ex
1244 2515 1425 2548 Thessalia
1444 2527 1465 2547 a
1483 2516 1634 2559 Stepha-

146 2573 224 2605 nus,
246 2575 289 2597 ex
307 2564 490 2600 Thessalia
511 2580 548 2601 se
568 2570 727 2612 reliquae
746 2570 824 2602 edd.
995 2570 1035 2602 10
1053 2569 1124 2601 mil.
1145 2579 1195 2601 111.
1217 2580 1253 2601 cc
1272 2579 1306 2609 α,
1327 2579 1364 2601 ιιι
1383 2569 1477 2600 milia
1495 2580 1533 2601 cc
1551 2569 1630 2601 edd.

289 2617 330 2649 13
350 2627 458 2660 aeque
479 2630 555 2661 ego,
577 2625 678 2663 atque
697 2621 826 2663 reliqui
843 2620 967 2661 codd.,·
986 2631 1055 2652 om.
1076 2621 1095 2652 4
1114 2619 1201 2652 dett.
1357 2620 1560 2652 existimans
1579 2630 1599 2652 a
1613 2620 1631 2652 b

144 2676 162 2697 c
179 2666 199 2698 4
217 2666 320 2709 dett„
343 2669 564 2703 existimabat
579 2671 693 2703 Aldus
712 2682 747 2704 u.
911 2671 951 2702 14
971 2669 1107 2713 Pompei
1125 2680 1160 2702 α.
1338 2670 1370 2712 e]
1391 2671 1432 2703 de
1453 2671 1483 2703 lt.

146 2727 234 2750 naue
252 2729 273 2751 α
289 2720 320 2760 b,
341 2721 420 2753 naui
437 2732 472 2753 u.
612 2723 808 2758 22ethesiis
828 2733 862 2763 a,
883 2722 1022 2754 etbesus
1042 2733 1071 2753 e.
1228 2723 1434 2756 tenebantur
1451 2734 1486 2756 a.

143 2768 186 2803 23
207 2771 448 2812 nauigantibus
466 2773 676 2806 Alexandria
697 2785 718 2806 a
737 2774 815 2806 edd.
837 2777 920 2806 ante
938 2774 1021 2805 Alci.
1034 2799 1044 2815 ‚
1073 2775 1286 2807 Alexandria
1310 2776 1551 2817 nauigantibus
1569 2776 1631 2808 Al-

147 2820 213 2852 dus
231 2832 265 2854 u.
455 2824 539 2857 fiunt
557 2836 590 2857 ιι.
763 2825 806 2858 ‚28
825 2824 897 2856 eius
917 2834 1067 2857 sororem
1086 2836 1119 2865 a,
1141 2836 1293 2858 sororem
1313 2827 1386 2859 eius
1405 2827 1483 2860 edd.

145 2872 188 2905 30
206 2876 439 2916 procurationi
459 2887 490 2909 a.

1682 904 1722 938 10

1680 1243 1720 1276 15

1673 1581 1717 1616 20

1672 1920 1714 1954 25

1665 2258 1707 2291 30
