1835 3240
309 1025 358 1068 C.
395 1025 518 1068 Iulius
548 1024 702 1068 Caesar
732 1040 807 1079 quo
842 1032 1017 1081 tempore
1054 1026 1358 1067 commentarios
1388 1040 1521 1068 rerum
1551 1041 1712 1069 suarum

223 1096 510 1149 composuerit,
543 1097 589 1136 de
621 1109 667 1136 ea
688 1108 732 1135 re
755 1102 933 1135 ueterum
958 1094 1153 1134 neminem
1176 1095 1364 1136 retulisse
1392 1096 1568 1137 arbitror
1598 1111 1712 1151 prae-

222 1172 284 1205 ter
305 1162 549 1205 Frontonem
567 1195 577 1214 ,
603 1164 670 1217 qui
693 1164 739 1204 de
761 1164 863 1204 bello
885 1161 1074 1203 Parthico
1097 1163 1145 1202 ad
1170 1161 1226 1203 M.
1252 1162 1461 1205 Aurelium
1484 1179 1522 1218 p.
1541 1163 1625 1205 203
1647 1166 1709 1205 ed.

220 1231 339 1272 Rom.
366 1233 462 1273 baec
486 1232 646 1273 scribit:
675 1232 753 1271 ‘fac
784 1231 1012 1271 memineris
1043 1238 1082 1272 et
1113 1246 1200 1271 cum
1229 1232 1360 1273 animo
1393 1240 1459 1275 tuo
1483 1234 1634 1287 cogites
1658 1231 1707 1274 C.

222 1298 438 1342 Caesarem
461 1299 710 1341 atrocissimo
741 1299 844 1339 bello
867 1297 1022 1340 Gallico
1046 1314 1133 1340 cum
1166 1301 1242 1341 alia
1270 1301 1392 1340 multa
1421 1301 1607 1342 militaria
1629 1309 1711 1342 tum

221 1369 338 1409 etiam
370 1369 467 1409 duos
497 1369 544 1408 de
573 1368 757 1420 analogia
783 1367 906 1407 libros
938 1369 1308 1422 scrupulosissimos
1339 1369 1574 1423 scripsisse,
1606 1370 1711 1410 inter

222 1437 301 1477 tela
323 1437 500 1477 uolantia
522 1437 568 1476 de
590 1435 813 1475 nominibus
837 1436 1104 1486 declinandis,
1140 1438 1187 1477 de
1215 1437 1427 1477 uerborum
1458 1438 1713 1490 aspirationi-

219 1504 292 1544 bus
323 1512 362 1544 et
392 1504 614 1544 rationibus
643 1505 750 1544 inter
772 1503 943 1544 classica
973 1510 1012 1543 et
1041 1503 1184 1544 tubas⁷.
1229 1503 1285 1543 Et
1316 1504 1438 1545 libros
1461 1505 1506 1545 de
1529 1505 1712 1559 analogia

219 1569 436 1612 Suetonius
458 1571 531 1610 uit.
558 1568 677 1611 Caes.
704 1585 738 1610 c.
765 1570 818 1610 56
839 1572 880 1611 in
903 1571 1072 1612 transitu
1092 1570 1251 1625 Alpium
1275 1586 1298 1612 a
1320 1569 1497 1613 Caesare
1514 1604 1524 1623 ⁷
1549 1588 1635 1613 cum
1658 1587 1710 1614 ex

220 1640 406 1680 citeriore
429 1637 558 1680 Gallia
590 1638 848 1679 conuentibus
872 1639 1042 1693 peractis
1074 1639 1121 1678 ad
1145 1640 1365 1680 exercitum
1400 1641 1575 1691 rediret,
1612 1642 1710 1681 scri-

218 1715 306 1762 ptos
329 1722 418 1748 esse
440 1714 626 1748 testatur.
666 1706 817 1748 Verum
840 1714 882 1747 ut
905 1708 977 1747 boc
1000 1722 1021 1747 a
1044 1705 1249 1748 Frontone
1272 1709 1448 1749 oratorie
1471 1717 1709 1749 exornatum

218 1784 301 1827 est,
326 1776 381 1816 ita
405 1777 507 1829 quod
530 1776 576 1816 de
598 1775 892 1816 commentariis
915 1776 1054 1815 scribit
1076 1776 1171 1827 (alia
1196 1777 1298 1816 enim
1318 1777 1501 1817 militaria
1521 1775 1709 1819 Caesaris

218 1859 297 1885 non
320 1846 498 1897 fuerunt)
522 1858 599 1884 non
624 1851 730 1884 certa
754 1844 1014 1894 auctoritate,
1048 1845 1116 1884 sed
1139 1859 1210 1884 sua
1234 1845 1419 1898 opinione
1442 1847 1580 1887 ductus
1603 1847 1711 1887 affir—

216 1927 348 1954 masse
371 1913 659 1954 existimandus
683 1920 759 1953 est.
799 1911 906 1953 Nam
929 1913 968 1952 id
989 1912 1142 1965 quidem
1165 1913 1249 1967 ipsa
1272 1927 1336 1953 res
1360 1914 1487 1964 docet,
1514 1928 1710 1954 commen—-

217 1981 341 2022 tarios
364 1996 443 2021 non
464 1981 571 2022 inter
591 1981 684 2022 belli
706 1981 947 2032 certamina,
982 1982 1052 2021 sed
1084 1988 1193 2022 certe
1224 1982 1346 2035 gestis
1369 1983 1486 2023 rebus
1509 1996 1578 2036 per
1600 1983 1710 2036 quir-

216 2057 295 2090 tem
319 2049 574 2090 hibernorum
596 2050 836 2104 compositos
860 2063 964 2090 esse.
1007 2048 1133 2103 Atqui
1155 2064 1204 2090 ne
1227 2049 1394 2103 singulis
1417 2051 1571 2103 quidem
1593 2051 1707 2091 annis

215 2118 394 2169 singulos
423 2117 727 2158 commentarios
756 2117 1048 2172 scriptitauisse
1077 2114 1318 2168 Caesarem,
1352 2120 1421 2159 sed
1454 2134 1531 2159 uno
1562 2119 1708 2173 impetu

215 2186 337 2227 libros
370 2187 416 2227 de
446 2187 548 2227 bello
575 2184 735 2295 &ellico
766 2193 806 2226 et
838 2192 972 2239 postea
1006 2186 1052 2226 de
1081 2186 1184 2226 bello
1213 2187 1319 2227 ciuili
1351 2188 1566 2241 perfecisse
1598 2194 1707 2227 recte

217 2252 487 2296 Schneiderus
509 2256 550 2295 in
620 2253 738 2295 ‘achL
765 2254 925 2307 philoni.
949 2251 993 2303 I,
1030 2252 1111 2294 108
1142 2253 1261 2294 Hirtii
1285 2256 1418 2296 uerbis
1442 2256 1707 2296 demonstrari

216 2324 338 2375 dixit,
371 2324 436 2377 qui
467 2325 504 2377 ξ.
537 2321 564 2363 6
585 2324 710 2377 praef.
736 2322 825 2362 libri
850 2319 946 2363 VIII
967 2321 1013 2361 de
1035 2322 1073 2361 b.
1100 2320 1204 2362 Gall.
1232 2325 1536 2364 commentarios
1559 2338 1581 2363 a
1605 2321 1708 2364 Cac-

215 2405 305 2432 sare
336 2399 377 2433 et
407 2391 591 2432 facillime
623 2398 663 2431 et
691 2390 897 2431 celerrime
925 2390 1122 2443 perfectos
1155 2391 1340 2431 affirmat.
1389 2390 1509 2445 quue
1533 2393 1580 2432 de
1602 2407 1707 2432 com-

216 2460 417 2500 mentariis
447 2460 494 2500 de
528 2460 632 2500 bello
664 2458 818 2500 Gallico
848 2458 951 2498 idem
981 2456 1250 2499 Schneiderus
1285 2457 1494 2501 Ciceronis
1527 2461 1705 2514 epistolis

217 2528 439 2569 confirmari
460 2528 634 2568 monuit:
667 2527 754 2580 qui,
781 2541 868 2566 cum
889 2533 978 2579 post
998 2527 1166 2566 reditum
1189 2527 1235 2567 ab
1259 2528 1379 2568 exilio
1403 2525 1568 2569 Caesari
1593 2528 1705 2567 ualde

217 2594 419 2636 familiaris
451 2596 536 2637 siue
560 2603 664 2637 esset
697 2595 784 2635 siue
806 2594 933 2634 uideri
956 2602 1120 2648 cuperet
1142 2603 1177 2635 et
1203 2593 1395 2647 Quintum
1420 2597 1583 2636 fratrem
1604 2595 1703 2635 Tre-

216 2659 438 2715 batiumque
468 2664 543 2704 sibi
576 2664 923 2705 familiarissimum
958 2663 1105 2703 ineius
1129 2664 1311 2704 exercitu
1335 2664 1518 2713 haberet,
1554 2661 1703 2703 Caesa-

219 2740 302 2783 rem
314 2743 379 2769 res
401 2745 492 2771 suas
513 2731 658 2772 litteris
680 2732 865 2772 mandare
889 2745 1014 2784 neque
1038 2732 1157 2772 celari
1180 2732 1375 2785 potuisset
1396 2745 1538 2785 neque,
1563 2732 1595 2771 si
1619 2745 1704 2771 cer—

222 2793 298 2833 tior
318 2796 443 2839 sactus
465 2807 594 2850 esset,
629 2807 778 2841 tacere.
822 2799 974 2842 Verum
1004 2807 1137 2840 tamen
1169 2808 1259 2840 ante
1288 2800 1380 2840 belli
1403 2800 1528 2840 ciuilis
1553 2800 1703 2839 initium

221 2867 521 2908 commentarios
553 2869 600 2909 de
626 2869 729 2910 bello
752 2867 907 2910 Gallico
929 2868 1099 2922 scriptos
1122 2882 1210 2909 esse
1233 2869 1484 2909 statuendum
1508 2876 1590 2915 est,
1626 2882 1701 2906 non
