1835 3240
735 144 1158 186 —164—

201 263 283 304 eius
306 261 476 302 aduentu
500 260 657 314 cognito
682 260 881 313 profectus
903 257 995 298 inde
1025 255 1280 297 redeuntibus
1303 253 1491 297 Caesaris
1522 255 1686 295 nauibus

201 337 586 382 occurrerateasque
607 327 839 368 incenderat
861 331 899 364 et
920 324 1050 363 onmia
1072 324 1205 363 littora
1227 337 1250 364 a
1272 321 1431 364 Salonis
1454 324 1500 363 ad
1523 321 1683 364 Oricum

201 404 478 452 occupauerat,
505 410 603 449 quae
626 410 661 435 c.
677 394 703 434 8
723 394 964 441 referuntur,
992 397 1031 431 et
1052 391 1190 431 deinde
1213 405 1301 431 eum
1323 392 1370 432 ad
1381 390 1543 433 Oricum
1567 392 1686 432 fuisse

202 480 256 507 ex
277 466 405 506 uerbis
423 479 457 504 c.
488 463 536 505 15
559 469 719 516 apparet
743 459 940 507 ‘Bibulus,
964 466 1008 499 ut
1028 473 1145 513 supra
1168 460 1476 504 demonstratum
1499 467 1576 510 est,
1603 467 1687 501 erat

199 548 287 574 cum
319 535 448 574 classe
479 532 525 572 ad
550 528 741 571 Oricum'.
775 526 924 577 Verba,
959 540 1058 580 quae
1080 526 1194 580 paulo
1216 534 1303 580 post
1323 527 1523 580 leguntur,
1560 532 1686 568 ‘ante-

204 616 316 655 quam
340 602 385 640 de
409 599 601 639 mandatis
625 598 687 651 agi
708 597 911 651 inciperet'
933 602 1079 636 rectam
1105 595 1266 634 sormam
1287 608 1363 634 non
1388 595 1544 634 habent.
1583 594 1685 642 Nam

200 683 266 710 res
288 669 417 721 aliqua
440 667 501 720 agi
526 666 703 719 coepisse
725 673 764 705 et
785 664 980 718 incepisse
1002 669 1112 703 recte
1135 663 1300 711 dicitur,
1335 662 1409 702 etsi
1432 660 1584 702 Caesar
1614 664 1685 703 hoc

201 752 352 792 quoque
382 747 529 789 genere
559 734 774 783 abstinuit,
810 739 853 773 ut
874 746 910 786 p.
942 730 989 771 19
1012 731 1169 780 monui,
1205 744 1249 771 re
1271 744 1383 779 uero,
1420 744 1517 782 quae
1539 730 1685 784 agitur,

202 821 280 847 non
303 803 522 857 significata
536 800 673 842 Latini
691 808 920 842 constanter
942 800 1128 839 dixerunt
1152 798 1231 850 ‘agi
1254 804 1431 850 coeptum
1456 799 1527 837 est'
1552 804 1589 837 et
1614 797 1688 837 ‘in-

203 872 371 926 cipitur’.
422 868 565 922 Neque
597 869 698 909 enim
721 869 821 923 apud
845 866 970 909 Corn.
995 865 1102 920 Nep.
1128 865 1269 919 Epam.
1300 863 1364 913 10,
1399 863 1423 905 3
1454 872 1580 905 tutum
1610 872 1684 914 est,

202 940 302 994 quod
325 938 453 979 editur
478 943 697 992 ‘postquam
720 936 821 990 apud
845 934 1047 977 Cadmiam
1072 949 1157 975 cum
1170 932 1500 974 Lacedaemoniis
1524 934 1686 987 pugnari

201 1007 357 1062 coepit'.
401 1005 507 1046 Nam
529 1006 569 1046 iu
591 1006 736 1059 optimo
759 1004 893 1045 codice
917 1002 1127 1044 Danielino
1151 1001 1404 1055 pluribusque
1426 1001 1687 1041 mediocribus

199 1076 345 1130 legitur
366 1079 556 1130 ‘pugnare
579 1073 734 1126 coepit',
758 1072 799 1112 in
813 1069 1174 1125 Guelpberbytano,
1200 1070 1263 1122 qui
1281 1069 1489 1110 Danielino
1512 1069 1686 1109 bonitate

200 1144 405 1199 proximus
429 1149 504 1192 est,
533 1147 759 1195 ‘pugnatum
783 1147 845 1180 est
866 1137 1022 1192 coepit':
1059 1137 1254 1193 ‘pugnari'
1286 1138 1325 1177 in
1359 1138 1429 1177 boc
1461 1145 1500 1177 et
1522 1136 1688 1190 Sangal-

200 1212 301 1253 lensi
324 1227 345 1252 a
368 1210 541 1251 secunda
564 1210 713 1249 demum
737 1222 854 1248 manu
876 1207 1042 1260 positum
1065 1212 1139 1245 est.
1189 1203 1324 1258 ltaque
1355 1205 1407 1245 ibi
1439 1204 1685 1245 scribendum

201 1288 263 1321 est
287 1284 430 1334 ‘pugna
454 1276 612 1331 coepit',
638 1277 737 1330 apud
761 1272 978 1316 Caesarem
1013 1274 1091 1326 ‘agi
1123 1273 1394 1327 inciperetur'.
1447 1272 1602 1313 Deinde
1635 1286 1688 1312 ex

202 1347 310 1388 codd.
334 1347 527 1401 scriptura
562 1350 704 1398 ‘atque
727 1343 872 1384 eidem'
895 1349 1003 1382 recte
1026 1340 1160 1381 nescio
1183 1356 1203 1381 a
1228 1356 1301 1394 quo
1325 1342 1505 1381 effectum
1531 1348 1592 1381 est
1615 1347 1689 1380 ‘at-

201 1430 275 1469 que
296 1413 415 1456 ideo'.
463 1412 543 1456 Sed
565 1413 686 1454 uerba
711 1417 722 1436 ⁴
738 1410 917 1452 omnibus
940 1408 1061 1462 copiis
1076 1407 1085 1424 '
1118 1422 1163 1448 eo
1186 1408 1288 1458 loen,
1324 1423 1398 1461 quo
1420 1409 1460 1451 in
1482 1409 1594 1448 codd.
1621 1422 1687 1462 po-

203 1490 364 1531 nuntur,
399 1497 484 1522 cum
517 1482 612 1522 ferri
634 1494 713 1520 non
737 1491 851 1533 posse
873 1477 1112 1518 intellectum
1136 1482 1265 1525 esset,
1304 1477 1402 1517 male
1433 1478 1481 1517 ad
1511 1484 1686 1518 extrema

206 1552 397 1595 translata
421 1557 512 1591 sunt
532 1550 573 1590 in
594 1550 696 1589 bunc
719 1548 886 1587 modum:
917 1545 1123 1585 ‘utadesse
1137 1541 1351 1583 Caesarem
1376 1544 1555 1584 omnibus
1569 1545 1690 1598 copiis

204 1619 437 1660 nuntiaret'.
477 1617 585 1658 Nam
616 1615 855 1662 Vibullium,
890 1613 953 1666 qui
985 1626 1069 1652 cum
1092 1609 1266 1651 Caesare
1290 1612 1529 1661 traiecisset,
1564 1612 1688 1652 latere

204 1702 283 1727 non
314 1693 470 1740 poterat
502 1699 581 1725 non
611 1696 747 1724 omncs
772 1682 919 1734 copias,
959 1679 1026 1719 sed
1049 1678 1244 1718 dimidiam
1267 1687 1417 1720 tantum
1441 1686 1587 1733 partem
1609 1686 1688 1718 tra-

200 1755 355 1795 ductam
379 1766 482 1794 esse.
516 1750 654 1804 Itaque
677 1749 843 1791 Heldius
866 1747 987 1788 uerba
1023 1746 1216 1787 ‘omnibus
1245 1747 1379 1801 copiis'
1414 1746 1687 1787 commenticia

201 1821 403 1863 iudicauit.
446 1819 508 1860 De
540 1833 615 1872 qua
645 1831 688 1858 re
721 1831 767 1857 eo
797 1816 926 1856 minus
949 1814 1123 1855 dubitare
1146 1815 1262 1864 licet,
1297 1815 1398 1870 quod
1430 1828 1477 1856 ea
1497 1815 1586 1854 ideo
1608 1821 1687 1854 tam

204 1902 392 1945 peruerse
424 1888 618 1928 collocata
649 1899 736 1925 esse
764 1891 950 1938 apparet,
989 1883 1080 1936 quia
1101 1881 1139 1922 in
1162 1883 1339 1936 margine
1364 1890 1478 1923 erant
1499 1883 1684 1937 ascripta.

202 1956 394 1999 Extrema
418 1956 539 1996 uerba
574 1959 631 1994 ‘ut
651 1953 790 1993 adesse
813 1949 1026 1992 Caesarem
1050 1950 1262 1990 nuntiaret'
1295 1950 1493 2005 pinguiter
1513 1951 1689 1996 adiciun-

203 2034 281 2077 tur,
318 2040 404 2066 cum
426 2025 463 2064 id
485 2022 702 2065 Vibullium
724 2020 965 2074 spectanisse
987 2033 1103 2073 snpra
1126 2019 1201 2059 iam
1225 2019 1461 2058 declaratum
1485 2019 1550 2059 sit.
1592 2018 1688 2060 Non

203 2093 290 2134 sine
323 2107 439 2134 causa
470 2092 591 2145 igitur
622 2088 797 2130 Grutero
826 2088 920 2128 haec
949 2101 1100 2140 quoque
1131 2086 1262 2140 spuria
1294 2085 1542 2127 uidebantur.
1589 2085 1686 2128 Cum

204 2168 334 2202 tamen
356 2161 474 2201 uerba
508 2159 712 2200 ‘omnibus
736 2155 877 2210 copiis'
911 2155 968 2195 his
1000 2155 1169 2208 ascripta
1200 2168 1288 2195 esse
1310 2161 1459 2195 certum
1492 2156 1568 2204 sit,
1603 2169 1687 2196 eam

204 2229 468 2282 suspicionem
493 2243 570 2268 non
593 2225 834 2267 admiserim.
867 2221 1005 2263 Potius
1029 2237 1114 2262 cum
1138 2222 1177 2263 in
1208 2220 1300 2262 Par.
1322 2236 1403 2262 sec.
1430 2229 1468 2262 et
1491 2221 1603 2262 Leid.
1627 2237 1684 2275 pr.

205 2296 392 2350 scriptum
407 2296 457 2336 sit
471 2301 527 2336 ‘et
540 2293 691 2341 adesse'
703 2300 817 2342 cett.,
837 2291 996 2331 correxi
1012 2295 1067 2330 ‘et
1080 2291 1220 2330 adesse
1236 2288 1449 2331 Caesarem
1461 2290 1685 2334 nuntiauit‘.

317 2363 491 2418 Magnae
514 2363 650 2404 turbae
673 2362 824 2402 leuibus
849 2361 893 2400 dc
917 2359 1046 2399 causis
1071 2358 1267 2399 excitatae
1300 2366 1390 2398 sunt
1417 2358 1530 2398 initio
1554 2372 1588 2397 c.
1618 2356 1684 2397 13.

204 2431 266 2473 Ea
296 2432 418 2473 uerba
449 2433 506 2479 sic
538 2431 777 2472 edebantur:
816 2428 887 2468 ‘At
908 2426 1118 2481 Pompeius
1150 2426 1317 2480 cognitis
1349 2427 1397 2465 iis
1420 2426 1553 2473 rebus,
1589 2439 1688 2478 quae

205 2507 318 2541 erant
338 2497 446 2540 Orici
479 2507 596 2552 atque
619 2497 853 2552 Apolloniae
882 2502 1044 2549 gestae,
1080 2493 1333 2549 Dyrrhachio
1367 2494 1506 2534 timens
1539 2493 1688 2538 diurnis

206 2583 251 2610 eo
284 2567 561 2620 nocturnisque
596 2565 803 2606 itineribus
836 2562 1051 2603 contendit.
1096 2560 1270 2603 Simulac
1302 2559 1454 2602 Caesar
1482 2561 1689 2615 appropin-

204 2649 327 2690 quare
339 2635 555 2684 dicebatur,
581 2641 714 2674 tantus
727 2640 857 2673 terror
876 2630 1010 2671 incidit
1025 2630 1109 2670 eius
1121 2630 1332 2680 exercitui,
1357 2631 1456 2683 quod
1471 2643 1688 2683 properans

204 2711 357 2745 noctem
381 2703 455 2744 diei
478 2703 743 2743 coniunxerat
764 2713 889 2752 neque
910 2698 985 2738 iter
1006 2698 1295 2747 intermiserat,
1338 2705 1380 2738 ut
1408 2712 1530 2751 paene
1552 2711 1688 2738 omnes

204 2772 243 2812 in
275 2771 399 2825 Epiro
436 2770 686 2822 finitimisque
726 2766 955 2821 regionibus
986 2767 1097 2819 signa
1130 2766 1424 2819 relinquerent,
1469 2765 1688 2819 complures

205 2854 313 2881 arma
336 2839 561 2894 proicerent
581 2851 625 2877 ac
648 2837 764 2890 fugae
786 2835 912 2876 simile
935 2835 1010 2874 iter
1032 2833 1259 2874 uideretur'.
1295 2832 1369 2873 Hic
1392 2834 1532 2874 mirum
1547 2831 1686 2873 Heldio
