1835 3240
131 880 171 912 10

129 1219 167 1251 15

126 1556 169 1591 20

126 1895 167 1928 25

616 145 802 189 GOMM.
830 145 905 189 v11
928 143 1052 189 CAP.
1077 144 1277 186 29—32.
1684 145 1766 186 423

213 263 501 306 existimarent.
535 260 623 302 Nec
645 261 789 311 minus,
815 275 926 314 quam
950 267 1011 300 est
1032 258 1243 313 pollicitus,
1270 256 1583 310 Vercingetorix
1605 258 1687 298 ani·
1710 258 1763 302 31

207 345 268 372 mo
290 330 518 379 laborabat,
553 336 595 369 ut
624 329 795 382 reliquas
828 328 1010 368 ciuitates
1043 326 1297 379 adiungeret,
1332 331 1448 376 atque
1481 338 1547 364 eas
1579 326 1688 365 donis

205 397 625 453 pollicitationibusque
647 396 857 437 alliciebat.
891 395 992 435 Iluic
1014 395 1070 435 rei
1095 395 1257 434 idoneos
1280 393 1456 433 homines
1477 392 1685 445 deligebat,
1711 393 1738 431 2

205 479 368 519 quorum
392 465 555 518 quisque
577 472 642 505 aut
665 464 844 504 oratione
867 463 1027 503 subdola
1060 469 1125 502 ant
1149 461 1323 501 amicitia
1347 460 1527 500 facillime
1552 473 1690 512 capere

209 540 358 588 posset.
403 531 482 585 Qui
504 532 678 572 Auarico
701 537 927 584 expugnato
952 531 1193 583 refugerant,
1219 528 1427 568 armandos
1446 527 1690 567 uesticndos-
1714 527 1737 566 3

205 615 278 654 que
301 608 438 651 curat,
473 600 612 650 simul,
640 607 680 639 ut
702 599 923 639 deminutae
946 598 1080 651 copiae
1102 598 1491 650 redintegrarentur,
1525 595 1692 648 imperat
1714 594 1738 633 4

204 676 356 709 certum
380 682 579 709 numerum
603 667 763 707 militum
788 666 1038 714 ciuitatibus,
1075 679 1185 717 quem
1219 671 1257 704 et
1279 678 1391 717 qnam
1415 670 1505 704 ante
1528 663 1628 702 diem
1651 662 1691 702 in

206 744 337 777 castra
358 736 494 777 adduci
519 734 629 785 uelit,
653 734 960 788 sagittariosque
983 747 1134 781 omnes,
1161 746 1323 785 quorum
1348 739 1433 771 erat
1454 744 1690 786 permagnus

206 818 391 844 numerus
413 804 452 844 in
477 801 620 852 Gallia,
646 802 823 855 conquiri
847 809 886 842 et
907 802 953 842 ad
977 816 1019 842 se
1042 800 1143 840 mitti
1165 800 1287 840 iubet.
1352 798 1425 839 His
1448 799 1565 839 rebus
1588 798 1690 838 cele-

203 873 303 913 riter
322 872 375 922 id,
401 871 502 925 quod
523 869 688 910 Auarici
713 870 951 923 deperierat,
977 869 1173 922 expletur.
1231 866 1388 907 interim
1410 866 1685 915 Teutomatus,
1712 862 1736 905 5

203 938 449 981 Ollouiconis
474 940 572 979 fitius
588 969 598 987 ,
634 951 709 978 rex
729 937 1025 991 Nitiobrigum‚
1051 937 1162 976 cuius
1186 943 1296 989 pater
1318 935 1364 975 ab
1388 942 1527 975 senatu
1550 941 1689 974 nostro

202 1007 350 1048 amicus
380 1014 465 1047 erat
494 1006 736 1060 appellatus,
769 1020 856 1046 cum
887 1020 1028 1059 magno
1061 1005 1234 1057 equitum
1266 1017 1426 1043 suorum
1458 1015 1620 1042 numero
1652 1009 1691 1041 et

202 1089 297 1129 quos
320 1088 372 1115 ex
392 1074 606 1128 Aquitania
630 1075 877 1115 conduxerat
898 1074 945 1114 ad
969 1087 1055 1114 eum
1078 1072 1272 1126 peruenit.

315 1139 467 1183 Caesar
487 1141 652 1183 Auarici
683 1144 904 1196 complures
938 1142 1019 1182 dies
1051 1147 1316 1181 commoratus
1349 1151 1615 1190 summamque
1639 1136 1688 1176 ibi
1708 1136 1764 1180 32

201 1211 350 1265 copiam
377 1211 562 1251 frumenti
584 1218 622 1251 et
643 1211 781 1264 reliqui
796 1217 1037 1251 commeatus
1053 1216 1219 1249 nanctus
1235 1207 1457 1248 exereitum
1480 1220 1534 1246 ex
1555 1205 1689 1245 labore

201 1285 316 1331 atque
339 1278 470 1332 inopia
484 1279 638 1319 refecit.
664 1277 746 1319 Iani
770 1293 889 1332 prope
912 1279 1038 1319 hieme
1061 1278 1239 1317 confecta
1262 1290 1346 1316 cum
1370 1276 1454 1328 ipso
1477 1274 1568 1314 anni
1593 1280 1689 1314 tem·
1710 1272 1737 1312 2

202 1359 294 1399 pore
317 1347 364 1386 ad
386 1347 600 1400 gerendum
631 1347 774 1387 bellum
806 1353 1021 1386 uocaretur
1050 1352 1089 1386 et
1122 1345 1169 1385 ad
1201 1344 1352 1384 hostem
1376 1342 1572 1397 proticisci
1596 1355 1689 1381 con-

202 1414 396 1453 stituisset
412 1445 423 1464 ,
456 1414 542 1454 siue
573 1428 661 1454 eum
691 1428 743 1455 ex
764 1414 966 1467 paludibus
989 1413 1182 1466 siluisque
1206 1412 1350 1452 elicere
1374 1410 1461 1450 siue
1484 1410 1688 1450 obsidione

204 1496 382 1535 premere
405 1489 562 1536 posset,
597 1483 716 1536 legati
740 1483 786 1522 ad
809 1497 895 1522 eum
918 1482 1113 1536 principes
1137 1480 1390 1520 Haeduorum
1414 1478 1579 1518 ueniunt
1601 1491 1690 1517 ora-

202 1556 280 1590 tum
299 1580 309 1599 ,
345 1557 386 1589 ut
417 1550 588 1590 maxime
621 1552 849 1591 necessario
882 1557 1057 1603 tempore
1088 1548 1239 1588 ciuitati
1269 1547 1502 1588 snbueniat:
1536 1559 1687 1586 summo
1710 1544 1736 1584 3

201 1630 291 1657 esse
323 1617 364 1656 in
396 1618 570 1671 periculo
592 1632 701 1668 rem,
735 1620 860 1671 quod,
893 1632 978 1658 cum
1013 1616 1157 1670 singuli
1191 1616 1440 1670 magistratus
1473 1614 1688 1667 antiquitus

199 1684 328 1724 creari
350 1691 465 1738 atque
487 1686 635 1739 regiam
658 1693 893 1740 potestatem
917 1699 1061 1725 annum
1085 1683 1265 1724 obtinere
1289 1689 1575 1731 consuessent,
1615 1681 1689 1721 duo

199 1753 472 1806 magistratum
495 1761 638 1808 gerant
670 1761 710 1794 et
739 1768 782 1794 se
805 1761 968 1806 uterque
992 1767 1126 1793 eorum
1149 1750 1300 1805 legibus
1325 1757 1500 1791 creatum
1523 1763 1610 1790 esse
1633 1749 1689 1788 di-

201 1828 278 1860 cat.
322 1820 474 1861 Horum
498 1835 585 1863 esse
608 1822 770 1863 alterum
797 1819 1172 1871 Conuictolitauem,
1199 1820 1404 1860 florentem
1428 1817 1688 1859 etinlustrem
1711 1815 1737 1856 4

201 1889 519 1940 adulescentem,
557 1890 724 1931 alterum
747 1887 916 1939 Cotum,
953 1890 1226 1943 antiquissima
1252 1888 1393 1927 familia
1419 1893 1549 1927 natum
1573 1892 1690 1939 atque

199 1956 322 2009 ipsum
347 1958 539 1997 hominem
572 1972 748 1999 summae
780 1959 980 2013 potentiae
1011 1966 1048 1998 et
1079 1971 1246 2011 magnae
1268 1955 1541 2010 cognationis,
1576 1954 1688 1994 cuius

201 2024 325 2064 frater
360 2024 590 2066 Valetiacus
622 2027 803 2080 proximo
835 2041 939 2066 anno
972 2026 1139 2066 eundem
1183 2024 1454 2078 magistratum
1499 2022 1686 2077 gesserit.

199 2133 291 2174 qui',
311 2134 470 2176 patienda
491 2140 525 2167 et
544 2136 748 2178 perferenda
769 2136 1007 2167 existimarent
1025 2136 1042 2167 b
1056 2135 1146 2166 ede.
1302 2134 1323 2167 2
1342 2138 1444 2175 atque
1464 2142 1522 2163 eas
1542 2131 1571 2162 B
1592 2131 1689 2162 ‘reli-

200 2183 293 2226 (μί’,
317 2191 417 2227 atque
437 2197 551 2219 earum
571 2189 741 2230 principes
763 2189 780 2219 b
794 2188 887 2219 cde.
1092 2187 1189 2217 donis
1210 2184 1586 2228 pollicitationibusque
1605 2193 1626 2214 a
1641 2183 1688 2214 bc

198 2238 268 2278 de,
290 2238 386 2270 bonis
406 2240 713 2281 pollicitationibus
732 2241 763 2272 B
784 2238 962 2280 ‘reliqum
1103 2238 1122 2270 3
1143 2237 1306 2269 {illicebat
1325 2237 1368 2268 A.
1521 2234 1687 2274 diligebat

202 2290 242 2321 C-
411 2291 431 2322 4
450 2301 573 2333 capere
593 2291 635 2331 A,
658 2291 731 2333 capi
751 2301 824 2330 (Νι,-
845 2300 913 2321 om.
935 2290 965 2321 B
986 2292 1123 2319 ‘nonem
1145 2298 1191 2319 θα]
1210 2288 1307 2319 mez's’
1326 2290 1362 2318 et
1378 2290 1412 2317 z'n
1432 2288 1478 2317 z'z's
1500 2285 1541 2317 C.

200 2343 216 2373 5
235 2342 424 2382 effugerant
443 2344 473 2375 b.
617 2344 634 2375 t}
655 2344 849 2375 deminutae
869 2343 886 2373 b
901 2342 968 2382 cd,
991 2341 1178 2372 diminutae
1196 2341 1226 2372 B
1247 2338 1427 2380 ‘›·elz'qaz'’.
1561 2336 1580 2369 7
1599 2337 1687 2368 diem

200 2399 234 2425 et
251 2400 366 2426 eastra
384 2396 428 2427 A.
581 2396 601 2428 8
620 2406 761 2436 magnus
780 2395 825 2426 Α.
989 2394 1007 2425 9
1028 2403 1187 2423 numerus
1208 2392 1239 2423 in
1260 2391 1373 2423 Gallia
1392 2390 1421 2421 B
1438 2392 1473 2420 et
1490 2388 1632 2430 reliqui,
1654 2388 1688 2419 in

200 2445 311 2478 Gallia
332 2458 488 2479 numerus
509 2448 526 2479 b
540 2447 601 2489 (e).
747 2448 786 2479 10
807 2446 1029 2478 Teutomatus
1049 2444 1130 2487 (B),
1153 2444 1378 2476 'Pantomatus
1400 2443 1440 2481 C,
1461 2441 1685 2473 Teutomotus

202 2497 232 2528 A
246 2497 360 2529 bede.
540 2499 577 2531 11
599 2498 828 2530 Sollouiconis
847 2498 891 2535 Ι),
912 2497 1124 2528 Allouiconis
1145 2495 1236 2527 bed.
1406 2492 1638 2534 Nitiobrogum
1659 2492 1687 2523 B

204 2548 297 2579 ‘iussn
315 2549 502 2590 plerique&
644 2551 683 2582 14
702 2551 840 2582 Auarici
861 2561 877 2581 e
896 2552 941 2589 et,
963 2552 1121 2590 utputo,
1143 2558 1175 2588 α,
1198 2550 1232 2580 z'n
1251 2558 1320 2589 quo
1341 2548 1578 2579 Achaiam-ius
1596 2546 1685 2577 Aua-

202 2599 271 2631 rico
293 2600 366 2641 legz’
383 2601 516 2641 tradit,-
536 2602 683 2634 Auarico
698 2604 729 2634 Α
742 2603 771 2634 Β
786 2604 813 2635 C
826 2603 870 2634 D.
1018 2602 1056 2634 15
1076 2601 1253 2641 nantusA,
1277 2604 1397 2632 nactus
1416 2599 1563 2640 reliqui.

203 2650 242 2682 16
262 2650 429 2683 reficitA·
573 2653 610 2686 17
626 2653 836 2685 instituisset
848 2653 892 2685 A.
1038 2652 1074 2684 19
1095 2661 1271 2694 praemere
1285 2651 1326 2682 B.
1470 2652 1639 2681 uenerunt
1653 2648 1684 2679 b.

341 2702 384 2735 20
403 2703 601 2735 subueniret
620 2704 651 2735 b.
816 2705 859 2739 22
878 2713 1023 2735 annuam
1044 2704 1102 2735 be.
1265 2704 1307 2736 24
1328 2702 1638 2734 Conuictolitauem
1656 2701 1687 2732 B

204 2751 324 2793 “ms.5.'‚
347 2752 645 2787 Conuictolitauim
666 2756 696 2796 b,
718 2756 1013 2788 Conuittolitatem
1032 2765 1071 2795 e,-
1090 2754 1401 2787 Conuictolitauem
1422 2764 1456 2785 u.
1598 2751 1686 2782 inlu-

200 2810 302 2838 strem
316 2806 357 2837 B.
519 2807 561 2840 25
581 2808 835 2840 adulescentem
854 2809 886 2840 A
900 2808 984 2847 CD,
1006 2807 1253 2839 aduliscentem
1273 2807 1314 2838 B.
1498 2804 1631 2835 Cottum
1652 2803 1683 2833 b.

343 2857 385 2890 27
404 2856 602 2891 Valetiacus
620 2859 767 2899 BDca',
789 2859 936 2891 altiacus
956 2869 992 2898 ετ,-
1015 2857 1222 2890 ‘Valetiatus
1244 2857 1301 2889 ael
1319 2856 1518 2889 Valeciatus
1538 2856 1570 2888 A
1586 2856 1613 2887 C
1633 2854 1681 2886 b'.
