1835 3240
725 174 949 216 ——76

185 286 346 327 Rheno'
370 295 410 328 et
434 287 497 327 ‘in
522 286 747 328 Oceanum'
771 290 845 328 iam
870 292 1072 339 correxit,
1103 290 1168 342 qui
1191 289 1360 328 codicem
1387 288 1665 330 Vindobonen-

185 367 266 393 sem
290 361 468 407 quartum
500 355 682 408 scripsit,
717 357 785 395 scd
808 358 973 397 retentis
996 357 1262 411 superioribus
1286 357 1416 396 uerbis
1451 359 1514 397 ‘in
1540 356 1666 398 Occa-

184 436 275 460 num
297 422 459 462 inlluit':
494 421 619 462 Aldus
643 423 771 462 omnIa
806 424 883 470 ita,
921 432 958 463 ut
983 439 1098 477 supia
1122 425 1257 478 posui,
1291 425 1433 475 edidit,
1470 426 1542 464 nisi
1567 427 1666 477 ‹piod

184 489 313 528 minus
336 490 590 542 probabiliter
613 505 690 529 non
717 491 777 529 ‘ab
799 490 971 539 Rlieno',
997 492 1065 531 scd
1092 492 1153 529 ‘ab
1177 492 1236 530 co'
1260 491 1433 543 scripsit.
1479 491 1577 532 Mihi
1603 507 1667 532 uc-

184 570 229 596 ro
251 557 321 606 ita,
347 565 389 597 ut
411 557 508 604 disi,
536 554 750 597 Caesarem
775 571 817 597 re
841 571 930 596 uera
957 558 1166 610 scripsisse
1188 571 1417 610 persuasum
1441 566 1515 598 est.
1554 558 1667 611 Quod

185 624 287 664 enim
311 622 575 665 Schneidcrus
598 638 674 663 non
698 623 873 676 intellegi
895 631 1030 676 putat,
1066 638 1135 663 cur
1158 623 1270 664 Mosa
1294 638 1371 663 non
1395 625 1547 678 longius
1569 628 1668 667 mili-

183 691 255 731 bus
278 707 461 745 passuum
486 690 654 731 LXXX
675 691 721 731 ab
744 690 884 729 Rheno
907 688 1164 731 inOceauum
1188 691 1351 731 inlluere
1374 692 1541 742 dicatur,
1567 695 1668 745 quod

184 774 308 813 genus
331 760 514 812 loquendi
537 759 586 798 ibi
610 759 735 798 locum
762 758 918 806 habeat,
943 757 1005 797 ubi
1028 759 1181 812 longius
1203 760 1370 813 spatium
1395 767 1667 813 expectasseS,

185 827 246 867 hic
270 840 418 882 quoque
443 840 485 866 ea
510 825 734 879 expectatio
758 832 856 864 erat.
921 824 1025 864 Nam
1057 833 1099 865 ut
1130 827 1204 866 duo
1237 842 1375 880 magna
1410 828 1567 867 [lumina
1592 836 1668 868 tam

186 895 402 949 propinquo
423 895 550 948 spatio
572 894 611 933 in
634 905 741 932 mare
765 892 946 941 exirent,
971 907 1067 934 sane
1089 901 1246 947 praeter
1268 896 1582 949 expectationem
1605 910 1669 936 ac-

185 963 352 1002 uidebat.

302 1027 408 1069 Satis
433 1029 608 1069 difficilia
631 1034 736 1077 sunt,
764 1043 863 1081 quae
886 1044 920 1069 c.
945 1029 1015 1080 22,
1042 1029 1066 1070 3
1088 1030 1294 1084 leguntur:
1337 1029 1535 1071 ‘Nauibus
1558 1032 1670 1071 circi-

188 1104 249 1137 ter
260 1095 427 1136 LXXX
440 1098 633 1137 onerariis
657 1097 804 1137 coactis
829 1098 1136 1151 contractisque,
1161 1106 1254 1150 quot
1275 1099 1371 1138 satis
1395 1113 1482 1138 esse
1505 1100 1551 1138 ad
1575 1101 1670 1140 duas

187 1166 511 1218 transportandas
534 1166 710 1219 legiones
734 1165 1012 1215 existimabat,
1048 1166 1146 1218 quod
1178 1173 1383 1218 praeterea
1407 1167 1565 1206 nauium
1587 1168 1671 1207 lon-

188 1247 323 1287 garum
349 1234 529 1282 habebat,
557 1233 784 1286 quaestori,
810 1233 950 1287 legatis
974 1233 1259 1287 praefectisque
1282 1234 1488 1274 attribuit'.
1553 1233 1673 1276 Codi-

188 1313 274 1339 cum
298 1301 559 1355 discrepantia
584 1302 654 1340 hoc
676 1301 761 1341 loco
785 1301 882 1341 leuis
906 1309 980 1341 est.
1032 1300 1138 1341 Nam
1162 1315 1230 1354 pro
1257 1300 1486 1352 ‘LXXX',
1513 1303 1577 1355 qui
1601 1317 1672 1343 nu-

187 1381 319 1408 merus
342 1369 381 1408 in
404 1370 513 1409 codd.
540 1370 797 1422 interpolatae
823 1368 990 1407 familiae
1014 1376 1052 1408 et
1074 1368 1302 1421 quibusdam
1334 1369 1595 1409 deterioribus
1618 1370 1674 1409 lc-

187 1435 295 1488 gitur
317 1437 648 1489 confirmaturque
680 1436 725 1475 ab
750 1434 895 1476 Orosio
920 1434 1001 1484 Vl,
1041 1435 1091 1486 9,
1126 1436 1166 1475 in
1200 1436 1363 1488 reliquis
1392 1436 1580 1489 scriptum
1614 1444 1675 1477 est

190 1503 445 1555 ‘octingentis
469 1504 698 1557 octoginta'.
734 1503 886 1544 Deinde
910 1518 988 1543 non
1013 1508 1130 1555 ‘quot
1152 1503 1269 1543 satis'
1293 1511 1401 1552 cett„
1429 1506 1496 1544 sed
1518 1505 1672 1546 ratione

185 1570 226 1610 in
248 1571 569 1625 inscriptionibus
593 1585 743 1624 quoque
766 1578 980 1624 peruagata
1016 1575 1026 1594 ⁶
1042 1570 1165 1622 quod'
1196 1571 1235 1609 in
1262 1571 1417 1624 optimis
1440 1573 1550 1611 codd.
1576 1573 1673 1612 scri-

187 1645 294 1691 ptum
317 1646 401 1679 est:
428 1639 628 1679 numerale
646 1638 853 1678 relatiuam
872 1637 1099 1678 necessario
1118 1638 1263 1689 requiri
1285 1646 1419 1691 postea
1439 1640 1670 1681 uidebimus.

187 1703 266 1745 Sed
289 1706 453 1759 primum
478 1721 678 1760 perperam
709 1706 903 1758 octoginta
936 1719 1058 1745 naues
1090 1706 1296 1745 onerariae
1328 1714 1487 1747 coactae
1517 1716 1673 1748 contra-

189 1780 352 1826 ctaeque
370 1775 567 1823 dicuntur,
593 1774 742 1814 duobus
763 1774 892 1813 uerbis
914 1774 1015 1813 idem
1038 1773 1350 1825 significantibus
1374 1775 1420 1815 de
1443 1788 1516 1814 una
1539 1790 1581 1815 rc
1605 1791 1672 1829 po-

188 1841 291 1880 sitis.
353 1840 497 1897 Neque
530 1842 567 1881 id
598 1842 884 1882 incommodum
908 1842 961 1881 ita
987 1855 1192 1881 remouere
1215 1842 1321 1890 licet,
1347 1844 1669 1894 quemadmodum

189 1906 432 1949 Schneidcro
458 1910 580 1949 uisum
606 1919 681 1957 est,
706 1917 749 1949 ut
770 1916 929 1949 coactae
952 1923 1072 1949 naues
1103 1909 1387 1962 intellegantur
1421 1910 1587 1962 undique
1610 1925 1673 1950 ac—

189 1976 289 2016 citae
312 1983 349 2017 ct
372 1978 585 2018 conuenire.
608 1978 756 2026 iussae,
782 1984 1023 2026 contractae,
1050 1990 1148 2029 quae
1170 1976 1245 2016 iam
1269 1985 1553 2017 conuenerant.
1588 1977 1675 2018 Hoc

189 2044 291 2083 enim
315 2044 523 2085 discrimen
546 2046 585 2085 in
608 2046 684 2085 illis
707 2045 839 2085 uerbis
862 2060 941 2085 non
963 2045 1082 2084 inest.
1132 2044 1299 2084 Accedit
1321 2045 1444 2084 altera
1468 2045 1675 2085 difficultas

189 2124 312 2164 eaque
335 2112 474 2152 maior.
520 2111 568 2153 C.
596 2113 697 2153 enim
719 2111 790 2163 29,
815 2112 842 2153 2
864 2112 958 2152 haec
981 2112 1189 2165 leguntur:
1234 2110 1315 2151 ‘Ita
1343 2126 1416 2151 uno
1441 2118 1614 2165 tempore
1637 2119 1675 2151 et

188 2178 327 2232 longas
349 2194 488 2230 naues,
515 2181 652 2233 quibus
677 2178 829 2221 Caesar
851 2181 1071 2220 exerc-itum
1099 2180 1440 2232 transportandum
1465 2186 1677 2219 curauerat

191 2261 362 2300 quasque
385 2248 423 2287 in
446 2248 596 2288 aridum
621 2249 890 2298 subduxerat,
923 2254 1057 2288 aestus
1081 2247 1368 2300 compleuerat,
1392 2254 1429 2287 et
1452 2247 1672 2296 onerarias,

190 2329 288 2368 quae
319 2317 367 2356 ad
400 2330 565 2356 ancoras
597 2324 710 2356 erant
747 2316 964 2369 deligatae,
1010 2321 1220 2367 tempestas
1262 2315 1503 2354 asllictabat'.
1567 2314 1676 2354 Haec

190 2390 324 2436 aperte
346 2384 409 2430 iis,
436 2398 535 2436 quae
557 2384 759 2437 superiore
784 2385 868 2423 loco
889 2384 1086 2435 leguntur,
1112 2382 1311 2422 contraria
1326 2389 1439 2421 sunt:
1465 2382 1559 2421 solis
1574 2382 1676 2421 enim

191 2451 384 2491 onerariis
416 2451 467 2490 ibi
500 2451 674 2504 legiones
707 2458 999 2504 transportatae
1033 2463 1120 2489 esse
1154 2450 1347 2489 dicuntur.
1411 2447 1675 2488 Schneiderus

191 2525 319 2558 autem
343 2519 478 2558 miram
513 2519 704 2572 (plaudam
729 2517 915 2558 Caesaris
949 2517 1273 2557 consuetudinem
1297 2516 1565 2569 excogitauit,
1604 2530 1677 2569 qua

192 2599 297 2635 eum,
323 2586 423 2639 quod
445 2586 568 2626 altero
592 2587 676 2626 loco
700 2587 902 2634 omiserat,
928 2586 1053 2624 altero
1073 2584 1275 2637 supplesse
1291 2583 1514 2622 existimat:
1542 2584 1587 2623 de
1602 2597 1677 2638 qua

191 2667 236 2693 re
268 2653 466 2707 disputare
504 2654 599 2693 nihil
639 2653 793 2692 attinet.
857 2651 925 2690 Ex
954 2652 1020 2691 illa
1050 2652 1192 2704 duplici
1224 2651 1453 2690 dill'icultate
1486 2651 1676 2691 euadendi

194 2734 310 2760 unam
332 2721 525 2761 rationem
548 2721 702 2773 reperio
717 2750 727 2768 ,
761 2726 804 2759 ut
834 2725 1057 2758 contractas
1080 2732 1201 2758 naues
1223 2733 1300 2758 non
1323 2720 1477 2758 easdem
1502 2719 1574 2758 dici
1597 2725 1676 2758 sta-

193 2794 364 2838 tuamus,
391 2802 489 2841 quae
512 2794 671 2828 coactae
694 2793 821 2833 erant,
847 2783 1014 2825 LXXX
1037 2786 1255 2835 onerarias,
1281 2787 1348 2826 scd
1370 2800 1488 2826 naues
1511 2799 1677 2840 genera-

195 2855 299 2906 liter,
324 2855 444 2897 uerba
466 2863 595 2897 autem
620 2860 730 2909 ‘quot
751 2854 846 2895 satis
869 2868 956 2894 esse
978 2854 1025 2894 ad
1048 2854 1142 2894 duas
1163 2853 1674 2909 transportandaslegiones
