1835 3240
714 187 827 194 ——-
889 162 965 203 ’151
1029 186 1142 191 —-

185 282 288 321 enim
320 294 372 319 ex
401 277 551 318 Marsis
583 274 839 329 Peliguisque
870 274 1097 321 ueniebant,
1131 279 1173 313 ut
1202 274 1266 326 qui
1297 275 1499 326 superiore
1523 277 1667 316 nocte'.

185 349 348 400 Reliqua
371 347 418 386 ad
440 346 551 386 aliam
575 344 810 385 sententiam
834 343 1033 396 pertinere
1057 348 1230 395 apertum
1253 348 1329 381 est.
1373 340 1447 381 Hic
1479 342 1591 382 facile
1613 343 1671 382 in—

185 415 384 467 tellegitur
421 420 605 467 quattuor
642 425 785 452 causas
819 411 970 451 timoris
1002 411 1041 450 in
1076 409 1217 450 castris
1249 405 1437 449 Curionis
1468 409 1545 447 orti
1576 423 1671 449 enu-

183 483 341 523 merari:
370 479 517 522 ‘Ciuile
538 480 697 530 belluim
722 494 845 533 genus
869 480 1082 528 hominum3
1116 477 1293 531 legiones
1316 490 1400 525 eae,
1437 489 1535 528 quae
1558 477 1670 528 paulo

183 558 274 590 ante
305 551 402 603 apud
437 549 688 589 aduersarios
712 549 894 595 fuerant3
930 546 1142 600 municipia
1163 545 1280 586 etiam
1304 544 1472 584 diuersis
1495 544 1670 597 partibus

182 617 418 658 coniuncta'.
454 616 563 657 Haec
586 616 750 656 uerbum
772 616 1024 663 desiderant,
1058 613 1157 667 quod
1181 627 1266 653 cum
1289 613 1377 652 aliis
1399 612 1439 652 in
1462 613 1539 653 fine
1561 613 1669 653 exci-

180 685 251 736 dit,
278 687 385 726 uelut
409 682 641 725 ‘terrebant'
665 691 733 724 aut
756 684 870 724 ‘satis
894 696 1059 736 magnae
1082 681 1234 721 timoris
1257 694 1400 721 causae
1422 680 1669 720 uidebantur'

181 754 243 794 uel
265 753 434 802 similia,
466 752 594 805 qualia
617 753 736 792 multa
758 751 799 791 in
820 758 990 792 mentem
1014 749 1192 791 uenient.
1226 747 1295 788 Ex
1316 749 1394 788 illis
1417 747 1537 802 igitur
1558 754 1670 800 quat-

181 829 269 862 tuor
300 821 429 861 causis
459 821 607 874 primae
630 820 724 860 nihil
746 820 938 859 adiectum
963 825 1045 868 est,
1070 817 1184 857 alteri
1209 830 1307 869 quae
1330 816 1537 856 subiuncta
1561 822 1667 865 sunt,

180 890 233 930 ita
256 896 346 930 sunt
378 889 630 941 refingenda:
659 893 806 941 ‘genus
831 887 1026 927 hominum
1043 917 1053 935 ,
1088 885 1149 926 cui
1173 885 1312 925 liceret
1332 884 1456 924 libere
1479 884 1609 924 facere
1633 890 1671 923 et

180 957 304 1010 sequi,
330 957 431 1010 quod
454 956 601 996 uellet'.
642 955 804 996 Tertiae
827 968 971 995 causae
996 954 1188 1008 ‘legiones
1211 966 1297 1001 eae,
1322 966 1420 1005 quae
1442 951 1556 1006 paulo
1579 958 1670 991 ante

179 1026 280 1079 apud
302 1025 553 1065 aduersarios
577 1023 744 1064 fuerant'
769 1024 949 1077 proxima
972 1021 1094 1062 uerba
1126 1035 1197 1074 per
1226 1021 1479 1074 parenthesin
1510 1019 1670 1073 adiungi

179 1101 362 1148 apparet:
400 1098 410 1116 ⁶
426 1106 513 1132 nam
537 1093 653 1133 etiam
678 1090 866 1133 Caesaris
894 1090 1127 1130 beneficium
1159 1095 1382 1129 mutauerat
1408 1088 1668 1136 consuetudo,

181 1176 256 1216 qua
277 1159 545 1202 offerrentur'.
583 1159 693 1200 Haec
715 1161 780 1209 iis,
804 1172 903 1213 quae
925 1164 1161 1211 sequuntur,
1187 1156 1371 1210 coniungi
1395 1171 1473 1196 non
1486 1162 1666 1210 possunt.

179 1228 316 1282 Itaque
340 1230 473 1269 exitus
496 1228 718 1269 sententiae
742 1228 873 1282 periit.
909 1226 1079 1267 Videtur
1101 1225 1318 1266 autemhoc
1333 1222 1486 1266 Caesar
1500 1223 1667 1273 dixisse,

179 1297 271 1337 licet
290 1297 379 1337 illae
401 1297 578 1350 legiones
601 1294 811 1337 aCaesare
832 1295 1063 1335 beneficium
1086 1294 1347 1347 accepissent,
1372 1293 1473 1346 quod
1487 1306 1555 1332 eos
1578 1306 1670 1332 con-

179 1371 396 1414 seruasset,
430 1371 557 1404 tamen
583 1364 655 1403 hoc
679 1363 960 1405 consuetudine
981 1363 1072 1403 belli
1095 1362 1221 1402 ciuilis
1244 1368 1433 1402 mutatum
1457 1374 1562 1411 esse,
1595 1374 1671 1413 qua

177 1432 250 1481 iis,
285 1432 347 1484 qui
369 1432 415 1471 ad
439 1432 602 1471 alteram
620 1439 769 1484 partem
802 1431 1040 1478 transirent,
1074 1430 1178 1470 ultro
1208 1429 1383 1483 praemia
1412 1429 1667 1469 offerrentur.

177 1499 406 1553 Sequuntur
428 1499 564 1548 uerba,
591 1499 730 1551 quibus
754 1506 893 1552 quarta
914 1512 1048 1547 causa,
1076 1504 1116 1538 ut
1138 1497 1234 1546 dixi,
1260 1496 1499 1546 declaratur,
1527 1495 1671 1536 ‘muni-

178 1569 277 1621 cipia
300 1568 414 1608 etiam
438 1566 606 1606 diuersis
629 1567 803 1618 partibus
826 1565 1066 1606 coniuncta'.
1110 1564 1199 1604 Hoc
1221 1565 1313 1605 dicit
1335 1562 1510 1614 Caesar,
1543 1563 1671 1604 muni-

176 1636 297 1689 cipia,
333 1648 385 1675 ex
417 1634 555 1686 quibus
584 1633 727 1673 milites
751 1631 988 1674 Curioniani
1011 1640 1124 1672 eraut
1147 1633 1377 1685 conscripti,
1400 1631 1590 1686 Pompeio
1614 1633 1671 1672 fa-

176 1716 285 1743 uere.
322 1701 398 1741 Hic
420 1708 529 1742 recte
547 1699 728 1755 Scaliger
749 1701 878 1755 posuit
902 1700 1098 1741 ‘aduersis
1120 1699 1325 1753 partibus'.
1361 1697 1548 1741 Caesaris
1566 1700 1670 1740 enim

175 1777 305 1812 aetate
327 1770 484 1809 diuersa
506 1769 737 1809 dicebantur
758 1768 797 1808 in
819 1769 1042 1809 contrarias
1057 1775 1190 1822 partes
1208 1767 1465 1817 discedentia,
1491 1767 1671 1821 opposita

175 1840 280 1879 inter
301 1851 344 1878 se
365 1837 551 1877 aduersa.
586 1836 717 1891 Atque
739 1851 790 1878 ex
812 1837 879 1877 illo
901 1850 1050 1891 genere
1072 1836 1204 1876 omnia
1225 1843 1332 1885 sunt,
1357 1833 1597 1888 quaeliritz.
1622 1835 1671 1875 ad

177 1904 274 1947 Sall.
312 1904 404 1945 Cat.
439 1920 476 1958 p.
507 1904 562 1945 30
594 1919 646 1946 ex
674 1905 961 1958 antiquioribus
994 1903 1192 1958 ascripsit.
1235 1902 1342 1944 Nam
1363 1903 1464 1957 apud
1487 1900 1574 1943 Cic.
1599 1917 1670 1957 pro

177 1972 293 2014 Cael.
318 1972 368 2023 5,
403 1972 457 2013 12
490 1977 639 2026 ‘neque
670 1987 742 2026 ego
774 1988 955 2027 umquam
989 1973 1111 2013 fuisse
1143 1971 1221 2012 tale
1243 1978 1462 2012 monstrum
1484 1972 1525 2012 in
1547 1972 1669 2012 terris

179 2042 295 2082 ullum
320 2048 427 2094 puto,
453 2048 532 2081 tam
555 2054 607 2081 ex
628 2042 841 2082 contrariis
855 2042 1101 2094 diuersisque
1124 2040 1228 2081 inter
1249 2053 1292 2080 se
1315 2039 1577 2094 pugnantibus
1599 2054 1669 2080 na-

178 2117 288 2150 turae
310 2108 448 2149 studiis
471 2109 832 2163 cupiditatibusque
855 2109 1094 2157 conflatum⁷,
1128 2108 1202 2148 nisi
1225 2108 1311 2161 quis
1334 2108 1456 2148 uerba
1482 2107 1604 2148 ‘inter
1624 2122 1669 2148 se

175 2176 455 2231 pugnantibus'
496 2178 628 2217 delere
670 2178 798 2227 malit,
845 2176 1039 2217 Lambino
1071 2176 1368 2217 assentiendum
1399 2182 1459 2215 est
1498 2183 1589 2216 ante
1622 2189 1669 2215 ea

176 2246 322 2297 ‘atque'
344 2244 552 2286 inserenti.
586 2244 690 2286 Tum
713 2247 842 2287 studia
865 2245 1029 2300 primum
1053 2244 1236 2284 dicuntur
1256 2243 1297 2283 in
1319 2243 1478 2284 diuersa
1505 2243 1669 2284 tenden-

174 2311 244 2361 tia,
268 2312 393 2365 iisque
406 2313 569 2366 grauius
583 2315 861 2367 superadditur
886 2313 1008 2353 ‘inter
1023 2326 1067 2353 se
1078 2310 1322 2366 pugnantia'.
1359 2308 1437 2351 Sed
1451 2310 1551 2365 apud
1566 2308 1668 2351 Cae-

174 2394 301 2420 sarem
313 2381 516 2433 sequentia
537 2386 678 2435 ‘neque
692 2383 794 2422 enim
809 2396 862 2423 ex
873 2380 1021 2423 Marsis
1034 2379 1289 2433 Pelignisque
1301 2379 1530 2427 ueniebant,
1552 2379 1668 2432 utqui

174 2448 379 2501 superiore
411 2449 546 2490 nocte'
588 2464 658 2503 per
698 2450 954 2503 parenthesin
993 2449 1146 2489 adiecta
1177 2448 1338 2488 fuerunt
1368 2447 1503 2488 eodem
1535 2447 1664 2496 modo,

175 2522 289 2568 atque
311 2517 425 2570 paulo
449 2519 704 2558 antefactum
727 2518 856 2558 docui.
906 2515 1050 2570 Neque
1073 2515 1243 2556 dubitari
1265 2522 1420 2570 potest,
1457 2515 1550 2568 quin
1572 2515 1668 2555 haec

174 2584 219 2622 de
242 2584 390 2625 duobus
420 2584 497 2625 illis
521 2586 818 2627 centurionibus
842 2587 944 2626 dicta
965 2585 1060 2632 sint,
1095 2598 1192 2638 quos
1209 2584 1415 2637 superiore
1443 2590 1558 2623 nocte
1580 2596 1667 2623 cum

175 2654 481 2706 manipularibus
505 2654 769 2709 transfugisse
792 2669 827 2694 c.
852 2653 907 2694 27
928 2653 1095 2694 relatum
1113 2659 1189 2693 est.
1235 2650 1293 2692 ‘N
1297 2653 1406 2704 eque'
1428 2658 1557 2691 autem
1574 2649 1668 2690 ferri

179 2733 255 2759 non
279 2735 393 2774 posse
415 2723 480 2763 uel
501 2723 592 2763 inde
614 2729 794 2776 apparet,
828 2721 930 2775 quod
953 2719 1143 2762 Curionis
1167 2720 1342 2773 legiones
1366 2733 1418 2760 ex
1440 2719 1535 2772 ipsis
1558 2716 1667 2757 Mar-

177 2787 231 2827 sis
254 2786 506 2842 Pelignisque
528 2804 551 2829 a
571 2789 624 2830 L.
648 2789 824 2831 Domitio
846 2790 1094 2841 conscriptae
1117 2794 1245 2838 erant,
1280 2788 1317 2827 id
1350 2787 1449 2840 quod
1471 2784 1506 2833 I,
1542 2783 1609 2833 15,
1640 2783 1666 2823 7

177 2862 380 2896 narratum
403 2863 477 2897 est.
510 2855 612 2898 Mihi
635 2864 785 2899 certum
808 2858 966 2901 uidetur
987 2856 1140 2910 ‘aeque’
1163 2855 1349 2910 scriptum
1373 2854 1496 2895 fuisse
1515 2852 1667 2893 ethaeo
