1835 3240
112 573 130 605 5

95 910 134 943 10

98 1250 136 1282 15

554 172 737 217 COMM.
763 172 841 217 VIl
865 170 990 216 CAP.
1014 170 1136 214 83—
1153 170 1224 213 86.
1636 170 1718 213 457

161 293 300 336 castris
322 303 412 332 sese
433 289 644 330 ostendere
666 294 898 343 coeperunt.
943 284 1257 339 Vercingetorix
1287 297 1339 324 ex
1369 297 1459 324 arce
1480 286 1638 327 Alesiae
1656 284 1719 330 84

159 374 251 402 suos
273 358 525 412 conspicatus
548 371 600 398 ex
623 357 763 412 oppido
777 356 1001 409 egreditur3
1026 354 1161 403 cratis,
1185 351 1406 406 longuri05‚
1431 353 1642 403 musculos,

160 428 280 469 falces
301 427 529 480 reliquaque
544 456 555 475 ‚
591 439 689 479 quae
712 423 932 478 eruptionis
954 436 1073 463 causa
1094 428 1321 475 parauerat,
1348 418 1512 473 profert.
1567 418 1646 460 Pu-
1666 421 1694 462 2

158 503 302 551 gnatur
325 509 400 535 uno
424 502 600 548 tempore
622 492 801 534 omnibus
825 491 939 541 locis,
965 497 1082 543 atque
1104 489 1232 529 omnia
1256 493 1520 542 temptantur:
1547 500 1648 539 quae

162 562 320 604 minime
342 563 428 602 uisa
449 576 539 617 pars
562 563 672 602 firma
694 567 770 609 est,
796 559 868 599 huc
891 558 1155 599 concurritur.
1221 555 1489 597 Romanorum
1510 567 1649 594 manus
1671 551 1697 593 3

157 632 278 672 tantis
310 629 593 670 munitionibus
625 628 836 669 distinetur
867 640 939 666 nec
971 625 1086 666 facile
1120 624 1294 679 pluribus
1323 623 1420 664 locis
1457 621 1647 662 occurrit.

160 698 329 740 Multum
353 698 401 738 ad
422 697 629 738 terrendos
652 703 811 737 nostros
833 694 941 735 ualet
973 693 1146 742 clamor,
1182 692 1245 746 qui
1278 699 1365 746 post
1396 698 1548 744 tergum
1580 704 1651 744 pu-
1671 688 1698 729 4

162 766 372 822 gnantibus
403 765 561 815 extitit,
596 765 698 818 quod
730 777 842 803 suum
874 762 1091 817 periculum
1123 760 1165 801 in
1195 761 1325 801 aliena
1356 760 1492 800 uident
1522 758 1654 799 salute

163 842 369 875 constare:
396 833 526 874 omnia
549 833 652 874 enim
674 833 930 887 plerumque,
964 843 1062 883 quae
1085 828 1253 878 absunt,
1289 827 1560 868 uehementius
1583 826 1653 867 ho·
1675 824 1700 866 5

167 903 311 943 minum
335 908 487 942 mentes
520 900 763 955 perturbant.
809 897 962 940 Caesar
992 897 1174 937 idoneum
1207 896 1333 936 locum
1366 902 1528 945 nactus,
1561 893 1653 947 quid
1670 892 1731 938 85

165 984 317 1024 quaque
332 983 385 1009 ex
406 976 517 1023 parte
532 975 709 1022 geratur,
735 966 963 1022 eognoscitg
989 964 1260 1006 laborantibus
1275 963 1497 1004 summittit.
1522 961 1654 1004 Vtris-
1675 961 1704 1002 2

165 1051 240 1091 que
262 1037 307 1077 ad
331 1037 499 1077 animum
523 1036 699 1077 occurrit
722 1050 838 1075 unum
861 1048 949 1075 esse
972 1034 1065 1074 illud
1087 1040 1256 1087 tempus,
1283 1046 1356 1085 quo
1379 1030 1550 1071 maxime
1563 1044 1656 1070 con—

166 1105 274 1145 tendi
297 1105 531 1146 conueniat:
569 1102 701 1154 Galli,
726 1103 801 1144 nisi
825 1101 1094 1157 perfregerint
1114 1100 1371 1150 munitiones,
1397 1100 1443 1140 de
1466 1097 1571 1138 omni
1595 1112 1658 1138 sa·
1679 1096 1706 1138 3

167 1174 246 1214 lute
264 1174 500 1228 desperant3
526 1172 713 1222 Romani,
740 1171 774 1212 si
787 1186 869 1212 rem
884 1170 1141 1225 optinuerint,
1166 1170 1280 1210 finem
1296 1167 1472 1209 laborum
1487 1166 1659 1206 omnium

171 1249 399 1296 expectant.
442 1239 624 1282 Maxime
646 1241 693 1281 ad
715 1240 942 1294 superiores
965 1237 1206 1279 munitiones
1224 1236 1442 1285 laboratur,
1468 1249 1543 1288 quo
1557 1233 1660 1276 Ver-
1682 1234 1708 1274 4

171 1310 504 1351 cassiuellaunum
526 1309 688 1350 missum
720 1308 1095 1349 demonstrauimus.
1145 1304 1324 1359 Iniquum
1354 1303 1430 1344 loci
1463 1303 1510 1344 ad
1541 1302 1661 1343 decli-

171 1378 334 1419 uitatem
357 1377 556 1432 fastigium
580 1391 764 1431 magnum
788 1377 906 1417 habet
927 1381 1183 1417 momentum.
1237 1373 1319 1414 Alii
1342 1372 1420 1413 tela
1443 1371 1659 1418 coniciunt,
1683 1368 1708 1410 5

171 1446 236 1486 alii
260 1446 455 1487 testudine
478 1447 577 1487 facta
592 1445 788 1498 subeunt3
814 1445 1036 1500 defatigatis
1058 1443 1236 1484 inuicem
1258 1441 1405 1495 integri
1427 1439 1659 1480 succedunt.

172 1514 311 1569 Agger
332 1513 379 1554 ab
402 1514 600 1554 uniuersis
621 1514 662 1554 in
684 1513 940 1554 munitionem
964 1512 1167 1553 coniectus
1190 1517 1229 1550 et
1250 1523 1459 1551 ascensum
1483 1508 1548 1548 dat
1569 1504 1663 1547 Gal·
1684 1503 1712 1546 6

171 1581 220 1622 lis
243 1589 283 1622 et
304 1596 350 1622 ea
365 1613 375 1632 ‚
410 1595 509 1637 quae
531 1582 572 1622 in
594 1589 701 1622 terra
723 1582 1022 1622 occultauerant
1042 1578 1239 1628 Romani,
1265 1577 1464 1632 contegit3
1490 1590 1562 1616 nec
1585 1576 1663 1616 iam

173 1664 282 1690 arma
305 1650 453 1690 nostris
476 1663 549 1690 nec
573 1650 679 1690 uires
701 1656 930 1704 suppetunt.
975 1648 1050 1689 His
1072 1647 1190 1689 rebus
1214 1646 1384 1700 cognitis
1409 1642 1562 1686 Caesar
1583 1641 1664 1684 La·
1681 1641 1741 1687 86

172 1719 331 1759 bienum
355 1733 440 1759 cum
463 1717 691 1758 cohortibus
714 1731 789 1758 sex
810 1717 985 1758 subsidio
1007 1715 1279 1757 laborantibus
1303 1714 1444 1754 mittit:
1479 1712 1661 1766 imperat,
1683 1710 1712 1752 2

174 1786 207 1826 si
231 1786 431 1827 sustinere
453 1800 531 1827 non
553 1793 713 1841 posset,
749 1786 925 1827 deductis
959 1784 1186 1826 cohortibus
1225 1782 1428 1837 eruptione
1451 1786 1665 1836 pugnaret3

175 1855 211 1894 id
236 1854 310 1895 nisi
334 1854 561 1896 necessario
584 1868 633 1895 ne
658 1854 788 1895 faciat.
833 1852 923 1909 Ipse
946 1853 1027 1894 adit
1048 1853 1242 1906 reliquos,
1268 1850 1515 1899 cohortatur,
1539 1861 1589 1889 ne
1610 1848 1668 1888 la·
1689 1844 1715 1887 3

320 1964 341 1995 2
359 1963 465 1995 cratis
484 1963 650 2004 Vrsinus,
672 1965 798 1995 castris
818 1964 847 1996 B
867 1963 1067 2005 ‘plurimi';
1088 1972 1105 1993 a
1126 1962 1252 1993 castris
1274 1960 1392 1992 bede.
1541 1956 1670 1989 mulcu-

178 2014 229 2045 los
248 2014 278 2045 B
298 2014 395 2046 ‘ms-9.
416 2014 461 2047 8⁷.
619 2015 637 2047 3
657 2015 789 2057 reliqua
808 2025 940 2057 queque
959 2025 1009 2047 er.
1030 2015 1071 2054 B,
1094 2014 1293 2054 reliquaque
1313 2022 1360 2043 er.
1383 2022 1413 2043 e.
1571 2017 1670 2050 para-

177 2069 275 2096 uerat
294 2064 421 2105 bede,
443 2070 652 2107 parauerunt
670 2065 699 2097 B
720 2064 898 2108 ‘reliqui'.
1040 2064 1169 2107 profert
1190 2074 1257 2095 om.
1278 2074 1307 2094 e.
1454 2063 1471 2093 4
1493 2057 1593 2100 locis]
1615 2068 1670 2089 oc-

177 2119 285 2150 currit
302 2118 386 2150 add.
408 2129 443 2158 c,
465 2119 593 2150 acriter
610 2118 693 2150 add.
718 2119 748 2150 b.
925 2127 989 2160 qua
1007 2128 1052 2148 ear
1070 2127 1139 2148 emo
1160 2116 1230 2147 det.
1252 2126 1287 2146 u.
1474 2114 1492 2144 5
1512 2111 1671 2143 minimae

177 2178 256 2199 cum
269 2172 407 2209 puncto
425 2169 487 2200 sub
507 2178 524 2199 a
544 2169 585 2200 B.
729 2169 806 2201 uisa
824 2179 893 2201 om.
918 2170 934 2200 Ι)
948 2179 977 2200 e.
1120 2167 1215 2199 firma
1236 2169 1329 2197 esset
1349 2165 1365 2196 b
1379 2175 1409 2196 e.
1550 2163 1567 2195 7
1580 2162 1673 2194 ualet

177 2219 236 2250 Be
257 2219 404 2260 ‘reliqui
414 2220 435 2260 ',
456 2219 568 2251 ualuit
587 2218 609 2250 d
626 2219 721 2251 And.
746 2219 864 2251 Ooeon.
1021 2224 1213 2261 postergum
1233 2217 1276 2248 B.
1436 2214 1455 2246 8
1475 2214 1608 2255 (extitit
1625 2213 1671 2253 B)

181 2270 301 2302 existit
319 2271 336 2302 b
350 2280 379 2301 e.
545 2270 685 2302 uideant
706 2271 736 2302 b.
916 2270 1027 2302 salute
1046 2271 1076 2301 A
1089 2270 1117 2301 B
1133 2269 1200 2301 CD
1216 2269 1233 2299 b
1246 2279 1262 2298 c
1281 2270 1314 2298 et
1330 2277 1399 2298 sec.
1420 2276 1466 2298 m.
1487 2276 1520 2306 a,
1543 2265 1671 2296 uirtute

179 2331 200 2352 a
211 2331 240 2352 e.
381 2321 400 2353 9
413 2325 573 2352 constare
587 2320 648 2363 (B)
660 2332 676 2353 e
691 2320 869 2363 ‘relc'qui’5
889 2319 1080 2353 consistere
1097 2319 1255 2352 ‘uidetur
1273 2318 1346 2360 legi
1365 2320 1401 2349 z'n
1415 2317 1437 2349 d
1448 2317 1543 2349 And.
1559 2329 1569 2348 .·
1589 2327 1672 2348 nam

180 2376 351 2414 emer-pta
371 2373 467 2404 nillil
483 2373 524 2404 de
542 2376 724 2406 uarietate
742 2375 889 2404 monent
902 2372 923 2405 ’.
1115 2371 1151 2404 11
1174 2370 1318 2414 quaque]
1340 2379 1405 2411 qua
1422 2369 1452 2400 B
1471 2369 1576 2400 ‘msa
1601 2367 1671 2400 ll’.

327 2435 369 2457 ex
388 2430 485 2468 parte
505 2426 536 2458 B
555 2428 654 2458 ‘ms-r.
677 2425 742 2466 13⁷,
763 2425 796 2456 in
815 2429 913 2468 parte
934 2425 951 2456 b
967 2424 1060 2456 cde.
1233 2418 1487 2462 laborantibus]
1508 2420 1675 2451 auxilium

187 2475 269 2507 add.
288 2476 333 2507 D.
475 2477 708 2515 summittitB,
730 2486 798 2508 non
819 2475 928 2507 subm.
1071 2474 1256 2516 utrimque,
1277 2472 1339 2504 sed
1350 2482 1441 2504 corr.
1457 2471 1534 2503 ead.
1548 2482 1610 2512 vn„
1630 2472 1674 2504 B.

327 2527 367 2560 12
386 2538 462 2559 esse
481 2529 564 2560 illud
585 2529 615 2561 B
635 2527 713 2560 edd.
735 2531 819 2558 (mle
837 2527 935 2566 Md„
958 2526 1042 2557 illud
1062 2535 1140 2558 esse
1160 2525 1274 2557 Aldus
1295 2535 1329 2554 11.
1528 2521 1674 2565 tempus]

184 2577 361 2619 praedicat
379 2579 462 2611 add.
485 2581 502 2611 b
516 2590 545 2611 e.
715 2579 755 2611 14
774 2578 984 2621 optinuerint
1002 2577 1044 2609 B.
1226 2576 1264 2608 15
1285 2578 1470 2617 expectant
1487 2574 1530 2606 B.

186 2628 547 2664 Vercassiuellauuum
567 2633 597 2664 B
615 2636 648 2664 et
666 2635 784 2663 cetera
803 2634 893 2673 utp.
916 2630 993 2671 456,
1020 2630 1070 2662 18.
1270 2629 1309 2661 16
1329 2627 1479 2670 iniquum
1497 2627 1558 2658 Ba
1580 2626 1676 2658 ‘reli-

186 2684 250 2723 qui
266 2683 410 2722 omnes',
431 2683 588 2724 exiguum
607 2694 624 2714 e
642 2683 738 2715 And.
754 2682 872 2714 Ooeon.
1016 2680 1265 2723 decliuitatem]
1286 2680 1474 2711 adscensus
1485 2679 1530 2710 J).

192 2736 228 2767 19
249 2744 429 2766 ascensum
448 2735 491 2767 B.
721 2735 764 2768 20
784 2736 815 2766 in
837 2740 930 2766 terra
950 2734 1008 2765 Be
1027 2733 1184 2775 reliqui,
1207 2733 1238 2764 in
1259 2737 1384 2764 terram
1406 2730 1429 2762 d
1444 2730 1538 2762 And.
1562 2730 1675 2761 Oxou.

331 2786 374 2817 23
393 2790 508 2826 posset
525 2785 776 2827 Louaniensls,
798 2785 907 2828 possit
924 2785 1070 2826 reliqui.
1246 2786 1413 2826 pugnaret
1431 2782 1460 2812 B
1478 2783 1513 2811 et
1529 2780 1675 2821 reliqui,

189 2842 313 2880 pugnet
333 2837 350 2867 b
364 2847 394 2867 e.
415 2837 453 2868 P.
473 2837 530 2869 84.
671 2838 715 2870 24
733 2836 822 2879 adit]
842 2837 883 2868 ad
904 2837 935 2868 id
957 2837 1023 2876 be,
1045 2835 1076 2867 id
1097 2847 1127 2867 e.
1292 2834 1492 2866 cohortatur
1511 2843 1538 2871 ι’,
1560 2831 1679 2864 cohor-

192 2895 282 2920 tatus
302 2889 331 2921 B
352 2889 447 2921 ‘mss.
473 2888 534 2923 12'.
