1835 3240
607 163 789 209 COMM.
814 163 854 207 II
885 162 1009 208 CAP.
1032 162 1234 208 27—29.
1661 165 1742 209 307

187 289 333 338 egerat.
396 279 482 321 Hoc
521 278 671 334 proelio
704 279 806 319 facto
840 278 1027 333 et‘prope
1057 277 1105 319 ad
1134 277 1447 318 internecionem
1478 287 1594 332 gente
1616 295 1662 322 ac
1681 282 1740 326 28

186 350 341 392 nomine
361 347 606 389 Neruiorum
637 348 796 388 redacto
827 347 996 387 maiores
1026 353 1147 394 natu,
1182 359 1279 398 quos
1311 358 1388 385 una
1417 359 1504 385 cum
1534 349 1664 399 pueris

183 417 489 469 mulieribusque
520 416 560 456 in
590 416 789 456 aestuaria
819 429 866 455 ac
898 414 1057 468 paludes
1081 414 1281 454 coniectos
1303 413 1532 453 dixeramus
1550 444 1560 462 ,
1594 415 1665 455 hac

184 499 313 539 pugna
334 483 530 534 nuntiata,
555 498 640 523 cum
662 482 878 523 uictoribus
902 482 999 522 nihil
1020 481 1258 535 impeditum,
1285 481 1401 521 uictis
1426 479 1521 519 nihil
1542 487 1667 521 tutum

185 552 488 602 arbitrarentur,
515 551 683 591 omnium
699 582 709 601 ,
735 550 800 604 qui
821 557 1079 602 supererant,
1104 563 1300 590 consensu
1322 550 1474 601 legatos
1497 548 1544 588 ad
1567 545 1669 588 Cae·
1689 549 1717 589 2

185 634 311 661 sarem
335 621 527 661 miserunt
557 632 678 671 seque
701 618 736 658 ei
758 617 990 658 dediderunt
1011 624 1051 658 et
1071 617 1112 656 in
1134 616 1474 657 commemoranda
1497 615 1667 656 ciuitatis

184 689 407 728 calamitate
429 701 480 727 ex
502 686 703 727 sexcentis
727 686 774 726 ad
795 692 876 726 tres
899 691 1121 734 senatores,
1148 697 1200 724 ex
1221 684 1418 724 hominum
1441 682 1595 723 milibus
1607 690 1670 723 LX

180 757 252 796 'uix
276 757 325 796 ad
358 756 618 809 quingentos,
653 755 716 806 qui
747 767 855 794 arma
885 754 991 793 ferre
1023 758 1210 806 possent,
1245 765 1334 792 sese
1365 752 1546 792 redactos
1579 765 1668 792 esse

183 824 381 864 dixerunt.
440 821 550 875 Quos
574 819 727 863 Caesar
742 852 752 871 ,
786 828 829 861 ut
859 821 901 860 in
921 821 1089 860 miseros
1112 834 1158 860 ac
1180 819 1373 873 supplices
1397 834 1491 860 usus
1514 819 1667 860 miseri-
1689 818 1714 860 3

110 899 151 932 10
183 891 317 932 cordia
339 892 565 940 uideretur,
599 887 901 942 diligentissime
930 888 1188 928 conseruauit
1209 887 1367 940 suisque
1389 887 1529 927 linibus
1551 895 1668 941 atque

184 958 332 1013 oppidis
354 958 410 998 uti
430 958 546 999 iussit
568 964 607 998 et
627 956 803 997 finitimis
825 956 1061 1010 imperauit,
1094 962 1136 995 ut
1168 954 1215 995 ab
1247 955 1395 995 iniuria
1415 963 1454 995 et
1475 955 1668 996 maleficio

181 1040 225 1067 se
247 1040 418 1079 suosque
440 1026 708 1080 prohiberent.

294 1094 518 1142 Aduatuci,
553 1094 599 1133 de
629 1093 767 1146 quibus
799 1105 918 1146 supra
939 1091 1168 1146 scripsimus
1184 1122 1194 1142 ,
1232 1105 1316 1131 cum
1341 1090 1520 1131 omnibus
1544 1089 1667 1144 copiis
1688 1089 1743 1134 29

183 1162 330 1202 auxilio
353 1161 517 1203 Neruiis
540 1162 747 1211 uenirent,
781 1161 854 1200 hac
883 1173 1014 1214 pugna
1044 1159 1226 1199 nuntiata
1258 1173 1311 1199 ex
1339 1158 1481 1199 itinere
1514 1158 1669 1198 domum

109 1237 150 1270 15
181 1237 458 1281 reuerterunt3
504 1230 656 1270 cunctis
699 1227 850 1283 oppidis
881 1227 1133 1280 castellisque
1163 1226 1331 1266 desertis
1364 1240 1434 1266 sua
1467 1225 1598 1265 onmia
1628 1225 1669 1265 in
1690 1224 1717 1264 2

184 1312 302 1337 unum
324 1297 503 1351 oppidum
526 1297 687 1351 egregie
710 1304 852 1337 natura
883 1296 1075 1336 munitum
1106 1295 1373 1335 contulerunt.
1438 1291 1551 1345 Quod
1584 1307 1669 1333 cum
1692 1291 1716 1332 3

184 1379 237 1405 ex
258 1365 436 1406 omnibus
465 1365 506 1405 in
535 1365 700 1405 circuitu
722 1364 896 1418 partibus
919 1363 1130 1404 altissimas
1152 1376 1269 1416 rupes
1292 1362 1578 1415 despectusque
1602 1361 1670 1401 ha-

184 1432 309 1483 beret,
347 1447 426 1477 una
448 1446 499 1473 ex
521 1440 632 1486 parte
654 1432 799 1472 leniter
820 1431 983 1472 adclinis
1005 1431 1133 1472 aditus
1155 1430 1195 1470 in
1216 1429 1461 1469 latitudinem
1486 1444 1564 1469 non
1588 1443 1669 1468 am-

182 1501 281 1554 plius
305 1501 563 1541 ducentorum
584 1501 722 1555 pedum
745 1500 1062 1553 relinquebatur3
1101 1512 1213 1552 quem
1244 1499 1374 1538 locum
1396 1496 1538 1550 duplici
1561 1496 1670 1536 altis-

106 1575 149 1610 20
180 1568 278 1608 simo
301 1583 410 1608 muro
432 1568 682 1609 munierant:
708 1574 787 1607 tum
800 1567 929 1621 magni
954 1566 1139 1621 ponderis
1153 1580 1254 1607 saxa
1276 1573 1315 1605 et
1337 1571 1571 1619 praeacutas
1591 1571 1670 1605 tra-

180 1636 250 1676 bes
271 1635 312 1676 in
333 1651 444 1676 muro
467 1636 741 1676 conlocabant.
785 1633 865 1689 Ipsi
889 1642 1004 1675 erant
1026 1649 1078 1676 ex
1099 1632 1270 1675 Cimbris
1286 1631 1560 1687 Teutonisque
1581 1647 1670 1687 pro·
1692 1633 1719 1673 4

180 1704 305 1759 gnati,
330 1705 409 1757 qui,
435 1718 521 1744 cum
543 1704 620 1744 iter
641 1703 680 1743 in
702 1702 944 1757 prouinciam
968 1709 1144 1743 nostram
1167 1709 1283 1755 atque
1296 1700 1449 1741 Italiam
1472 1701 1666 1751 facerent,

179 1772 227 1812 iis
250 1772 552 1826 impedimentis,
578 1785 676 1824 quae
699 1784 830 1811 secum
854 1783 973 1824 agere
995 1784 1041 1810 ac
1062 1777 1222 1824 portare
1244 1784 1324 1810 non
1348 1775 1544 1823 poterant,
1570 1769 1672 1809 citra

180 1840 321 1880 flumen
341 1839 524 1881 Rhenum
548 1839 735 1894 depositis
759 1839 976 1880 custodiam
1000 1853 1053 1879 ex
1075 1838 1157 1879 suis
1180 1853 1224 1879 ae
1246 1837 1482 1893 praesidium
1504 1851 1579 1878 sex
1600 1837 1672 1877 mi-

136 561 153 593 01

183 2044 305 2079 gerant
326 2039 354 2071 C
372 2042 407 2070 et
422 2049 468 2070 m.
488 2050 556 2071 sec.
576 2039 618 2071 B.
764 2040 775 2071 l
799 2040 1068 2071 internecionem
1089 2038 1211 2080 (AB),
1232 2036 1494 2068 internicionem
1512 2037 1589 2079 Es,
1620 2036 1669 2068 in-

182 2090 399 2122 ternitionem
416 2091 463 2122 D.
573 2094 673 2131 gente
693 2091 871 2131 agnomine
891 2092 919 2122 B
934 2092 974 2124 C.
1071 2092 1089 2123 3
1110 2091 1283 2123 coniectos
1304 2088 1568 2130 Claudat-pias,-
1589 2100 1667 2120 con—

180 2142 288 2173 lectos
307 2142 389 2184 (A),
411 2141 576 2174 collectos
595 2142 730 2183 reliqui
746 2142 847 2174 codd.
869 2142 951 2175 th.
973 2153 1003 2174 c.
1026 2141 1086 2183 16,
1107 2144 1139 2174 5.
1282 2139 1358 2182 hac]
1378 2150 1417 2171 ac
1435 2141 1468 2172 A
1483 2140 1551 2172 BC
1567 2144 1603 2172 et
1620 2151 1666 2172 m.

174 2203 233 2234 pr.
255 2193 286 2224 b.
525 2194 543 2226 5
562 2199 766 2235 superarent
785 2205 863 2226 cum
882 2205 902 2226 a
920 2204 1028 2236 super
1045 2205 1062 2226 e
1080 2194 1233 2225 ultimae
1251 2203 1318 2224 sec.
1339 2203 1385 2223 m.
1401 2194 1524 2234 posita
1542 2193 1591 2231 B,
1613 2203 1669 2224 su-

177 2248 337 2286 perarant
357 2243 399 2276 C.
550 2244 569 2277 7
588 2256 634 2276 nc
656 2245 730 2287 (B).
867 2256 904 2277 ιιι
923 2246 997 2288 (Β).
1140 2245 1160 2278 8
1178 2256 1197 2276 ο
1217 2244 1290 2286 (B).
1432 2254 1509 2275 sese
1528 2254 1596 2275 om.
1618 2254 1664 2275 m.

174 2305 232 2337 pr.
254 2295 284 2327 b.
449 2295 486 2327 11
506 2295 640 2328 iniuriis
661 2297 692 2328 b.
855 2297 893 2330 13
912 2297 1083 2330 Aduatuci
1104 2297 1200 2328 ‘mss.
1220 2296 1388 2328 meliores
1398 2295 1419 2334 ⁹,
1440 2297 1600 2328 Atuatuci
1621 2297 1664 2328 B.

323 2347 363 2379 de
382 2347 503 2389 quibus
523 2358 625 2390 supra
643 2348 841 2391 scripsimus
861 2360 929 2381 om.
950 2359 998 2381 m.
1016 2359 1073 2391 pr.
1096 2349 1136 2389 b,
1164 2348 1204 2379 de
1223 2358 1254 2389 q.
1277 2358 1304 2379 s.
1324 2348 1519 2389 diximuss.

181 2398 221 2431 14
239 2398 316 2441 hac]
336 2409 375 2430 ac
393 2399 464 2430 AB
481 2399 521 2431 C.
663 2410 705 2431 ex
725 2400 811 2431 itere
831 2401 875 2437 A,
896 2411 937 2432 ex
955 2401 1051 2432 inere
1069 2409 1231 2442 suprasc.
1254 2399 1277 2430 ti
1299 2399 1339 2431 C.
1472 2399 1512 2431 15
1532 2400 1665 2431 reuersi

181 2453 259 2479 sunt
277 2449 307 2480 b.
458 2449 589 2491 oppidis
610 2454 644 2481 et
661 2450 818 2482 castellis
837 2451 909 2482 des.
933 2451 962 2482 b.
1129 2451 1170 2483 18
1189 2449 1334 2481 adclinis
1353 2450 1395 2481 B.
1548 2450 1666 2482 latitu-

180 2499 256 2531 dine
277 2499 313 2540 C,
334 2500 551 2533 altitudinem
570 2501 620 2541 A,
641 2502 823 2534 altitudine
840 2503 873 2534 D
894 2502 1000 2544 idque
1017 2505 1053 2534 z'n
1071 2505 1102 2534 B
1117 2514 1186 2535 sec.
1207 2513 1254 2534 m.
1274 2505 1549 2545 suprascripsit.

182 2549 221 2581 11.)
241 2550 459 2583 ducentorum
477 2551 538 2584 mit
561 2553 683 2595 pedum
701 2553 749 2594 B,
779 2563 816 2584 cc
835 2553 963 2586 milium
982 2555 1104 2597 pedum
1127 2556 1166 2587 C.
1407 2555 1450 2589 20
1472 2553 1666 2585 munierunt

179 2600 318 2642 DEGJ·
489 2603 528 2637 21
550 2603 778 2636 conlocabant
795 2605 846 2646 B,
868 2605 1084 2637 collocabant
1102 2606 1135 2637 A
1148 2605 1262 2637 CDE
1277 2607 1312 2636 et
1328 2613 1375 2635 m.
1395 2614 1464 2635 sec.
1486 2605 1536 2645 Β,-
1558 2604 1664 2636 collo-

180 2652 352 2693 carantf,
373 2653 587 2687 collocarunt
601 2666 637 2697 e,
667 2656 925 2689 collocauerant
944 2658 975 2689 b.
1139 2658 1183 2692 22
1200 2658 1267 2689 iter
1283 2667 1344 2699 per
1360 2656 1571 2698 prouinciam
1589 2657 1607 2687 b
1627 2659 1662 2687 et

174 2711 242 2743 pro
262 2712 340 2733 nar.
361 2703 438 2735 lect.
462 2705 502 2737 C.
640 2707 684 2741 23
703 2707 744 2739 iis
763 2707 821 2749 (B)
839 2708 932 2748 CD,
954 2708 983 2740 is
1002 2709 1051 2746 E,
1073 2708 1124 2740 his
1142 2709 1215 2751 Af.
1364 2708 1455 2739 circa
1473 2709 1594 2739 numen
1617 2707 1657 2739 C.

321 2752 365 2786 24
383 2754 556 2796 depositus
572 2756 614 2788 B.
791 2759 983 2790 custodiam
1002 2769 1044 2790 ex
1061 2759 1132 2791 suis
1151 2769 1191 2790 ac
1211 2757 1420 2801 praesidium
1438 2758 1471 2789 A
1485 2758 1516 2788 D
1529 2758 1580 2797 E,
1601 2768 1660 2787 ru-

181 2804 316 2887 stodiael
330 2814 371 2835 ex
388 2806 457 2838 suis
476 2817 514 2839 ae
532 2809 704 2850 praesidio
721 2810 751 2841 B
767 2810 918 2852 (diserto
938 2810 1098 2851 testim.)
1121 2811 1148 2843 C
1162 2812 1228 2853 es,
1259 2809 1450 2841 custodiam
1470 2818 1510 2839 ex
1529 2808 1600 2840 suis
1620 2817 1658 2839 ae

179 2855 293 2898 praesi
321 2855 351 2887 io
372 2856 428 2888 be.

1372 2913 1459 2956 20*
