1835 3240
83 918 122 951 10

82 1256 121 1289 15

684 182 874 227 CAPVT
907 181 1101 224 19—2‘2‚
1633 179 1716 222 729

156 309 196 343 et
216 299 341 341 saucii
362 299 510 352 aliquot
532 298 762 339 occiderunt
783 298 862 338 leui
883 303 1097 337 armatura.
1140 293 1203 336 Ea
1234 300 1349 334 nocte
1371 295 1637 349 speculatores
1660 293 1684 334 5

155 368 287 423 prensi
318 366 425 407 serui
448 374 492 406 III
522 374 562 407 et
583 380 682 406 unus
705 380 758 406 ex
780 365 935 419 legione
957 363 1183 405 uernacula.
1229 359 1347 402 Serui
1369 370 1458 402 sunt
1490 363 1529 402 iu
1552 376 1639 403 cru-

155 450 238 476 cem
261 434 419 486 sublati,
444 435 557 475 militi
579 434 756 475 ceruices
780 433 972 473 abscisae.
1007 431 1179 473 Postero
1202 431 1263 471 die
1280 429 1431 483 equites
1454 445 1537 469 cum
1560 430 1638 471 leui
1663 429 1714 474 21

155 510 357 543 armatura
388 517 440 543 ex
469 502 787 543 aduersariorum
821 501 962 540 castris
993 500 1038 540 ad
1064 514 1136 540 nos
1159 499 1475 551 transfugerunt.
1519 496 1572 536 Et
1594 512 1640 537 eo
1661 496 1687 537 2

161 578 334 624 tempore
357 571 516 611 circiter
536 577 598 610 XL
619 569 771 622 equites
793 568 840 608 ad
873 574 1083 620 aquatores
1117 574 1274 608 nostros
1304 571 1638 613 excucurrerunt,

155 639 365 679 nonnullos
395 638 702 685 interfecerunt,
736 637 828 676 item
859 636 955 676 alios
989 635 1103 675 uiuos
1134 635 1409 683 abduxerunt3
1452 647 1472 673 e
1505 632 1642 685 quibus

159 708 262 760 capti
285 713 376 747 sunt
398 706 550 758 equites
572 711 664 744 VIII.
707 702 938 757 Insequenti
961 703 1022 743 die
1043 702 1256 756 Pompeius
1287 702 1416 743 securi
1448 700 1642 755 percussit
1663 698 1688 739 3

156 775 332 816 homines
354 780 513 814 LXXIIII
528 803 538 823 ,
574 773 636 825 qui
660 772 889 813 dicebantur
911 785 1001 811 esse
1023 772 1197 810 fautores
1222 768 1409 811 Caesaris
1431 768 1639 817 uictoriae,

154 843 327 896 reliquos
356 855 514 881 uersum
537 841 716 894 oppidum
738 840 855 880 iussit
876 838 1037 888 deduci3
1072 852 1124 878 ex
1145 838 1281 890 quibus
1304 838 1528 891 effugerunt
1549 843 1644 876 CXX

155 917 194 951 et
214 911 261 950 ad
285 908 500 950 Caesarem
524 915 734 949 uenerunt.
778 907 865 948 Hoc
888 907 1100 962 praeterito
1124 913 1324 959 tempore,
1355 906 1420 958 qui
1441 905 1481 945 iu
1503 904 1641 958 oppido
1662 902 1718 947 22

154 979 312 1032 Ategua
334 977 641 1019 Vrsauonenses
664 977 765 1030 capti
787 983 899 1025 sunt,
926 975 1043 1028 legati
1066 974 1230 1028 profecti
1252 981 1344 1014 sunt
1365 988 1449 1013 cum
1473 973 1638 1023 nostris,

154 1047 209 1086 uti
238 1059 319 1085 rem
354 1053 504 1099 gestam
526 1043 878 1085 Vrsauonensibus
900 1045 1122 1091 referrent,
1148 1041 1237 1094 quid
1261 1048 1471 1095 sperarent
1491 1041 1538 1081 de
1560 1039 1638 1081 Cn.

152 1112 358 1167 PompeiO,
384 1127 469 1153 cum
492 1112 673 1153 uiderent
695 1112 868 1166 hospites
890 1110 1085 1165 iugulari,
1120 1116 1327 1163 praeterea
1348 1109 1470 1149 multa
1492 1110 1645 1150 scelera

155 1181 201 1221 ab
224 1182 272 1221 iis
294 1181 395 1231 fieri,
422 1181 486 1234 qui
509 1180 690 1234 praesidii
715 1194 833 1221 eausa
864 1180 910 1221 ab
944 1179 1003 1219 his
1032 1177 1320 1232 reciperentur.
1366 1174 1444 1229 Qui
1476 1191 1564 1217 cum
1597 1177 1644 1217 ad
1665 1177 1691 1219 2

155 1250 333 1303 oppidum
358 1249 578 1298 uenissent,
604 1248 754 1298 nostri,
780 1249 844 1301 qui
867 1249 1036 1289 fuissent
1057 1246 1208 1299 equites
1230 1244 1402 1285 Romani
1425 1252 1464 1285 et
1485 1253 1644 1286 senato—

154 1331 235 1367 res,
261 1331 338 1357 non
361 1324 452 1357 sunt
474 1317 560 1357 ausi
582 1316 748 1357 introire
771 1316 810 1356 in
834 1316 1028 1369 oppidum,
1054 1321 1330 1369 praeterquam
1354 1313 1420 1366 qui
1442 1314 1527 1354 eius
1550 1313 1645 1353 ciui-

157 1385 249 1425 tatis
273 1384 455 1426 fuissent.
501 1382 678 1437 Quorum
710 1384 916 1438 responsis
948 1385 1052 1424 ultro
1084 1382 1261 1434 citroque
1293 1381 1464 1434 acceptis
1497 1388 1538 1422 et
1558 1382 1646 1422 red·
1669 1382 1693 1422 3

156 1453 247 1494 ditis
279 1453 443 1496 eumad
474 1460 633 1493 nostros
665 1466 708 1493 se
740 1453 988 1506 reciperent,
1023 1451 1086 1505 qui
1117 1457 1231 1491 extra
1255 1450 1437 1504 oppidum
1459 1450 1643 1500 fuissent,

154 1521 211 1562 illi
242 1521 439 1575 praesidio
470 1521 639 1561 insecuti
671 1535 724 1561 ex
752 1520 962 1561 auersione
984 1520 1137 1574 legatos
1159 1519 1398 1573 iugularunt.
1441 1516 1531 1559 Duo
1552 1518 1646 1559 reli-

156 1590 221 1643 qui
251 1603 303 1630 ex
334 1590 391 1630 eis
424 1590 635 1644 fugerunt,
662 1586 831 1630 Caesari
852 1603 934 1630 rem
958 1594 1108 1643 gestam
1132 1587 1357 1628 detulerunt
1381 1617 1580 1626 ......
1606 1594 1646 1627 et

156 1658 426 1711 speculatores
466 1658 512 1698 ad
554 1658 732 1712 oppidum
765 1657 963 1711 Ateguam
996 1657 1202 1698 miserunt.
1257 1653 1335 1708 Qui
1375 1669 1463 1696 cum
1495 1661 1646 1696 certum
1667 1654 1694 1695 4

155 1726 440 1779 comperissent
472 1726 693 1780 legatorum
725 1739 918 1780 responsa
948 1726 1003 1766 ita
1033 1739 1122 1766 esse
1153 1731 1287 1779 gesta,
1322 1723 1645 1778 quemadmodum

153 1793 210 1834 illi
230 1793 479 1843 retulissent,
503 1794 550 1834 ab
573 1794 778 1848 oppidanis
800 1807 996 1835 concursu
1017 1794 1120 1834 facto
1143 1807 1247 1843 eum,
1271 1792 1336 1846 qui
1358 1792 1510 1846 legatos
1531 1791 1646 1845 iugu-

157 1861 292 1911 lasset‚
320 1862 494 1915 lapidare
527 1869 567 1903 et
595 1863 632 1902 ei
662 1877 802 1903 manus
823 1862 1020 1904 intentare
1042 1868 1282 1915 coeperunt:
1316 1860 1421 1901 illius
1451 1872 1572 1914 opera
1602 1873 1646 1900 se

108 1936 122 1943 ⁹
156 1929 320 1982 perisse.
359 1927 419 1969 Ita
440 1930 510 1969 uix
533 1930 706 1983 periculo
728 1930 918 1971 liberatus
941 1930 1054 1984 petiit
1075 1929 1122 1969 ab
1144 1929 1365 1984 oppidanis,
1391 1934 1431 1968 ut
1452 1928 1489 1969 ei
1508 1927 1648 1968 liceret
1668 1926 1692 1966 5

158 1995 330 2049 legatum
365 1997 410 2036 ad
435 1992 650 2038 Caesarem
673 1998 898 2052 proficisci:
932 1998 988 2038 illi
1017 2011 1061 2038 se
1083 1998 1395 2038 satisfacturum.
1440 1993 1646 2036 Potestate
1667 1994 1694 2035 6

157 2065 247 2104 data
270 2079 355 2105 eum
378 2065 467 2104 inde
490 2073 597 2106 esset
615 2066 829 2121 profectus,
855 2066 1052 2120 praesidio
1076 2072 1318 2119 comparato,
1343 2078 1428 2104 cum
1443 2063 1544 2104 bene
1565 2077 1646 2104 ma-

157 2146 272 2187 guam
294 2147 452 2174 manum
476 2134 638 2175 fecisset
658 2141 697 2187 et
719 2141 912 2174 nocturno
935 2141 1111 2188 tempore
1143 2147 1213 2188 per
1242 2132 1437 2173 fallaciam
1468 2131 1509 2171 in
1539 2131 1647 2186 oppi-

157 2201 245 2241 dum
277 2208 384 2242 esset
414 2209 620 2258 receptus,
655 2202 939 2256 iugulationem
972 2216 1155 2256 magnam
1186 2202 1279 2242 facit
1310 2199 1643 2256 principibusque,

299 2321 314 2353 1
336 2321 406 2352 leui
425 2332 446 2353 ιι
466 2322 496 2362 Ι),
518 2332 559 2353 ex
578 2321 647 2353 leui
665 2332 700 2353 u.
721 2321 761 2353 P.
781 2322 837 2356 26.
1025 2322 1046 2355 2
1063 2322 1177 2364 prensi
1195 2331 1216 2353 a
1236 2322 1267 2361 b,
1288 2320 1449 2363 prehensi
1466 2330 1498 2352 u.

155 2373 175 2405 3
194 2373 294 2405 militi
313 2374 333 2405 4
351 2374 441 2406 dett.
465 2374 513 2406 ‘et
531 2374 629 2414 alii’,
650 2374 815 2406 militibus
834 2384 855 2405 α
873 2373 1018 2415 reliqui.
1184 2375 1205 2406 4
1224 2378 1258 2405 et
1275 2384 1344 2405 om.
1371 2374 1402 2404 b.
1567 2371 1586 2404 5
1604 2381 1647 2403 xz.

155 2434 231 2465 ego,
251 2435 285 2457 xi
304 2425 404 2459 codd.
422 2426 462 2457 P.
482 2426 560 2459 239.
703 2430 934 2458 excurrerunt
953 2426 1049 2458 ‘ms-⁹.
1065 2425 1257 2468 plerique'.
1398 2425 1416 2458 6
1430 2425 1648 2457 adduxerunt

157 2484 179 2505 a
199 2475 294 2508 ‘ms-s,
310 2476 491 2517 plurimi'.
679 2487 695 2508 e
716 2478 838 2519 quibus
856 2487 876 2509 a
897 2478 929 2516 I),
949 2488 990 2509 ex
1010 2477 1183 2519 equitibus
1202 2488 1238 2509 u.
1417 2476 1438 2508 8
1456 2486 1558 2507 Lxxiv
1575 2474 1643 2517 (a).

300 2529 318 2561 9
338 2540 474 2561 uersum
493 2540 514 2561 a
534 2531 564 2571 b,
587 2530 620 2561 iu
640 2530 754 2562 Aldus
772 2540 808 2562 u.
953 2529 1114 2570 fugerunt
1131 2540 1167 2561 α.
1309 2529 1350 2561 10
1368 2529 1556 2572 praeterito
1575 2539 1644 2560 om.

159 2580 188 2610 b.
332 2580 369 2612 11
383 2580 515 2622 Ategua
533 2581 649 2613 Aldus
668 2584 702 2613 ι’11
722 2591 829 2621 corr„
851 2580 1009 2613 Articula
1027 2581 1129 2613 codd.
1270 2579 1531 2613 Vrsauonenses
1550 2583 1583 2610 ct
1607 2579 1646 2612 ¹2

155 2629 454 2664 Vrsauoneusibus
469 2632 723 2675 Glandorpz‘as,
742 2633 1021 2665 Bursauonenses
1041 2636 1075 2665 et
1087 2632 1410 2666 Bursauonensibus
1429 2644 1449 2664 a
1466 2633 1496 2664 b.
1509 2632 1549 2664 P.
1564 2630 1644 2663 239.

302 2684 473 2724 prosecuti
494 2685 524 2716 b.
677 2687 717 2718 14
736 2684 793 2727 iis]
814 2685 842 2717 is
860 2696 893 2725 a,
917 2685 968 2717 his
978 2686 1016 2727 s.
1166 2683 1234 2726 his]
1255 2685 1284 2718 is
1302 2695 1337 2717 α.
1479 2694 1553 2714 cum
1572 2692 1641 2714 om.

156 2733 255 2765 codd.
269 2746 278 2764 s
302 2734 377 2766 ‘secl
392 2737 525 2767 rectius
543 2737 679 2769 abesset
697 2738 779 2780 qui'.
985 2738 1024 2770 17
1037 2748 1178 2780 quorum
1195 2756 1241 2761 ——
1259 2737 1332 2778 (18)
1354 2736 1503 2768 fuissent
1521 2745 1590 2767 0111.
1610 2736 1640 2768 b.

302 2785 421 2817 reditis
441 2796 474 2817 (ι.
617 2787 722 2821 191111
741 2788 856 2829 codd.5
879 2789 929 2820 illi
948 2789 988 2821 dc
1007 2799 1042 2821 u.
1181 2789 1361 2821 auersionc
1373 2787 1501 2827 Aldus,
1523 2787 1645 2818 aduer-

157 2838 251 2868 sionc
271 2837 372 2870 codd.
528 2838 571 2870 20
591 2849 631 2871 cx
650 2840 700 2872 eis
722 2840 847 2880 “m-ss),
867 2840 917 2872 eis
937 2851 979 2881 a,-
999 2841 1055 2884 qui
1074 2851 1116 2873 ex
1135 2842 1185 2873 eis
1206 2851 1238 2872 ιι.
1378 2838 1559 2871 Lacunam
1580 2847 1643 2879 ego

160 2892 297 2922 notaui,
317 2890 354 2922 P.
371 2890 436 2922 *239
457 2893 551 2922 coelr.
693 2892 735 2926 25
749 2892 780 2924 ei
799 2902 866 2924 om.
885 2893 915 2925 b.
1053 2894 1138 2927 2801
1156 2902 1223 2924 om.
1246 2902 1266 2922 (ι
1281 2891 1311 2922 b.
1453 2890 1494 2923 20
1508 2889 1591 2923 fecit
1610 2890 1640 2921 b.
