1835 3240
659 182 847 228 CAPVT
878 182 1075 224 11-15,
1601 184 1681 227 671

126 301 326 343 sinistrum
349 311 474 338 cornu
495 298 646 352 magnis
669 298 842 352 equitum
866 297 988 351 copiis
1010 297 1279 337 firmauerunt.
1317 294 1482 337 Interim
1506 296 1608 340 Cae-
1628 298 1657 341 2

124 382 190 409 sar
209 366 333 407 aciem
355 365 486 419 dirigit
507 365 746 420 simplicem,
770 372 813 406 ut
834 373 990 420 poterat
1011 372 1172 420 propter
1192 363 1453 418 paucitatem,
1487 366 1606 421 sagit-

124 435 246 475 tarios
268 441 360 474 ante
382 434 506 474 aciem
529 434 754 483 constituit,
787 433 939 486 equites
970 434 1112 473 dextro
1134 432 1373 485 sinistroque
1396 445 1519 473 cornu
1541 448 1607 487 op—

120 502 231 556 ponit
261 508 301 542 et
329 502 384 542 ita
414 502 624 555 praecipit,
666 507 707 541 ut
738 501 1017 554 prouiderent‚
1052 515 1100 542 ne
1131 500 1380 541 multitudine
1412 500 1607 553 equitatus

74 578 93 610 5
124 570 293 610 hostium
317 569 717 609 circumuenirentur:
739 569 993 608 existimabat
1014 569 1116 609 enim
1138 582 1181 609 se
1202 568 1288 609 acie
1307 567 1503 608 instructa
1522 582 1608 608 cum

46 915 86 948 10

40 1594 84 1629 20

40 1935 83 1970 25

121 637 369 692 pedestribus
401 637 521 690 copiis
553 637 843 677 dimicaturum.
889 634 990 677 Cum
1012 637 1207 690 utrimque
1230 635 1454 690 expectatio
1477 636 1603 685 fieret,
1629 635 1683 680 14

119 719 247 759 neque
270 702 423 745 Caesar
454 718 543 744 sese
572 711 752 745 moueret
782 711 821 745 et
851 719 935 744 cum
964 718 1125 744 suorum
1147 704 1343 758 paucitate
1365 711 1504 744 contra
1524 719 1607 745 ma-

120 787 236 826 gnam
258 773 336 813 uim
360 772 525 812 hostium
548 771 712 812 artificio
735 773 860 826 magis
882 786 994 825 quam
1017 771 1168 811 uiribus
1191 772 1478 813 decernendum
1500 771 1608 813 uide-

119 848 206 890 ret,
240 841 369 881 subito
402 841 716 881 aduersariorum
741 841 936 894 equitatus
960 853 1050 880 sese
1074 840 1292 880 extendere
1315 847 1354 880 et
1374 839 1415 880 in
1435 839 1607 880 latitudi-

119 922 205 948 nem
239 923 472 962 promouere
503 909 699 962 collesque
731 908 931 962 complecti
965 914 1002 948 et
1031 905 1217 947 Caesaris
1249 907 1462 960 equitatum
1494 914 1608 948 exte-

118 990 242 1016 nuare
272 976 463 1029 simulque
494 978 541 1017 ad
571 977 889 1017 circumeundum
911 988 1139 1028 comparare
1161 988 1204 1014 se
1228 983 1458 1028 coeperunt.
1503 973 1605 1016 Cae·
1626 974 1654 1015 2

118 1043 266 1084 sariani
298 1045 451 1096 equites
482 1058 619 1084 eorum
648 1044 936 1084 multitudinem
958 1056 1076 1097 aegre
1099 1042 1359 1082 sustinebant.
1403 1042 1524 1084 Acies
1547 1043 1607 1084 in-

117 1112 229 1152 terim
253 1111 402 1151 mediae
425 1126 510 1151 cum
534 1125 770 1152 concurrere
793 1118 1050 1160 conarentur,
1067 1109 1197 1150 subito
1220 1124 1271 1150 ex
1294 1110 1503 1150 condensis
1526 1118 1607 1151 tur-

116 1180 190 1220 mis
221 1180 369 1234 pedites
391 1179 591 1220 Numidae
613 1180 711 1220 leuis
735 1187 959 1220 armaturae
982 1193 1067 1219 cum
1091 1178 1285 1231 equitibus
1308 1185 1548 1232 procurrunt
1569 1185 1609 1219 et

115 1247 218 1288 inter
247 1247 487 1301 legionarios
520 1248 709 1302 [pedites]
741 1248 871 1287 iacula
904 1246 1117 1287 coniciunt.
1163 1245 1239 1286 Hic
1262 1261 1347 1286 cum
1371 1242 1605 1287 Caesariani
1627 1245 1652 1287 3

116 1316 156 1356 in
180 1330 247 1356 eos
270 1316 453 1369 impetum
478 1316 690 1366 fecissent,
725 1316 881 1355 illorum
905 1315 1055 1368 equites
1077 1314 1351 1368 refugiebant3
1377 1314 1525 1367 pedites
1547 1314 1608 1354 in-

118 1385 229 1424 terim
261 1383 527 1434 resistebant,
571 1385 659 1424 dum
691 1384 841 1437 equites
873 1396 1010 1423 rursus
1043 1396 1161 1422 cursu
1191 1389 1384 1422 renouato
1415 1382 1606 1436 peditibus

117 1453 198 1493 suis
230 1459 526 1504 succurrerent.
573 1450 725 1493 Caesar
757 1466 861 1492 nouo
883 1464 1030 1506 genere
1052 1464 1206 1505 pugnae
1229 1450 1357 1490 oblato
1372 1481 1382 1500 ,
1417 1464 1501 1490 cum
1524 1450 1608 1491 aui·
1631 1451 1684 1496 15

117 1535 221 1561 mum
254 1521 479 1561 aduerteret
509 1519 666 1560 ordines
696 1534 855 1560 suorum
887 1520 927 1560 in
960 1519 1227 1574 procurrendo
1258 1518 1407 1559 turbari
1436 1518 1606 1572 (pedites

116 1588 218 1629 enim
236 1619 246 1638 ,
281 1588 369 1628 dum
393 1589 543 1641 equites
566 1588 721 1642 longius
744 1588 790 1628 ab
813 1588 937 1643 signis
961 1594 1245 1642 persecuntur,
1270 1587 1395 1627 latere
1417 1586 1562 1627 nudato
1584 1600 1608 1627 a

117 1656 308 1710 proximis
337 1655 521 1697 Numidis
552 1656 690 1696 iaculis
722 1656 1058 1707 uulnerahantur3
1093 1656 1244 1709 equites
1276 1662 1405 1695 autem
1438 1653 1608 1694 hostium

116 1724 234 1778 pilum
258 1724 391 1765 militis
413 1739 532 1764 cursu
555 1724 669 1764 facile
691 1724 904 1777 uitabant),
930 1725 1047 1765 edicit
1068 1737 1138 1778 per
1160 1724 1334 1772 ordines,
1356 1736 1405 1763 ne
1427 1722 1513 1776 quis
1535 1721 1607 1762 mi-

117 1793 174 1833 les
205 1792 251 1833 ab
274 1792 398 1846 signis
420 1799 482 1832 1111
505 1792 622 1846 pedes
644 1792 800 1845 longius
824 1793 1069 1846 procederet.
1113 1791 1325 1845 Equitatus
1347 1790 1504 1831 interim
1525 1788 1607 1830 La·
1627 1789 1655 1832 2

116 1860 223 1900 bieni
244 1874 404 1901 suorum
426 1860 674 1901 multitudiue
696 1861 865 1900 confisus
879 1858 1067 1902 Caesaris
1090 1859 1326 1915 paucitatem
1345 1858 1512 1899 circuire
1525 1872 1605 1898 non

114 1935 316 1968 moratur:
352 1929 502 1981 equites
523 1926 667 1969 Iuliani
697 1928 810 1982 pauci
840 1929 1088 1970 multitudine
1120 1927 1288 1969 hostium
1319 1927 1463 1968 defessi
1495 1926 1605 1980 equis

119 1995 413 2037 conuulneratis
455 1996 640 2050 paulatim
682 1997 848 2048 cedere3
892 1997 1015 2037 hostis
1047 1996 1172 2051 magis
1202 1995 1405 2049 magisque
1436 1995 1603 2036 instare.

116 2062 178 2104 Ita
208 2071 351 2118 puncto
383 2064 569 2118 temporis
602 2064 780 2105 omnibus
812 2064 1042 2118 legionariis
1072 2065 1120 2104 ab
1143 2065 1312 2105 hostium
1335 2063 1510 2117 equitatu
1532 2062 1607 2103 eir-
1628 2062 1654 2104 3

118 2132 337 2173 cumuentis
360 2129 626 2186 Caesarisque
659 2133 781 2188 copiis
811 2133 852 2173 in
885 2132 1019 2173 orbem
1051 2132 1260 2187 compulsis
1281 2131 1386 2172 intra
1407 2130 1606 2172 cancellos

260 2269 276 2301 1
297 2270 487 2313 equitatum
507 2270 538 2301 b.
705 2271 723 2303 5
742 2270 814 2302 acie
833 2270 1002 2302 instructa
1021 2279 1095 2302 cum
1113 2268 1331 2312 pedestribus
1350 2267 1457 2311 copiis
1476 2277 1510 2308 α,
1531 2278 1606 2300 cum

116 2318 192 2361 ped.
214 2329 290 2363 cop.
311 2321 385 2353 acie
403 2321 504 2352 iustr.
524 2320 603 2352 edd.
773 2322 791 2354 6
810 2323 979 2365 utrimque
999 2322 1194 2364 expectatio
1212 2331 1247 2353 a.
1405 2319 1424 2353 7
1443 2329 1520 2351 sese
1538 2330 1607 2351 mo-

116 2376 215 2404 neret
230 2372 390 2416 Lip81'us,
411 2384 448 2407 se
468 2377 661 2405 remoueret
679 2373 780 2406 codd.
953 2374 971 2406 9
991 2374 1141 2416 equites,
1159 2373 1222 2405 sed
1237 2373 1353 2405 altero
1371 2381 1548 2414 suprasc„
1568 2381 1604 2404 α.

261 2425 302 2458 10
321 2431 509 2459 extenuare
527 2425 741 2467 Stephanus,
765 2425 946 2458 extenuari
964 2436 985 2457 α
1006 2425 1102 2458 ιηιεε.
1124 2424 1167 2457 5’.
1356 2423 1395 2457 11
1416 2423 1607 2455 circumue-

120 2474 279 2508 niendum
298 2477 330 2509 b.
506 2481 696 2519 coeperunt
711 2476 752 2508 P.
771 2476 973 2517 Manutius,
996 2479 1181 2519 coeperant
1198 2485 1219 2507 a
1238 2475 1337 2507 ‘mss-
1358 2477 1392 2506 et
1409 2474 1488 2506 edd.
1508 2472 1606 2515 qdd.’

264 2528 305 2560 14
322 2527 500 2560 Numidiae
520 2538 554 2560 a.
749 2532 994 2570 procurrerunt
1013 2529 1045 2560 b.
1243 2527 1283 2560 15
1301 2526 1552 2568 legionerarios
1569 2536 1604 2558 a.

262 2578 393 2620 pedites
411 2580 546 2621 reliqui
565 2579 703 2622 {forsan
723 2590 740 2610 e
754 2579 901 2621 glossa‘,
922 2579 1051 2612 milites
1069 2590 1163 2612 unus
1181 2579 1253 2612 det.
1273 2589 1309 2611 u.
1475 2578 1516 2611 18
1535 2579 1607 2610 ani-

120 2637 208 2659 mum
227 2627 427 2661 aduerteret
444 2640 464 2661 α
485 2631 514 2671 b,
535 2639 604 2662 non
623 2629 795 2662 animadu.
934 2630 976 2664 20
990 2630 1230 2673 (persecuntur
1247 2629 1283 2671 a)
1302 2634 1556 2673 prosequuntur
1572 2630 1603 2661 b.

261 2681 301 2715 21
315 2678 468 2713 Numidis
486 2692 605 2715 errore
622 2693 691 2715 om.
706 2693 740 2714 u.
878 2682 922 2716 22
935 2682 1046 2724 palam
1059 2682 1187 2714 milites
1206 2693 1227 2714 a
1238 2681 1298 2724 bje.
1437 2681 1479 2716 23
1493 2691 1526 2712 ιν
1537 2680 1603 2721 (α).

261 2731 305 2766 24
323 2731 470 2763 circuire
487 2742 509 2763 α
529 2733 624 2766 ‘mss.
640 2732 829 2776 plerz'que',
851 2732 1033 2765 circumire
1052 2743 1088 2766 u.
1270 2743 1334 2765 non
1354 2737 1508 2765 moratur
1525 2741 1602 2774 ego,

120 2794 183 2815 non
203 2787 348 2815 conatur
367 2793 388 2815 α
407 2783 425 2814 b
445 2794 462 2813 e
477 2785 499 2818 2
516 2784 627 2826 dett„-
649 2790 795 2817 conatur
812 2795 847 2817 u.
868 2784 953 2817 l'z'd.
972 2787 1099 2830 script.
1119 2785 1228 2818 diser.
1243 2795 1284 2827 p.
1303 2784 1383 2825 480,
1405 2784 1458 2817 15.

119 2835 160 2868 25
180 2834 312 2877 equites
331 2833 383 2876 (a)
402 2833 529 2875 Aldus,
550 2835 606 2877 qui
624 2837 758 2880 equites
779 2836 797 2869 b
815 2847 833 2869 e
850 2836 868 2869 5
888 2835 975 2870 dett.
1138 2835 1183 2872 27
1201 2834 1378 2879 temporis]
1399 2835 1502 2868 horae
1519 2835 1601 2869 add.

121 2896 141 2916 α
161 2886 191 2918 b.
335 2884 556 2927 omnibusque
574 2896 608 2918 a.
