1835 3240
841 184 925 225 249
984 209 1095 215 ——

143 302 450 342 circumuentum
474 297 632 338 Didium
654 298 840 338 interisse
862 298 1069 351 sequentia
1091 297 1248 337 docent.
1297 296 1433 351 Itaque
1456 302 1629 343 declara-

140 374 253 408 uerat
273 367 442 420 scriptor
461 365 621 406 Didium
643 380 762 420 prope
786 366 991 406 cotidianis
1021 365 1161 420 pugnis
1194 379 1278 404 cum
1302 364 1508 408 Lusitanis
1538 384 1629 409 con-

139 435 316 484 flixisse,
350 434 420 474 hos
454 447 548 474 uero
579 433 730 486 aliquot
750 434 890 488 pugnis
912 434 1026 474 factis
1050 433 1385 475 circumueniendi
1407 434 1513 475 Didii
1537 450 1629 476 con-

137 503 266 543 silium
298 502 449 556 cepisse
479 509 518 542 et
549 501 713 541 insidias
742 502 949 555 posuisse,
983 502 1037 541 ita
1069 509 1111 541 ut
1143 502 1341 555 tripertito
1364 502 1476 555 signa
1499 502 1629 542 distri-

136 571 318 611 buerent.
362 567 625 622 Sequentibus
647 569 769 623 igitur
791 569 938 619 uerbis,
964 570 1287 622 quemadmodum
1311 577 1391 610 tres
1413 569 1629 610 Lusitano-

136 653 221 678 rum
245 645 377 691 partes
408 637 621 691 dispositae
646 637 806 686 fuerint,
842 637 1009 690 quidque
1030 637 1241 690 unicuique
1272 638 1371 691 parti
1405 638 1628 677 mandatum

136 707 200 756 sit,
236 706 431 747 declarari
455 719 620 745 necesse
643 711 717 745 est.
771 702 920 745 Eorum
951 705 1165 745 uerborum
1188 712 1385 759 postrema
1409 705 1629 746 obscuratis

135 775 312 815 codic-um
335 773 490 814 indiciis
513 773 569 813 sic
593 773 833 813 edebantur:
864 772 919 811 ‘hi
942 772 1000 812 sic
1023 773 1199 826 dispositi
1223 780 1360 824 erant,
1395 780 1438 813 ut
1469 787 1489 813 a
1523 773 1629 813 nullo

135 843 336 896 conspecti
359 841 532 882 omnium
554 841 601 880 ad
624 854 791 895 pugnam
816 840 1139 890 contenderent’,
1174 856 1249 894 quo
1282 842 1386 881 facto
1419 856 1498 881 non
1528 848 1625 889 tres,

134 911 203 949 sed
225 909 321 949 duae
342 915 495 950 tantum
518 915 650 962 partes
681 908 1027 950 demonstrantur:
1060 909 1235 949 codicum
1260 909 1453 963 scriptura
1469 941 1479 959 ,
1514 924 1626 962 quam

132 991 252 1030 supra
273 977 399 1030 posui,
425 976 496 1017 etsi
519 976 714 1029 integram
739 975 959 1017 orationem
981 991 1060 1017 non
1083 984 1280 1031 praestat,
1314 983 1444 1017 tamen
1473 983 1624 1030 aperte,

133 1059 209 1098 quo
230 1045 318 1085 loco
352 1044 540 1098 quaedam
573 1043 819 1092 exciderint,
852 1044 1038 1085 ostendit.
1085 1044 1243 1085 Etenim
1275 1059 1372 1098 quae
1394 1046 1625 1086 insidiarum

130 1113 232 1153 ratio
256 1113 394 1160 fuerit,
420 1112 649 1153 narratione
669 1111 728 1151 rei
751 1119 886 1165 gestae
902 1143 912 1162 ,
944 1126 1044 1165 quae
1071 1112 1139 1153 illa
1160 1113 1283 1153 uerba
1306 1114 1479 1166 excipit,
1512 1115 1628 1155 doce-

132 1195 233 1221 mur.
288 1179 370 1221 ‘Ita
399 1195 485 1221 cum
519 1192 571 1219 ex
601 1179 766 1220 castello
786 1178 928 1220 Didius
960 1181 1008 1220 ad
1040 1181 1334 1234 propellendum
1363 1182 1628 1236 processisset

132 1263 216 1288 cum
240 1248 378 1302 copiis,
403 1249 558 1302 signum
580 1261 601 1286 a
623 1245 831 1288 Lusitanis
853 1247 1018 1298 tollitur,
1043 1263 1167 1290 naues
1189 1250 1467 1300 incenduntur,
1492 1250 1627 1290 simul-

132 1330 221 1369 que,
247 1316 311 1368 qui
330 1330 382 1356 ex
399 1317 563 1357 castello
583 1316 630 1355 ad
652 1329 817 1369 pugnam
842 1324 1139 1370 processerant,
1165 1318 1299 1358 eodem
1318 1317 1449 1371 signo,
1474 1318 1625 1371 fugien—

131 1391 190 1424 tes
213 1385 387 1424 latrones
411 1385 499 1424 dum
529 1391 835 1437 persequuntur,
868 1398 888 1423 a
922 1391 1035 1436 tergo
1066 1385 1235 1425 insidiae
1267 1385 1439 1426 clamore
1471 1386 1625 1426 sublato

133 1452 489 1492 circumueniunt’.
539 1450 642 1501 Hic,
679 1452 781 1504 quod
811 1453 859 1492 ad
890 1453 1185 1506 propellendum
1207 1451 1349 1493 Didius
1381 1454 1625 1507 processisse

131 1520 289 1567 dicitur,
315 1520 548 1560 documento
571 1526 632 1560 est
652 1533 770 1559 unam
783 1518 1066 1561 Lusitanorum
1091 1527 1241 1574 partem
1264 1521 1311 1560 ad
1334 1522 1537 1562 castellum
1560 1536 1626 1562 ac-

131 1587 303 1627 cessisse
327 1594 365 1627 et
385 1585 545 1626 Didium
569 1587 770 1637 elicuisse,
796 1588 937 1629 deinde
959 1588 1141 1628 simulata
1164 1590 1256 1642 fuga
1277 1590 1529 1642 produxisse.
1553 1590 1625 1630 Al-

129 1662 214 1695 tera
236 1655 349 1709 signo
373 1655 462 1694 dato
484 1668 608 1694 naues
629 1655 822 1706 incendit,
849 1656 966 1697 tertia
989 1656 1123 1697 eodem
1148 1656 1261 1710 signo
1279 1655 1437 1698 Didium
1459 1659 1623 1711 primam

127 1730 274 1777 partem
305 1730 607 1776 persequentem
639 1737 661 1762 a
692 1730 805 1777 tergo
836 1724 1108 1764 circumuenit.
1162 1723 1314 1764 Harum
1347 1726 1515 1779 partium
1546 1741 1625 1767 una

127 1791 372 1846 significatur
393 1790 662 1843 superioribus
684 1792 844 1831 uerbis:
885 1799 1016 1832 ‘erant
1038 1793 1181 1846 parati,
1208 1793 1273 1845 qui
1295 1807 1417 1834 naues
1439 1794 1624 1835 incende-

126 1859 244 1899 rent'.
276 1857 479 1898 Proximis
502 1858 635 1898 uerbis
662 1858 928 1912 ‘incensisque
951 1861 1015 1913 qui
1037 1860 1252 1900 subsidium
1273 1863 1515 1915 repeterent'
1539 1876 1623 1903 eam

127 1926 321 1966 contineri
343 1939 508 1966 necesse
532 1932 619 1976 est,
654 1940 752 1979 quae
775 1925 935 1967 Didium
959 1942 981 1968 a
1003 1934 1115 1981 tergo
1139 1929 1414 1970 circumuenit.
1467 1928 1547 1971 Sed
1578 1945 1624 1971 ea

126 1994 247 2034 uerba
269 1994 367 2034 adeo
390 2001 575 2048 corrupta
598 2000 714 2044 sunt,
749 2001 791 2034 ut
820 2009 898 2035 non
929 1996 1138 2037 uideantur
1167 1998 1324 2038 restitui
1355 2012 1496 2052 posse:
1530 2012 1621 2039 nam

126 2060 356 2115 Glandorpii
378 2061 604 2102 coniectura
641 2063 926 2116 ‘repellerent’
950 2065 1047 2104 nihil
1068 2065 1308 2119 proficimus.
1370 2065 1540 2119 Reliqua
1563 2067 1621 2107 sic

124 2137 216 2170 sunt
237 2130 476 2184 supplenda:
517 2130 570 2170 ‘hi
594 2130 652 2170 sic
676 2130 855 2184 dispositi
879 2139 1017 2182 erant,
1053 2141 1094 2173 ut
1124 2148 1146 2172 a
1177 2134 1284 2173 nullo
1317 2136 1502 2188 conspici
1521 2149 1620 2189 pos-

123 2197 227 2239 sent'
252 2205 303 2248 et,
329 2212 427 2251 quae
450 2198 496 2238 de
519 2212 564 2238 ea
588 2205 715 2252 parte,
740 2213 840 2252 quae
862 2198 1018 2240 Didium
1044 2215 1095 2241 ex
1119 2203 1281 2242 castello
1305 2202 1490 2253 eliceret,
1516 2204 1620 2244 dicta

122 2273 250 2316 erant,
279 2266 458 2322 ‘reliqui
475 2268 517 2307 z'n
540 2273 753 2320 conspectu
775 2268 946 2309 omnium
970 2269 1017 2308 ad
1038 2283 1208 2323 pugnam
1232 2271 1502 2311 contendunt'.

234 2332 283 2375 C.
308 2333 379 2384 41,
403 2334 431 2375 2
452 2334 498 2374 de
520 2333 706 2375 Vrsaone
739 2335 835 2376 haec
865 2336 906 2376 in
926 2335 1023 2376 Par.
1060 2350 1143 2377 sec.
1178 2343 1217 2377 et
1235 2336 1353 2378 Leid.
1388 2353 1448 2393 pr.
1473 2339 1619 2393 scripta

123 2408 238 2442 sunt:
277 2406 287 2426 ⁶
302 2402 404 2455 quod
426 2403 607 2456 oppidum
628 2418 770 2457 magna
792 2404 1010 2445 munitione
1033 2404 1337 2457 continebatur,
1372 2407 1430 2446 sic
1461 2414 1501 2447 ut
1529 2407 1615 2461 ipse

123 2468 230 2509 locus
252 2484 331 2510 non
353 2470 479 2510 solum
502 2485 619 2524 opere
635 2502 645 2521 ,
683 2473 752 2512 sed
787 2473 904 2513 etiam
927 2479 1069 2513 natura
1091 2473 1219 2515 aditus
1242 2475 1289 2514 ad
1312 2475 1616 2528 oppugnandum

126 2535 273 2577 hostem
296 2539 533 2592 appeteret’.
577 2538 723 2580 Editur
750 2541 868 2594 uulgo
904 2545 1073 2581 ‘natura
1104 2541 1254 2581 editus'
1286 2549 1400 2582 etex
1421 2541 1616 2597 Scaligeri

126 2604 350 2646 coniectura
374 2605 647 2658 ‘abuerteret⁷,
672 2609 773 2661 quod
796 2609 963 2650 debebat
984 2623 1072 2650 esse
1109 2613 1119 2632 ‘
1135 2612 1376 2660 auerteret',
1402 2618 1445 2651 ut
1467 2610 1615 2652 Godui-

124 2683 196 2710 nus
217 2671 386 2712 uolebat.
433 2674 591 2715 ‘Aditus
615 2677 927 2730 oppugnationis’
950 2677 1097 2731 legitur
1119 2691 1181 2731 ap.
1204 2677 1309 2718 Hirt.
1335 2679 1372 2718 b.
1393 2677 1515 2720 Alex.
1541 2680 1610 2726 35,

126 2738 165 2786 5,
193 2738 374 2779 ‘difficilis
397 2741 444 2781 ad
465 2744 792 2797 oppugnationem
814 2745 1014 2787 accessus'
1037 2745 1076 2784 b.
1102 2745 1192 2786 Afr.
1219 2744 1258 2786 5.
1314 2745 1457 2787 Vtrum
1481 2753 1610 2786 autem

124 2805 247 2845 ‘aditu
269 2805 315 2845 ad
325 2810 623 2861 oppugnandum
645 2811 796 2853 hostem
820 2813 1043 2868 aspelleret'
1057 2813 1119 2854 uel
1134 2814 1423 2863 ‘absterreret',
1449 2827 1497 2852 an
1514 2813 1610 2852 ‘adi-

121 2880 249 2913 tus—
264 2872 443 2914 hostium'
457 2878 739 2920 emendandum
762 2881 828 2931 sit,
854 2881 950 2922 nihil
973 2881 1128 2922 definio.
1156 2879 1267 2933 Quae
1281 2887 1499 2934 sequuntur
1512 2879 1611 2934 opti-
