1835 3240
83 200 168 243 730
608 202 776 244 BELLI
801 199 1197 244 HISPANIENSIS

124 315 129 319 ”
164 315 229 367 qui
250 314 323 355 sibi
346 316 533 357 contrarii
556 317 744 363 fuissent,
776 314 994 355 interfectis
1016 314 1194 368 oppidum
1216 316 1256 355 in
1278 328 1386 356 suam
1408 322 1639 370 potestatem

115 381 141 421 7
162 383 314 437 recipit.
358 382 443 424 Hoc
465 385 680 438 praeterito
703 390 878 436 tempore
899 382 1006 422 serui
1028 383 1255 436 transfugae
1276 383 1554 423 nuntiauerunt
1574 397 1640 436 op-

162 451 390 504 pidanorum
421 452 523 491 hona
553 451 690 490 uenire
722 463 849 503 neque
872 456 987 490 extra
1010 449 1151 490 uallum
1181 449 1302 490 licere
1333 450 1445 490 exire
1467 450 1541 490 nisi
1563 450 1642 490 dis-

164 518 356 568 cinctum,
383 519 527 559 idcirco
550 518 651 570 quod
665 548 676 568 ,
711 532 764 558 ex
785 531 860 571 quo
883 517 945 558 die
967 518 1146 571 oppidum
1167 516 1324 570 Ategua
1345 524 1450 557 esset
1470 524 1638 570 captum,

116 584 143 625 8
162 593 269 626 metu
300 586 538 626 conterritos
569 585 790 638 complures
823 586 1032 639 profugere
1064 585 1104 625 in
1125 583 1377 635 Baeturiam,
1412 598 1536 638 neque
1567 584 1639 625 sihi

164 654 281 694 ullam
305 668 411 707 spem
436 653 623 693 uictoriae
645 653 883 706 propositam
907 652 1074 703 habere,
1099 659 1139 693 et
1159 653 1193 693 si
1210 653 1274 705 qui
1291 667 1343 693 ex
1356 652 1502 692 nostris
1518 658 1645 691 trans-

164 721 326 774 fugerit,
352 721 390 760 in
413 720 538 760 leuem
562 727 803 760 armaturam
826 720 952 760 conici
974 734 1138 774 eumque
1161 734 1239 761 non
1268 720 1432 774 amplius
1453 725 1547 760 XVII
1579 735 1644 761 ac-

89 786 146 832 23
168 788 312 841 cipere.
356 786 584 841 Insequenti
610 796 783 841 tempore
805 785 959 828 Caesar
980 788 1121 828 castris
1143 795 1272 828 castra
1295 787 1459 828 contulit
1490 795 1529 828 et
1559 787 1646 828 bra-

117 855 144 895 :2
166 856 291 895 chium
315 856 361 894 ad
385 856 527 896 flumen
550 853 705 896 Salsum
728 856 871 896 ducere
893 855 1035 909 coepit.
1079 854 1154 895 Hic
1186 870 1273 895 cum
1302 855 1343 896 in
1373 869 1492 909 opere
1522 856 1647 896 nostri

167 923 322 963 distenti
356 930 514 971 essent,
549 923 767 977 complures
799 937 852 964 ex
882 924 1085 978 superiore
1119 924 1204 963 loco
1227 923 1549 963 aduersariorum
1582 924 1649 964 de-

166 998 428 1031 cucurrerunt
449 1004 521 1031 nec
543 991 808 1032 detinentibus
831 991 978 1031 nostris
1000 991 1131 1031 multis
1154 991 1242 1031 telis
1260 991 1414 1031 iniectis
1428 992 1648 1045 complures

120 1057 144 1098 3
167 1058 396 1098 uulneribus
418 1059 612 1099 adfecere.
658 1058 732 1099 Hic
754 1066 859 1110 tum,
893 1066 936 1099 ut
957 1059 1013 1099 ait
1034 1057 1188 1099 Ennius
1203 1089 1214 1108 ,
1247 1059 1373 1099 nostri
1403 1072 1560 1099 cessere
1583 1072 1648 1112 pa-

164 1140 340 1180 rumper.
376 1125 511 1180 Itaque
533 1134 690 1180 praeter
711 1127 1035 1167 consuetudinem
1057 1141 1142 1167 cum
1164 1127 1312 1167 nostris
1335 1127 1649 1167 animaduersum

166 1200 273 1234 esset
283 1195 476 1244 accidere,
502 1195 754 1235 centuriones
776 1209 829 1234 ex
850 1195 1043 1247 legioneV
1064 1195 1206 1234 flumen
1228 1194 1469 1247 transgressi
1492 1194 1565 1233 duo
1587 1207 1651 1234 re-

120 1260 147 1300 4
168 1261 384 1302 stituerunt
415 1262 564 1312 aciem,
598 1263 821 1314 acriterque
855 1261 1001 1302 eximia
1032 1262 1179 1301 uirtute
1210 1261 1340 1315 plures
1363 1275 1449 1301 cum
1471 1267 1650 1314 agerent,

120 1327 144 1368 5
167 1342 217 1368 ex
250 1330 452 1384 superiore
482 1330 568 1370 loco
600 1330 848 1370 multitudine
878 1329 1048 1369 telorum
1079 1330 1179 1370 alter
1211 1343 1344 1369 eorum
1367 1328 1550 1368 concidit.
1592 1326 1652 1368 Ita

169 1410 256 1436 cum
287 1397 373 1438 eius
403 1411 561 1452 compar
592 1399 725 1452 impar
753 1397 943 1452 proelium
967 1398 1098 1438 facere
1121 1397 1341 1451 coepisset,
1377 1411 1462 1436 cum
1484 1397 1653 1450 undique

121 1462 148 1504 6
169 1478 212 1504 se
234 1465 512 1506 circumueniri
534 1466 704 1506 animum
726 1466 980 1515 aduertisset,
1005 1466 1208 1519 ingressus
1232 1465 1366 1519 pedem
1389 1465 1564 1506 offendit.
1604 1465 1652 1504 In

170 1532 284 1573 huius
297 1534 557 1585 concidentis,
582 1534 827 1574 centurionis
840 1548 885 1574 ac
900 1533 975 1574 uiri
990 1534 1120 1583 fortis,
1144 1533 1318 1587 insignia
1333 1547 1419 1573 cum
1436 1532 1655 1587 complures

171 1601 493 1643 aduersariorum
516 1616 751 1643 concursum
774 1603 976 1653 facerent,
1012 1601 1164 1655 equites
1187 1602 1313 1642 nostri
1337 1601 1576 1655 transgressi
1596 1600 1656 1640 in-

124 1668 149 1708 7
172 1669 319 1709 feriore
350 1670 437 1711 loco
468 1671 718 1712 aduersarios
750 1672 798 1711 ad
822 1670 965 1711 uallum
986 1684 1104 1723 agere
1126 1676 1354 1724 coeperunt.
1396 1667 1456 1709 Ita
1479 1668 1654 1723 cupidius

171 1738 259 1777 dum
281 1737 384 1778 intra
407 1739 603 1792 praesidia
623 1740 779 1780 illorum
803 1739 961 1779 student
983 1739 1138 1778 caedem
1158 1739 1302 1786 facere,
1328 1751 1350 1777 a
1369 1737 1506 1777 turmis
1523 1743 1563 1776 et
1577 1736 1656 1776 leui

172 1812 371 1845 armatura
392 1814 485 1847 sunt
504 1807 726 1848 interclusi.
771 1805 946 1859 Quorum
969 1805 1045 1846 nisi
1067 1819 1217 1846 summa
1240 1805 1363 1845 uirtus
1385 1804 1552 1853 fuisset,
1577 1803 1657 1844 uiui

177 1873 280 1927 capti
302 1881 451 1915 essent.
494 1873 601 1916 Nam
624 1882 664 1915 et
684 1874 903 1915 munitione
926 1873 1110 1929 praesidii
1132 1873 1186 1914 ita
1209 1871 1591 1926 coangustabantur,
1615 1877 1657 1911 ut

318 2022 333 2054 1
355 2022 422 2063 qui]
443 2032 493 2055 ιιι·
514 2033 546 2056 α.
701 2025 721 2058 2
739 2024 870 2066 recepit
889 2024 920 2055 b.
1067 2022 1085 2056 3
1104 2022 1223 2054 uenire
1240 2021 1399 2063 Lipsi‘us,
1420 2019 1568 2052 uendere
1586 2029 1607 2050 α
1625 2022 1661 2051 et

177 2073 261 2104 boni
278 2074 395 2113 (uendi
413 2074 529 2115 dett.).
652 2085 760 2118 neque
779 2086 864 2117 ego,·
885 2086 926 2107 ne
946 2075 1000 2106 cui
1018 2073 1133 2106 Aldus
1151 2077 1186 2105 et
1202 2073 1396 2105 seeundum
1416 2071 1660 2112 Oudendorp&

174 2126 358 2158 silentium
376 2127 492 2168 codd„
514 2137 577 2159 nec
596 2127 651 2159 eui
669 2128 719 2168 (a)
738 2127 817 2159 edd.
837 2131 920 2159 unte
938 2127 1023 2159 Ala.
1042 2128 1217 2159 Davisius
1237 2136 1270 2157 u.
1444 2124 1550 2155 licere
1569 2132 1660 2154 unus

176 2177 260 2218 det„
276 2178 401 2210 liceret
417 2179 559 2220 reliqui.
703 2179 902 2211 distinctum
920 2190 953 2211 α.
1094 2179 1114 2210 4
1126 2178 1254 2209 idcirco
1274 2175 1362 2218 quod
1380 2174 1495 2214 codd,
1517 2174 1659 2205 idcirco—

177 2239 242 2270 que
260 2233 343 2262 ante
361 2230 583 2272 Stephanum
603 2229 841 2262 Vascosunus.
861 2230 900 2261 P.
921 2231 978 2263 ⁶27.
1167 2229 1185 2260 5
1205 2227 1389 2268 confugere
1408 2228 1492 2257 anie
1510 2234 1602 2257 corr.
1622 2235 1658 2257 a.

320 2280 505 2313 ‘Beturiain
524 2280 622 2312 mss)
761 2281 779 2313 6
791 2285 825 2312 et
843 2291 932 2313 unus
951 2281 1036 2321 det„
1057 2285 1095 2312 ut
1112 2279 1256 2320 reliqui.
1398 2275 1661 2316 transsugerunt

176 2342 196 2362 α
216 2334 253 2363 ct
268 2334 320 2363 εἰσ
340 2331 414 2363 ‘uel
430 2331 681 2373 transsugcrint
695 2330 886 2374 plerique'.
1033 2331 1052 2364 7
1068 2341 1140 2362 xvn
1158 2341 1178 2361 (ι
1199 2331 1216 2361 b
1235 2341 1263 2370 c,
1284 2339 1341 2361 xvt
1360 2339 1394 2360 u.
1544 2326 1562 2358 9
1582 2327 1659 2358 dum

177 2381 277 2414 codd.
298 2386 335 2414 et
350 2382 428 2414 cdd.
573 2384 613 2416 10
626 2383 795 2426 superiori
813 2393 845 2415 α.
992 2382 1028 2415 11
1045 2386 1180 2413 nostros
1198 2391 1219 2412 α
1239 2381 1256 2412 b
1276 2391 1305 2411 c.
1449 2379 1489 2412 12
1501 2378 1659 2409 adfecere

178 2445 213 2466 a.
351 2440 423 2467 tuln
438 2435 690 2478 Glandorpz‘us,
712 2437 788 2467 duni
807 2446 828 2467 a
848 2436 866 2467 b
885 2435 932 2475 d,·
951 2440 1063 2466 tamen
1078 2433 1194 2465 Aldus
1212 2443 1248 2464 u.
1390 2435 1426 2462 ut
1444 2428 1606 2461 adtennisi
1624 2440 1657 2470 a,

179 2491 217 2517 ut
235 2486 276 2517 ad
286 2486 416 2519 Ennius
436 2488 472 2520 d.
612 2488 782 2519 nostrisa.
924 2487 964 2519 13
977 2487 1103 2518 nostris
1125 2495 1211 2527 eg0;
1227 2494 1246 2516 a
1259 2483 1385 2515 nostris
1399 2482 1498 2514 codd.
1511 2483 1661 2523 (nostros

182 2537 450 2579 Glandorpz'us).
594 2540 633 2572 14
644 2540 802 2571 accidere
818 2549 882 2580 ego
894 2551 904 2578 ,-
918 2539 1040 2570 cedere
1054 2536 1313 2578 reliquz‘eodcl„
1327 2535 1470 2567 credere
1482 2545 1516 2566 α.

183 2588 222 2622 17
241 2589 315 2620 eius
334 2599 471 2631 compar
488 2590 595 2633 impar
614 2601 698 2632 ego5
718 2590 768 2622 eis
788 2600 924 2632 compar
940 2600 961 2621 α
979 2590 996 2621 b
1015 2590 1036 2623 2
1053 2588 1157 2628 dett„
1179 2588 1231 2618 his
1250 2596 1386 2628 compar
1402 2596 1437 2617 u.
1588 2595 1662 2617 cuni

182 2640 330 2682 undique
349 2640 464 2680 codd„
485 2645 520 2671 et
537 2651 611 2672 cum
629 2641 778 2683 undique
796 2651 830 2673 u.
977 2639 1174 2671 18ani1nun1
1193 2638 1402 2669 aduertissct
1418 2647 1439 2668 a
1453 2637 1482 2676 b,
1504 2646 1572 2667 nou
1592 2636 1664 2667 ani-

182 2691 294 2723 lnadu.
467 2691 643 2732 ingressus
661 2702 682 2722 α
702 2692 732 2731 b,
754 2701 934 2733 parumper
951 2692 1128 2731 ingressus
1149 2700 1184 2720 u.
1351 2688 1383 2719 in
1403 2698 1465 2730 ego
1483 2687 1662 2728 supplevi.

328 2743 366 2775 lu
387 2743 598 2775 centurionis
627 2753 665 2774 ac
693 2743 759 2774 uiri
779 2743 877 2775 fortis
897 2743 1045 2783 insignia
1062 2751 1146 2783 ego,
1176 2741 1338 2783 temporis
1357 2741 1477 2783 aquari
1498 2739 1596 2771 fortis
1615 2740 1666 2770 in-

186 2794 297 2834 signia
314 2804 335 2826 a
349 2794 366 2826 b
380 2805 418 2835 c,
438 2795 504 2827 uiri
522 2804 603 2827 casu
623 2795 749 2837 passini
769 2795 884 2826 audito
902 2804 936 2825 u.
1078 2793 1120 2827 20
1134 2792 1296 2824 inferiore
1309 2793 1474 2824 Heinsius
1487 2803 1497 2831 ,·
1509 2790 1663 2823 interiori

185 2856 206 2876 α
225 2846 256 2886 b,
277 2845 440 2877 interiore
459 2856 491 2878 u.
665 2845 704 2878 21
727 2845 881 2887 cupidius
901 2844 977 2875 dum
996 2844 1058 2885 as
1072 2843 1110 2876 10
1130 2843 1218 2876 dett.
1237 2843 1455 2883 Schneider-i,
1477 2843 1554 2875 dum
1573 2841 1665 2883 cupi-

188 2898 261 2930 dius
281 2898 395 2931 Aldus
414 2909 447 2930 u.
590 2898 632 2931 24
651 2902 685 2930 ct
701 2908 769 2931 om.
792 2898 822 2929 b.
843 2896 880 2929 P.
901 2895 966 2931 228
985 2898 1080 2928 carcr.

1683 931 1722 964 10

1686 1268 1725 1300 15

1685 1606 1729 1641 20
