1835 3240
101 160 186 203 462
628 156 701 198 DE
733 156 919 199 BELLO
953 156 1205 200 GALLICO

179 285 295 328 posse
305 269 511 321 Romanis,
526 285 614 320 nec,
628 272 661 311 si
672 272 827 311 diuersa
840 271 941 310 bella
954 271 1163 324 conplures
1177 272 1312 313 eodem
1324 280 1499 328 tempore
1510 274 1663 316 intulis-

178 348 265 383 sent
280 340 479 389 ciuitates,
505 340 601 380 satis
615 337 751 379 auxilii
766 345 834 377 aut
845 338 962 392 spatii
983 345 1050 379 aut
1061 340 1259 393 copiarum
1273 341 1491 384 habiturum
1506 344 1662 384 exerci-

131 410 156 452 3
178 417 259 451 tum
282 409 411 463 populi
432 406 603 447 Romani
626 406 675 446 ad
696 405 826 446 omnia
847 408 1143 460 persequenda3
1178 421 1255 448 non
1286 423 1374 450 esse
1395 418 1522 451 autem
1545 411 1662 452 alicui

178 477 329 519 ciuitati
343 483 491 516 sortem
512 473 748 514 incommodi
770 475 1044 524 recusandam,
1070 475 1103 516 si
1119 475 1306 516 talimora
1317 477 1491 530 reliquae
1504 486 1663 532 possent

126 547 154 591 2
176 560 220 587 se
241 545 441 586 uindicare
463 543 502 582 in
525 542 761 582 libertatem.
807 539 921 594 Quae
950 557 999 584 ne
1029 543 1160 598 opinio
1183 542 1385 584 Gallorum
1407 547 1658 587 confirmare-

176 621 264 663 tur,
300 610 454 653 Caesar
473 607 654 649 Marcum
677 609 895 650 Antonium
927 619 1175 664 quaestorem
1205 612 1288 652 suis
1318 613 1508 666 praefecit
1535 614 1663 655 hiber-

177 682 263 731 nis,
298 680 381 733 ipse
411 678 583 731 equitum
616 677 812 731 praesidio
844 678 967 731 pridie
998 677 1088 720 Fial.
1112 677 1319 720 Ianuarias
1349 679 1396 720 ab
1427 681 1566 735 oppido
1594 680 1663 722 Bi-

175 750 311 790 bracte
334 745 597 801 proficiscitur
626 745 674 786 ad
705 745 898 799 legionem
921 753 1028 796 tht,
1064 762 1177 800 quam
1210 762 1289 788 non
1319 749 1437 802 longe
1468 762 1491 788 a
1523 749 1662 790 finibus

177 816 435 857 Haeduorum
457 813 738 854 conlocauerat
766 814 804 854 in
838 814 978 855 finibus
1001 813 1224 870 Biturigum
1240 846 1251 865 ,
1276 816 1391 869 eique
1412 816 1588 870 adiungit
1609 816 1663 857 le·

127 884 156 925 2
177 885 331 939 gionem
353 889 418 933 XI,
443 895 543 935 quae
565 881 743 936 proxima
767 883 909 922 fuerat.
945 881 1058 924 Binis
1081 883 1309 924 cohortibus
1332 884 1379 924 ad
1401 884 1665 938 inpedimenta

176 952 319 993 tuenda
341 951 493 991 relictis
515 950 708 1003 reliquum
742 951 964 991 exercitum
995 952 1034 992 in
1057 952 1352 1006 copiosissimos
1375 965 1493 1005 agros
1515 950 1664 992 Bituri-

176 1036 268 1076 gum
290 1019 465 1069 inducit,
504 1018 593 1072 qui,
626 1032 712 1058 cum
744 1018 845 1059 latos
878 1019 976 1060 fines
1008 1026 1046 1060 et
1075 1020 1275 1074 complura
1297 1020 1435 1074 oppida
1458 1019 1660 1069 haberent,

174 1090 292 1131 unius
314 1087 482 1142 legionis
504 1086 677 1128 hibernis
699 1100 777 1126 non
799 1087 1001 1140 potuerint
1022 1088 1244 1138 contineri,
1269 1088 1361 1141 quin
1383 1087 1525 1128 bellum
1547 1101 1663 1141 para-

125 1158 154 1203 3
174 1164 264 1199 rent
285 1155 660 1209 coniurationesque
683 1155 871 1194 facerent.
916 1154 1141 1209 Repentino
1163 1156 1336 1196 aduentu
1349 1153 1538 1196 Caesaris
1561 1154 1663 1195 acci-

175 1226 246 1274 dit,
271 1224 372 1279 quod
394 1224 585 1277 inparatis
599 1222 851 1276 disiectisque
864 1223 1044 1263 accidere
1066 1224 1329 1273 fustuecesse,
1353 1230 1396 1262 ut
1416 1223 1502 1263 sine
1523 1223 1664 1263 timore

173 1294 252 1335 ullo
273 1306 368 1333 rura
388 1292 566 1332 colentes
589 1290 696 1345 prius
711 1290 758 1331 ab
774 1290 948 1344 equitatu
966 1291 1296 1345 opprimerentur,
1322 1304 1436 1344 quam
1450 1290 1664 1343 confugere

125 1361 153 1402 2
173 1362 214 1403 in
246 1360 381 1415 oppida
416 1365 592 1413 possent.
635 1357 820 1411 Namque
851 1358 970 1399 etiam
1002 1358 1096 1399 illud
1127 1359 1289 1412 uulgare
1319 1358 1559 1399 incursionis
1596 1358 1663 1398 ho-

172 1429 289 1471 stium
312 1428 484 1482 signum,
508 1427 607 1480 quod
631 1427 821 1467 incendiis
840 1426 1106 1467 aedificiorum
1128 1426 1536 1480 intellegiconsueuit,
1561 1422 1664 1467 Cae-

176 1497 278 1538 saris
301 1503 385 1537 erat
406 1495 618 1536 interdicto
641 1495 853 1542 sublatum,
879 1508 928 1535 ne
949 1502 1018 1535 aut
1040 1495 1151 1549 copia
1173 1494 1299 1548 pabuli
1325 1495 1605 1548 frumentique,
1630 1494 1664 1534 si

173 1566 330 1619 longius
353 1563 535 1618 progredi
560 1563 693 1612 uellet,
719 1563 978 1612 deficeretur,
1004 1570 1072 1603 aut
1094 1563 1228 1604 hostes
1251 1563 1443 1603 incendiis
1466 1570 1664 1603 terreren-

127 1632 152 1674 3
175 1642 252 1674 tur.
298 1631 434 1672 Multis
457 1630 655 1671 hominum
680 1631 834 1671 milibus
856 1631 980 1684 captis
1004 1631 1203 1684 perterriti
1226 1629 1427 1685 Bituriges
1443 1661 1453 1680 ,
1487 1630 1552 1683 qui
1583 1630 1662 1684 pri-

174 1717 276 1742 mum
301 1701 514 1742 aduentum
537 1706 748 1753 potuerant
769 1699 941 1753 effugere
963 1698 1232 1739 Romanorum
1249 1730 1259 1748 ,
1291 1699 1331 1738 in
1361 1698 1545 1738 finitimas
1568 1696 1663 1737 ciui-

174 1777 275 1810 tates
300 1776 365 1809 aut
387 1767 550 1821 priuatis
586 1767 763 1821 hospitiis
787 1767 921 1807 confisi
944 1774 1011 1807 aut
1032 1767 1225 1807 societate
1247 1766 1500 1807 consiliorum
1524 1766 1661 1806 confu-

125 1837 152 1878 4
174 1844 330 1891 gerant.
385 1834 579 1875 Frustra:
613 1850 699 1875 nam
734 1833 888 1876 Caesar
927 1836 1079 1889 magnis
1112 1835 1320 1876 itineribus
1352 1834 1531 1874 omnibus
1563 1833 1662 1874 locis

175 1903 351 1945 occurrit
373 1917 445 1943 nec
481 1903 546 1942 (lat
569 1903 634 1943 ulli
658 1904 810 1944 ciuitati
833 1904 998 1958 spatium
1022 1904 1069 1944 de
1090 1903 1218 1944 aliena
1240 1903 1368 1956 potius
1391 1916 1505 1956 quam
1528 1902 1574 1942 de
1596 1902 1664 1941 do-

175 1973 337 2013 mestica
362 1971 488 2011 salute
513 1971 732 2025 cogitandi,
759 1986 833 2027 qua
856 1972 1058 2012 celeritate
1080 1978 1120 2012 et
1141 1971 1274 2011 fideles
1297 1970 1443 2010 amicos
1466 1969 1664 2010 retinebat

129 2041 152 2081 5
176 2048 215 2082 et
236 2040 459 2080 dubitantes
482 2046 636 2079 terrore
658 2040 705 2079 ad
729 2040 982 2080 condiciones
1005 2040 1111 2093 pacis
1133 2039 1366 2080 adducebat.
1414 2037 1506 2078 Tali
1529 2037 1663 2078 condi-

175 2109 288 2149 cione
319 2107 519 2161 proposita
541 2105 768 2161 Bituriges,
808 2122 895 2148 cum
926 2108 998 2148 sibi
1030 2108 1212 2148 uiderent
1244 2107 1450 2147 clementia
1476 2103 1662 2146 Caesaris

320 2200 332 2231 1
357 2209 456 2241 posse
476 2209 493 2229 a
515 2198 673 2230 Romanis
695 2199 806 2231 ABG
819 2199 850 2230 D
865 2200 882 2230 b
897 2211 924 2231 e.
1069 2199 1251 2241 conplures
1271 2198 1312 2229 B.
1461 2195 1662 2227 intulissent

175 2250 235 2293 (B)
250 2261 264 2280 c
282 2250 426 2291 reliqui,
449 2250 594 2281 inissent
611 2250 704 2282 And.
727 2250 841 2282 0³:071.
864 2261 898 2282 Il.
1040 2250 1059 2282 3
1079 2250 1312 2292 prosequenda
1326 2249 1357 2280 b.
1497 2248 1518 2278 4
1536 2247 1662 2278 incom-

175 2303 294 2337 modae
314 2303 357 2343 B,
378 2303 588 2334 incommode
610 2303 695 2334 CD.
836 2303 1064 2335 recusandum
1082 2302 1125 2333 B.
1286 2301 1303 2333 (5
1323 2299 1474 2332 Marcum
1494 2299 1535 2339 B,
1557 2297 1603 2330 M.
1624 2309 1659 2329 u.

318 2355 335 2387 7
349 2354 497 2396 equitum
510 2355 681 2396 praesidio
694 2354 723 2386 B
736 2354 913 2396 ‘7·el1'qui',
934 2366 1007 2387 cum
1018 2355 1189 2397 equitatus
1209 2353 1379 2396 praesidio
1395 2353 1412 2384 b
1424 2363 1441 2383 e
1453 2352 1475 2384 d
1487 2363 1515 2383 e.

176 2405 242 2438 cal.
263 2405 335 2445 (B).
479 2404 653 2436 lanuarias
673 2406 744 2436 AB
758 2406 841 2444 CI),
865 2405 933 2437 lan.
955 2417 983 2437 e.
1139 2405 1159 2437 8
1177 2415 1237 2436 xm
1259 2403 1472 2443 Glareanus,
1494 2413 1540 2434 xii
1560 2403 1660 2434 codd.

177 2456 425 2495 (duodecimam
443 2455 591 2496 B).V1·d.
605 2467 633 2487 c.
651 2456 701 2491 11,
722 2457 730 2488 l
750 2456 872 2497 etms,
890 2457 985 2493 512.
998 2457 1054 2496 00,
1067 2456 1104 2488 6:
1193 2455 1465 2488 9conlocauerat
1475 2454 1518 2486 B.

177 2509 217 2542 10
236 2509 447 2540 undecimam
466 2508 508 2539 B.
666 2508 893 2550 inpedimenta
912 2509 954 2540 B.
1121 2507 1158 2540 11
1180 2507 1304 2539 tuenda
1323 2517 1391 2539 om.
1412 2517 1429 2537 e
1445 2506 1538 2538 Ami.
1561 2509 1597 2538 et
1613 2516 1660 2537 m.

170 2570 230 2604 pr.
250 2570 342 2591 unns
361 2558 580 2597 Aclzaz‘nlm'z',
602 2569 635 2598 a,
658 2558 839 2598 nisallor.
1028 2558 1064 2590 13
1084 2558 1256 2600 potuerint
1275 2557 1347 2588 AB
1363 2558 1389 2589 C
1402 2557 1433 2588 D
1446 2568 1484 2596 c,·
1505 2561 1664 2599 poterant

178 2612 244 2652 bd,
265 2613 447 2653 potuerant
466 2619 495 2640 e.
664 2609 700 2640 15
721 2609 887 2651 inparatis
906 2609 949 2640 B.
1103 2608 1323 2650 disiectisque
1344 2608 1582 2648 Vascosanus,
1604 2608 1663 2639 de-

177 2664 345 2706 iectisque
365 2660 464 2693 codd.
632 2661 671 2693 17
692 2661 946 2692 incursionibus
965 2671 1011 2692 m.
1030 2670 1086 2702 pr.
1112 2662 1150 2691 ('.
1315 2661 1461 2692 hostium
1482 2661 1615 2701 signum
1632 2661 1664 2691 A

176 2716 236 2756 (B)
253 2714 335 2753 CD,
357 2713 487 2753 signum
508 2711 653 2743 hostium
675 2713 692 2743 b
706 2711 768 2743 de.
935 2712 975 2743 18
996 2711 1254 2743 liacdificiorum
1273 2712 1316 2743 B.
1504 2711 1664 2743 Caesaris

177 2771 254 2800 erat
271 2766 302 2798 A
317 2765 378 2807 (B)
394 2763 474 2802 CD,
496 2761 656 2794 Caesaris
677 2762 709 2793 id
729 2767 804 2793 erat
824 2763 841 2793 b
854 2762 945 2794 cde.
1101 2763 1144 2796 20
1163 2763 1294 2794 uellent
1311 2763 1356 2794 D.
1499 2762 1663 2794 deficeret

180 2821 211 2853 b,
351 2817 395 2852 22
413 2819 595 2858 potuerant
613 2814 761 2854 effugere
780 2815 853 2846 AB
867 2815 934 2847 CD
948 2826 963 2845 υ
985 2816 1079 2846 ‘mss
1102 2818 1241 2847 tantum
1263 2826 1332 2847 non
1351 2814 1494 2854 omnes',
1515 2814 1663 2855 effugere

178 2874 361 2917 potuerant
378 2880 413 2901 u.
577 2867 618 2901 23
639 2867 800 2899 sotietate
821 2867 861 2898 B.
1025 2867 1069 2900 27
1088 2868 1302 2900 conditiones
1322 2870 1357 2899 et
1374 2867 1568 2899 conditione
1587 2865 1659 2906 (B).

1698 891 1738 923 10

1697 1229 1738 1262 15

1695 1568 1738 1602 20
