1835 3240
82 145 165 187 444
608 148 682 190 DE
714 148 903 191 BELLO
936 148 1186 192 GALLICO

86 258 144 303 66
168 273 242 312 que
265 260 476 301 distribuit.
520 260 701 313 Interea,
736 265 823 303 dum
857 263 952 303 haec
973 271 1190 317 geruntur,
1225 265 1394 306 hostium
1427 266 1561 320 copiae
1593 280 1642 307 ex

160 327 359 369 Aruernis
383 330 628 383 equitesque,
655 331 718 385 qui
742 330 812 370 toti
836 328 992 370 Galliae
1015 339 1129 371 erant
1149 332 1358 386 imperati,
1383 334 1638 374 conueniunt.

112 394 139 434 2
159 392 310 449 Magno
335 397 470 437 horum
495 405 630 437 coacto
654 411 834 447 numero,
859 411 942 437 cum
962 396 1115 438 Caesar
1135 399 1175 440 in
1191 398 1397 453 Sequanos
1421 415 1490 455 per
1510 409 1644 441 extre-

159 477 244 503 mos
256 462 479 517 Lingonum
502 466 599 504 fines
622 465 699 504 iter
722 466 884 515 faceret,
910 481 985 519 quo
1007 466 1162 506 facilius
1185 468 1397 508 subsidium
1419 469 1644 522 prouinciae

162 531 257 571 ferri
282 538 438 585 posset,
475 532 636 572 circiter
666 533 771 573 milia
794 547 978 587 passuum
1002 535 1136 575 decem
1161 535 1206 575 ab
1230 534 1420 576 Romanis
1444 536 1556 576 trinis
1580 550 1642 576 ca·
1676 544 1693 575 5

115 596 139 637 3
162 598 256 638 stris
281 598 592 653 Vercingetorix
614 601 792 642 consedit
813 602 1118 655 oonuocatisque
1141 603 1188 643 ad
1211 603 1416 643 concilium
1441 604 1646 656 praefectis

163 666 337 719 equitum
360 667 520 708 uenisse
545 674 697 722 tempus
721 670 909 710 uictoriae
932 670 1191 710 demonstrat.
1236 669 1394 724 Fugere
1428 671 1466 710 in
1490 672 1649 724 prouin-

116 733 142 772 4
165 733 264 773 ciam
287 732 489 774 Romanos
513 733 720 790 Galliaque
743 738 955 778 excedere.
1010 736 1053 777 Id
1085 738 1160 778 sibi
1191 739 1239 778 ad
1271 745 1518 792 praesentem
1550 739 1649 779 obti-

163 801 331 841 nendam
361 801 582 843 libertatem
620 805 719 845 satis
744 819 858 855 esse,
895 806 942 846 ad
973 806 1113 859 reliqui
1146 807 1334 860 temporis
1369 820 1502 860 pacem
1535 813 1649 860 atque

164 869 285 909 otium
307 883 442 923 parum
466 873 625 924 profici:
651 874 864 914 maioribus
887 874 988 914 enim
1012 875 1160 915 coactis
1184 875 1304 928 copiis
1327 888 1562 915 reuersuros
1584 888 1652 915 ne-
1685 882 1725 914 10

162 949 236 988 que
258 937 374 978 finem
394 937 564 980 bellandi
587 942 776 982 facturos.
831 940 1004 983 Proinde
1034 943 1188 996 agmine
1220 943 1424 996 impeditos
1447 942 1651 982 adoriren-

115 1002 139 1042 5
163 1009 241 1043 tur.
278 1002 322 1045 Si
344 1007 493 1059 pedites
515 1009 598 1049 suis
621 1010 809 1050 auxilium
832 1011 962 1051 ferant
984 1018 1100 1064 atque
1124 1012 1162 1050 in
1184 1025 1230 1051 eo
1253 1017 1471 1060 morentur,
1496 1010 1573 1050 iter
1594 1011 1650 1050 fa-

163 1085 253 1112 cere
276 1087 354 1114 non
377 1089 517 1128 posse3
551 1078 599 1128 si,
624 1078 661 1117 id
684 1079 785 1131 quod
807 1079 932 1132 magis
957 1080 1125 1119 futurum
1149 1079 1333 1129 confidat,
1358 1078 1507 1118 relictis
1529 1078 1650 1132 impe-

163 1138 345 1181 dimentis
369 1157 464 1183 suae
487 1145 604 1185 saluti
629 1146 852 1194 cousulant,
882 1154 920 1186 et
943 1161 1014 1187 usu
1036 1161 1168 1187 rerum
1193 1147 1509 1187 necessariarum
1534 1152 1572 1186 et
1594 1146 1650 1185 di-

115 1205 142 1246 6
164 1208 316 1261 gnitate
338 1212 545 1264 spoliatum
570 1214 633 1252 iri.
678 1213 783 1254 Nam
808 1215 853 1254 (le
877 1215 1068 1267 equitibus
1094 1216 1287 1264 hostium,
1327 1214 1418 1267 quin
1451 1228 1565 1253 nemo
1589 1227 1653 1254 eo-
1688 1221 1726 1253 15

165 1290 250 1316 rum
274 1280 457 1331 progredi
481 1281 594 1321 modo
618 1289 733 1321 extra
755 1297 895 1335 agmen
919 1283 1085 1332 audeat,
1122 1290 1162 1322 et
1182 1283 1289 1336 ipsos
1311 1282 1463 1335 quidem
1486 1296 1564 1321 non
1587 1282 1652 1321 de-

164 1344 257 1384 bere
281 1345 474 1397 dubitare,
502 1355 541 1388 et
563 1363 637 1401 quo
661 1350 810 1389 maiore
836 1350 981 1390 faciant
1002 1351 1132 1391 animo
1149 1381 1158 1398 ,
1195 1351 1326 1404 copias
1358 1364 1400 1389 se
1424 1363 1560 1389 omnes
1583 1363 1652 1403 pro

116 1411 142 1451 7
165 1413 305 1453 eastris
330 1414 551 1456 habiturum
576 1424 613 1457 et
637 1417 781 1457 terrori
804 1418 981 1458 hostibus
1004 1419 1195 1458 futurum.
1260 1417 1523 1459 Conclamant
1546 1416 1652 1469 equi-

162 1487 245 1521 tes:
270 1483 521 1524 sanctissimo
544 1485 800 1526 iureiurando
824 1487 1045 1526 confirmari
1071 1495 1270 1540 oportere,
1295 1500 1344 1526 ne
1368 1493 1470 1525 teoto
1490 1484 1653 1539 recipia-

165 1555 244 1599 tur,
270 1564 318 1590 ne
340 1551 386 1590 ad
410 1551 573 1603 liberos,
599 1567 648 1594 ne
671 1555 717 1594 ad
741 1562 942 1608 parentes,
968 1555 1015 1595 ad
1040 1569 1203 1595 uxorem
1228 1555 1374 1594 aditum
1398 1553 1539 1593 habeat
1555 1583 1566 1603 ,
1591 1553 1654 1605 qui
1685 1560 1727 1593 20

88 1615 146 1660 67
167 1631 244 1656 non
267 1617 326 1658 bis
349 1634 419 1673 per
441 1634 582 1674 agmen
606 1622 774 1662 hostium
798 1624 1097 1676 perequitasset.
1129 1622 1303 1664 Probata
1326 1637 1368 1662 re
1391 1629 1505 1675 atque
1528 1621 1651 1661 omni-

161 1684 236 1725 bus
258 1686 510 1728 iureiurando
533 1690 684 1730 adactis
708 1698 866 1744 postero
902 1692 963 1731 die
995 1692 1032 1731 iu
1058 1699 1138 1732 tres
1162 1699 1291 1745 partes
1316 1690 1522 1731 distributo
1545 1688 1654 1742 equi-

162 1759 246 1793 tatu
270 1754 367 1795 duae
391 1769 433 1795 se
457 1757 561 1797 acies
584 1758 630 1797 ab
653 1759 803 1799 duobus
825 1759 1015 1799 lateribus
1038 1760 1267 1809 ostendunt,
1295 1773 1370 1798 una
1393 1758 1518 1812 primo
1531 1758 1653 1812 agmi-

117 1820 141 1859 2
166 1834 214 1861 ne
243 1822 320 1862 iter
349 1823 537 1877 impedire
567 1827 710 1879 coepit.
766 1824 856 1878 Qua
887 1841 929 1867 re
964 1827 1142 1867 nuntiata
1166 1825 1320 1867 Caesar
1352 1841 1465 1867 suum
1499 1839 1652 1879 quoque

121 1888 145 1929 3
169 1890 382 1942 equitatum
416 1893 612 1947 tripertito
645 1895 813 1935 diuisum
843 1903 982 1936 eontra
1008 1896 1165 1947 :hostem
1198 1896 1255 1935 ire
1277 1894 1398 1935 iubet.
1450 1893 1657 1949 Pugnatur
1686 1902 1727 1936 25

309 2030 329 2061 2
350 2034 420 2060 tota
440 2029 553 2062 Gallia
571 2033 696 2064 aede.
842 2034 860 2066 3
880 2034 911 2065 iu
934 2034 1111 2076 Sequanos
1126 2044 1193 2066 om.
1217 2034 1307 2065 bde.
1451 2032 1544 2072 4Lig
1563 2042 1656 2063 orum

163 2088 210 2109 m.
226 2088 284 2119 pr.
308 2079 350 2111 B.
493 2083 686 2124 prouintiae
703 2085 743 2116 B.
889 2086 905 2116 5
927 2085 1018 2117 ferre
1040 2086 1097 2117 be.
1256 2096 1276 2117 x
1296 2083 1372 2128 (B).
1536 2084 1557 2116 8
1576 2081 1655 2114 Gat-

164 2131 313 2173 liamque
332 2136 416 2164 ante
435 2145 527 2167 corr.
548 2137 590 2168 B.
759 2138 798 2171 10
817 2138 982 2180 proficere
1001 2149 1048 2170 m.
1067 2149 1135 2169 see.
1161 2138 1199 2169 C.
1367 2137 1403 2169 11
1426 2135 1576 2167 bellandi
1596 2135 1654 2166 Be

165 2184 311 2226 reliqui,
333 2186 415 2217 belli
436 2188 453 2218 I)
466 2188 500 2219 d.
690 2190 909 2222 adorirentur
926 2191 958 2222 A
972 2191 1001 2230 b,
1024 2190 1224 2221 adorientur
1241 2190 1271 2221 B
1285 2189 1377 2228 CD,·
1398 2188 1600 2219 adoriantur
1618 2196 1651 2217 u.

163 2236 203 2268 P·
223 2237 280 2268 85·
449 2239 487 2271 12
506 2240 654 2283 pedites]
675 2241 926 2283 impedimentis
947 2243 976 2273 b.
997 2242 1037 2273 P.
1060 2241 1135 2275 102.
1291 2240 1405 2271 facere
1425 2239 1455 2270 B
1476 2238 1650 2279 ‘1·el1'qetz'',

165 2287 285 2319 confici
306 2288 427 2320 bede.
617 2291 657 2323 13
678 2292 871 2324 confidebat
889 2304 906 2323 e
925 2295 975 2333 et,
1006 2294 1070 2334 qui
1087 2291 1207 2323 credat
1219 2292 1448 2332 praemittit,
1477 2289 1507 2319 b.

168 2339 209 2370 14
227 2340 458 2372 necessarium
478 2341 508 2372 B
524 2341 565 2373 C.
709 2343 748 2375 15
768 2343 910 2385 spoliari
931 2344 960 2374 b.
1104 2340 1199 2384 quin]
1221 2341 1307 2383 quod
1329 2341 1360 2371 b.
1530 2339 1569 2372 16
1588 2350 1656 2370 mo-

166 2389 206 2420 ‹lo
226 2400 294 2421 om.
318 2391 376 2421 be.
519 2398 554 2424 et
573 2394 664 2436 ipsos
684 2395 819 2436 quidem
840 2405 904 2426 non
924 2395 1046 2426 debere
1065 2394 1095 2426 B
1116 2394 1208 2424 ‘mei
1226 2392 1389 2433 7·el1'qm‘’,
1413 2403 1452 2423 ¹¹ss
1472 2392 1562 2434 iPSOS
1583 2391 1655 2433 qui-

167 2439 239 2471 dem
259 2441 383 2473 debere
403 2444 420 2474 b
435 2444 524 2476 cde.
683 2445 723 2477 17
742 2450 776 2477 et
794 2456 857 2487 quo
877 2455 952 2486 ego,
975 2445 1007 2476 id
1026 2455 1089 2487 quo
1109 2444 1209 2475 codd.
1230 2443 1269 2475 P.
1294 2443 1367 2477 102.
1531 2443 1569 2475 18
1590 2448 1656 2474 ter-

167 2492 235 2523 rori
254 2493 410 2525 hostibus
430 2506 493 2526 non
515 2496 709 2528 defuturum
728 2497 801 2537 ad,
830 2498 954 2529 terrori
974 2498 1121 2529 bostium
1140 2507 1205 2528 non
1226 2495 1422 2528 defuturum
1452 2508 1517 2536 ce,
1548 2501 1657 2528 terro-

166 2552 236 2574 rem
257 2543 401 2575 bostium
421 2556 485 2576 non
507 2546 702 2578 desuturum
722 2549 751 2579 b.
899 2548 1133 2580 conclamante
1153 2550 1235 2579 ante
1255 2557 1347 2579 corr.
1368 2547 1410 2578 B.
1551 2548 1594 2582 20
1614 2548 1655 2579 ad

167 2604 307 2626 uxorem
326 2595 384 2627 Be
404 2596 450 2636 (is
470 2600 504 2628 et
523 2598 541 2629 b
559 2600 700 2637 uxores)
722 2598 896 2641 ‘reliqui',
919 2610 959 2631 ne
979 2600 1020 2631 ad
1039 2610 1180 2631 uxorem
1201 2600 1252 2631 ed
1269 2604 1306 2631 elv
1322 2610 1390 2630 sec.
1408 2610 1454 2631 m.
1468 2600 1511 2631 A.

165 2647 205 2682 21
227 2647 278 2679 bis
297 2658 365 2679 om.
383 2649 416 2680 A
429 2660 458 2680 e.
602 2652 858 2694 perequitasset
875 2652 905 2683 B
923 2655 958 2683 et
973 2652 1122 2693 reliqui,
1144 2652 1371 2694 perequitarit
1389 2663 1405 2683 e
1423 2652 1516 2684 And.
1541 2652 1655 2684 Ooeon.

169 2698 246 2739 (kz'c
262 2717 306 2723 —
322 2700 465 2742 tauerit)
485 2711 520 2732 u.
541 2701 582 2732 P.
604 2702 659 2734 85.
816 2702 860 2737 22
878 2703 1098 2735 iureiurando
1116 2703 1147 2734 B
1167 2702 1339 2745 ‘reliqai',
1361 2704 1403 2735 ad
1423 2703 1657 2735 iusiurandum

172 2751 189 2782 b
202 2762 219 2782 c
233 2751 294 2783 cle.
483 2753 570 2784 actis
591 2753 623 2784 b.
787 2758 858 2786 tres
876 2753 938 2796 (B)
959 2755 1035 2786 edd.
1055 2758 1139 2787 ante
1157 2766 1179 2787 u
1198 2755 1310 2797 (solus
1327 2756 1441 2788 Aldus
1461 2757 1573 2798 treis),
1594 2756 1656 2788 tris

168 2806 246 2835 sine
265 2807 504 2837 annotatione
522 2816 558 2838 u.
699 2807 741 2839 23
761 2817 827 2838 una
846 2807 951 2849 primo
966 2808 997 2839 B
1018 2809 1112 2840 ‘mss.
1133 2809 1271 2849 mulli}-
1290 2819 1355 2841 una
1373 2819 1391 2841 a
1410 2809 1517 2851 prima
1537 2809 1566 2849 b,
1590 2818 1655 2840 uua

169 2866 187 2887 a
206 2856 311 2899 primo
331 2867 395 2888 eu.
537 2859 578 2891 25
600 2858 771 2901 tripertito
791 2859 832 2900 B,
854 2869 924 2892 non
943 2859 1129 2903 tripartite.
