1835 3240
89 172 172 215 262
620 170 694 212 DE
726 169 918 212 BELLO
949 167 1201 212 GALLICO

165 284 370 335 Ambarri,
404 284 622 326 necessarii
644 291 684 325 et
705 283 990 338 consanguinei
1012 282 1266 325 Haeduorum
1280 315 1290 335 ‚
1325 281 1541 325 Caesarem
1564 297 1649 324 cer-

168 353 310 394 tiorem
341 352 493 393 faciunt
521 367 612 394 sese
643 352 884 406 depopulatis
917 352 1024 406 agris
1056 366 1135 392 non
1165 352 1279 392 facile
1310 352 1357 392 ab
1389 352 1539 406 oppidis
1569 351 1646 391 uim

121 420 146 462 5
169 421 340 462 hostium
361 420 584 474 probibere.
629 418 727 459 Item
749 419 1009 472 Allobroges,
1042 419 1107 472 qui
1137 426 1246 460 trans
1275 418 1510 459 Rhodanum
1539 419 1650 459 uicos

170 489 524 543 possessionesque
547 487 765 535 habebant,
797 488 889 541 fuga
920 501 963 528 se
991 487 1039 528 ad
1062 485 1276 528 Caesarem
1306 487 1502 540 recipiunt
1523 494 1563 527 et
1584 487 1649 527 de-

121 556 148 598 6
169 564 394 598 monstrant
415 556 490 595 sibi
513 561 671 609 praeter
690 555 776 609 agri
797 556 924 596 solum
946 556 1042 596 nihil
1064 570 1152 597 esse
1168 555 1326 608 reliqui.
1362 552 1514 606 Quibus
1527 554 1646 595 rebus

170 625 359 665 adductus
382 621 534 663 Caesar
555 637 633 663 non
656 624 940 677 expectandum
964 624 1036 664 sibi
1060 624 1220 673 statuit,
1256 623 1344 663 dum
1368 621 1548 661 omnibus
1571 622 1651 662 for-

169 693 277 733 tunis
299 691 495 732 sociorum
517 692 756 746 consumptis
778 692 816 731 iu
841 690 1039 733 Santonos
1061 691 1236 732 Heluetii
1259 689 1528 744 peruenirent.

95 760 148 805 12
279 757 446 799 Flumen
476 765 537 799 est
555 758 676 808 Arar,
711 760 811 813 quod
834 773 904 813 per
923 760 1020 800 fines
1042 759 1294 800 Haeduorum
1319 765 1358 799 et
1380 755 1653 811 Sequanorum

171 828 214 869 iu
234 826 471 868 Rhodanum
492 827 644 875 influit,
678 828 899 869 incredibili
920 828 1081 868 leuitate
1096 858 1106 877 ‚
1142 827 1197 867 ita
1221 834 1262 867 ut
1284 826 1406 866 oculis
1422 856 1433 875 ‚
1465 826 1505 866 iu
1528 831 1654 865 utram

172 901 321 949 partem
345 894 460 943 fluat,
494 894 660 936 iudicari
683 909 760 935 non
782 896 920 950 possit.
965 894 1007 936 Id
1030 895 1205 936 Helue-tii
1227 895 1377 935 ratibus
1409 908 1454 934 ac
1477 892 1656 934 lintribus

125 963 152 1004 2
172 962 316 1003 iunctis
337 962 573 1003 transibant.
618 960 696 1002 Vbi
719 977 789 1017 per
810 963 1084 1018 exploratores
1107 961 1258 1004 Caesar
1279 962 1426 1003 certior
1448 965 1573 1002 tactus
1596 967 1657 1001 est

175 1038 257 1071 tres
279 1031 355 1071 iam
379 1037 511 1085 partes
534 1031 734 1085 copiarum
755 1030 961 1073 Heluetios
983 1032 1019 1071 id
1044 1032 1185 1071 flumen
1207 1031 1450 1076 traduxisse,
1476 1036 1654 1082 quartam

174 1099 259 1139 fere
280 1105 430 1152 partem
453 1099 552 1139 citra
574 1099 718 1140 flumen
740 1099 900 1140 Ararim
930 1100 1121 1152 reliquam
1150 1114 1263 1149 esse,
1298 1100 1344 1139 de
1373 1098 1490 1139 tertia
1521 1097 1653 1151 uigilia

174 1180 260 1206 cum
282 1166 502 1219 legionibus
525 1168 649 1208 tribus
674 1181 695 1208 e
717 1168 860 1208 castris
883 1169 1083 1222 profectus
1107 1168 1153 1207 ad
1177 1181 1260 1207 eam
1283 1174 1431 1221 partem
1455 1164 1653 1220 peruenit,

122 1233 148 1274 3
171 1248 270 1288 quae
292 1235 462 1275 nondum
484 1235 626 1275 flumen
648 1236 878 1276 transierat.
921 1234 1004 1275 Eos
1026 1235 1234 1288 impeditos
1257 1242 1295 1275 et
1315 1235 1567 1288 inopinantes
1591 1233 1656 1272 ad-

173 1316 337 1357 gressus
358 1317 539 1356 maguam
562 1310 711 1357 partem
735 1317 869 1345 eorum
892 1303 1087 1343 concidit:
1120 1303 1262 1355 reliqui
1292 1315 1381 1342 sese
1415 1302 1528 1355 fugae
1550 1313 1658 1339 man-

130 1369 156 1409 4
178 1370 323 1410 darunt
343 1377 458 1422 atque
480 1371 520 1411 in
545 1371 746 1424 proximas
769 1371 890 1411 siluas
914 1371 1163 1410 abdiderunt.
1217 1368 1255 1409 Is
1285 1383 1406 1423 pagus
1438 1366 1660 1421 appellaba-

178 1444 243 1478 tur
276 1436 521 1490 Tigurinus:
567 1453 654 1480 nam
686 1440 813 1479 omnis
844 1438 984 1479 ciuitas
1016 1437 1202 1478 Heluetia
1232 1437 1273 1476 in
1315 1443 1500 1490 quattuor
1539 1449 1659 1490 pagos

128 1504 153 1546 5
176 1505 303 1546 diuisa
325 1512 400 1546 est.
445 1505 521 1547 Hic
543 1521 665 1561 pagus
690 1521 810 1557 unus,
845 1521 927 1547 cum
952 1507 1065 1547 domo
1087 1505 1239 1546 exisset
1260 1512 1412 1558 patrum
1434 1511 1661 1544 nostrorum

178 1575 380 1623 memoria,
405 1573 458 1615 L.
476 1572 659 1616 Cassium
683 1576 885 1616 consulem
908 1575 1162 1615 interfecerat
1184 1580 1223 1614 et
1241 1573 1325 1613 eius
1349 1572 1569 1612 exercitum
1592 1570 1663 1610 sub

129 1640 156 1682 6
177 1642 310 1696 iugum
334 1643 509 1684 miserat.
565 1642 628 1683 Ita
659 1643 745 1684 siue
775 1657 870 1684 casu
900 1643 986 1683 siue
1009 1641 1173 1683 consilio
1195 1641 1355 1680 deorum
1376 1639 1659 1689 inmortalium,

177 1724 278 1764 quae
298 1724 390 1764 pars
413 1711 586 1752 ciuitatis
599 1710 810 1751 Heluetiae
832 1711 1026 1765 insignem
1050 1709 1310 1750 calamitatem
1325 1708 1467 1761 populo
1480 1706 1661 1747 Romano

130 1777 157 1818 7
178 1777 386 1825 intulerat,
411 1791 457 1818 ea
479 1778 660 1833 princeps
684 1793 830 1832 poenas
853 1779 1053 1833 persoluit.
1097 1775 1186 1829 Qua
1207 1777 1247 1817 in
1269 1790 1312 1816 re
1327 1773 1480 1816 Caesar
1502 1789 1579 1814 uon
1602 1788 1666 1814 so-

177 1846 258 1886 lum
295 1845 496 1900 publicas,
529 1847 598 1888 sed
635 1848 752 1887 etiam
784 1848 957 1901 priuatas
990 1846 1154 1886 iniurias
1187 1847 1291 1886 ultus
1323 1852 1407 1894 est,
1444 1843 1545 1896 quod
1577 1842 1663 1883 eius

326 1990 337 2022 1
361 1990 554 2022 Heduorum
573 2000 604 2022 ιι.
746 1990 927 2022 Caesarem
947 1990 1064 2031 uin-J'.
1209 1988 1228 2020 2
1250 1988 1348 2027 ζεοιῃ,
1367 1997 1446 2028 sup.
1467 1997 1486 2017 u
1505 1995 1612 2026 super
1630 1997 1661 2025 0,

181 2042 257 2083 dep.
277 2039 347 2073 Απ’
367 2040 552 2081 δοΙιηθίά.,
573 2041 743 2084 depalatis
763 2044 797 2073 et
814 2052 855 2083 po
875 2043 942 2072 int.
964 2040 1106 2081 uer-suf.
1263 2039 1281 2071 3
1299 2039 1502 2079 Allabroges
1526 2038 1567 2069 Ε.

180 2093 355 2125 Rodanum
372 2093 445 2134 Es.
612 2094 630 2125 6
650 2094 898 2135 expectandum
924 2091 1025 2134 (a)s.
1187 2091 1205 2124 7
1218 2091 1389 2123 Santonos
1413 2091 1554 2123 ADEb
1572 2101 1589 2122 c
1606 2092 1661 2132 es,

180 2145 370 2177 Sanctonos
392 2144 463 2176 Ca.
577 2145 596 2177 8
625 2143 819 2175 Heduorum
846 2154 880 2175 α.
992 2144 1010 2175 ‘J
1030 2142 1205 2174 Rodanum
1232 2143 1291 2183 as.
1388 2142 1463 2173 fluit
1478 2142 1516 2183 f.

180 2196 306 2238 utram]
326 2206 425 2238 quam
450 2196 516 2228 Art
529 2220 537 2236 ‚
565 2207 612 2228 m.
630 2206 688 2237 pr.
707 2196 783 2236 Ao,
816 2205 924 2226 manu
944 2194 1186 2226 emendatoris
1203 2203 1304 2224 eraso
1319 2195 1446 2234 priore
1462 2193 1539 2234 Αφ,
1570 2191 1667 2233 quod

183 2247 298 2287 credo,
317 2248 399 2289 clf.
498 2247 534 2279 10
553 2247 673 2278 influat
690 2257 737 2278 m.
752 2256 812 2288 pr.
831 2246 876 2286 A,
897 2246 1023 2276 defluat
1040 2255 1085 2276 m.
1104 2254 1162 2286 pr.
1186 2244 1226 2275 C.
1319 2244 1521 2285 indicares.

183 2298 263 2340 non]
284 2298 341 2329 uix
359 2298 549 2330 Az‘moz'mts
563 2299 684 2340 praes.
707 2308 735 2329 e.
756 2299 790 2330 4.
942 2297 990 2339 id]
1012 2297 1044 2328 ifi
1062 2297 1130 2335 Ao,
1150 2297 1183 2328 in
1202 2297 1234 2328 id
1257 2297 1334 2339 Acp.
1462 2294 1603 2326 lintibus
1619 2294 1664 2325 A.

327 2349 363 2381 11
387 2350 528 2390 essetf.
754 2348 795 2382 12
813 2354 928 2391 partes
943 2348 1115 2390 copiarum
1134 2348 1166 2379 A
1181 2348 1251 2379 CD
1264 2358 1285 2379 (ι
1304 2357 1422 2378 οιηηθε
1440 2344 1663 2383 Schneider-2¹,-

183 2411 258 2443 cop.
278 2404 367 2442 part.
387 2410 421 2431 u.
567 2400 787 2432 tranduxissc
807 2402 881 2443 Ccp,
908 2400 1148 2431 transduxisse
1171 2401 1233 2431 Co.
1372 2398 1411 2430 13
1432 2397 1504 2428 fere
1521 2396 1665 2436 ACDE,

182 2463 265 2485 uero
285 2452 337 2494 (a)
354 2452 371 2483 b
385 2452 441 2493 cf.
591 2452 684 2484 circa
706 2453 746 2484 C.
867 2453 909 2485 14
928 2463 944 2483 e
961 2463 1029 2484 om.
1051 2463 1084 2483 α.
1211 2452 1245 2483 15
1264 2450 1478 2482 transierant
1494 2459 1541 2480 m.
1559 2458 1614 2490 pr.
1627 2450 1665 2489 f.

327 2503 520 2544 inopinatos
541 2502 571 2535 b.
683 2503 867 2544 adgressus
884 2503 918 2535 A
931 2503 1027 2544 Cas.
1126 2503 1164 2535 16
1183 2506 1314 2544 partem
1333 2511 1447 2532 eorum
1466 2501 1498 2532 A
1510 2500 1571 2540 (D)
1584 2500 1641 2531 Ee
1655 2524 1663 2538 ,

184 2565 256 2587 eor.
277 2558 363 2596 part.
384 2553 436 2594 (a)
450 2554 510 2595 bs.
676 2554 819 2595 reliquis
839 2564 916 2586 6556
940 2553 1039 2594 fugae
1057 2553 1107 2592 A,
1128 2552 1250 2594 reliqui
1271 2562 1307 2583 se
1326 2550 1425 2591 fugae
1445 2551 1513 2592 as,
1545 2550 1668 2592 reliqui

185 2607 286 2648 fugae
305 2615 381 2637 sese
408 2615 428 2635 u
448 2608 572 2637 contra
591 2605 692 2637 codd.
713 2608 750 2636 et
765 2604 842 2636 edd.
862 2606 1079 2646 superiores.
1236 2604 1271 2635 17
1292 2603 1398 2633 siluas
1418 2602 1589 2644 proximas
1604 2601 1666 2642 as.

290 2658 342 2689 his
359 2667 406 2689 m.
422 2658 530 2699 pr.s.
701 2657 894 2699 appellatur
914 2656 986 2688 Cb.
1143 2655 1183 2687 18
1202 2654 1396 2697 Tyguriuus
1415 2654 1460 2686 A.
1571 2657 1668 2695 quat-

184 2714 262 2741 tuor
279 2709 355 2740 Aa.
498 2707 616 2751 pagos]
635 2712 752 2750 partes
775 2707 843 2747 C?,
866 2711 980 2749 partes
999 2706 1056 2737 uel
1075 2714 1177 2747 pagos
1198 2715 1218 2736 α
1233 2706 1290 2747 bs.
1311 2706 1350 2737 P.
1371 2705 1427 2737 85.
1552 2704 1590 2736 19
1611 2707 1663 2735 est

185 2760 298 2792 diuisa
315 2759 377 2802 as.
536 2770 624 2791 unus
644 2759 760 2800 om.f.
925 2758 967 2790 20
984 2756 1127 2788 Lucium
1146 2756 1215 2798 Es.
1380 2756 1419 2788 21
1442 2756 1516 2787 sine
1535 2755 1664 2796 casus.

263 2811 491 2843 inmortalium
510 2811 583 2843 AD
603 2813 657 2849 et,
678 2811 842 2852 quiante
861 2809 999 2841 deorum
1016 2811 1169 2850 ponunt,
1190 2809 1256 2851 af.
1353 2809 1396 2840 22
1414 2808 1547 2850 publice
1567 2807 1663 2848 reis.

261 2866 303 2897 23
324 2874 382 2896 eas
401 2874 448 2895 m.
466 2863 575 2906 pins.
693 2862 851 2904 princeps
879 2871 938 2903 per
962 2870 1088 2903 poenas
1106 2860 1149 2892 E.
1278 2871 1340 2892 non
1361 2860 1470 2892 solum
1489 2858 1662 2900 Caesars.

1689 899 1730 932 ’10

1690 1238 1731 1270 15

1693 1577 1738 1610 20
