1835 3240
96 572 114 603 5

73 909 114 941 10

78 1249 115 1281 15

74 1587 116 1620 20

76 1926 117 1957 25

562 174 747 218 COMM.
771 174 831 217 ΙΙΙ
853 173 977 217 CAP.
1003 172 1203 216 50-53.
1619 171 1698 214 591

145 292 319 335 liberatis
351 291 433 331 suis
465 289 537 330 hoc
571 290 641 330 fuit
670 296 878 330 contentus
911 302 1038 343 neque
1069 287 1219 343 proelio
1250 286 1455 327 decertare
1485 287 1624 336 uoluit,

144 373 242 414 quae
263 373 328 399 res
352 366 482 399 tamen
505 359 673 398 fortasse
695 359 859 411 aliquem
883 357 1079 411 reciperet
1099 369 1231 396 casum
1247 385 1258 404 ,
1284 367 1332 394 ne
1353 352 1625 407 imperatorias

142 428 215 468 sibi
238 434 369 481 partes
392 427 606 480 sumpsisse
628 426 846 466 uideretur.
887 423 1138 479 Pompeianis
1161 435 1340 477 magnam
1362 434 1427 462 res
1449 422 1497 461 ad
1519 435 1627 462 rece-
1648 421 1675 463 6

143 502 249 549 ptum
281 494 542 535 difficultatem
575 494 793 534 adferebat.
855 491 962 532 Nam
995 506 1046 532 ex
1077 491 1210 544 iniquo
1240 489 1441 545 progressi
1472 489 1559 528 loco
1588 490 1628 528 in

147 577 297 603 summo
321 563 603 603 constiterant:
628 562 661 602 si
684 575 753 615 per
774 560 923 600 decliue
945 574 1035 600 sese
1058 560 1294 614 reciperent,
1320 564 1478 598 nostros
1500 570 1550 596 ex
1565 570 1626 596 su·
1649 555 1675 596 7

143 632 297 686 periore
319 631 574 684 insequentes
597 630 684 670 loco
705 628 971 678 uerebantur3
998 641 1125 681 neque
1147 628 1306 667 multum
1330 626 1377 666 ad
1400 625 1496 665 solis
1518 638 1629 664 occa-

144 713 227 739 sum
250 699 436 753 temporis
459 704 689 751 supererat:
716 710 784 750 spe
807 696 909 736 enim
932 695 1162 735 conficiendi
1185 694 1333 748 negotii
1355 706 1474 748 prope
1495 693 1537 733 in
1559 706 1629 732 no-

146 774 244 807 ctem
276 781 357 807 rem
391 767 601 806 duxerant.
646 763 707 805 Ita
740 764 968 804 necessario
990 770 1106 816 atque
1129 776 1182 803 ex
1203 770 1379 816 tempore
1401 768 1514 815 capto
1537 774 1629 801 con·
1650 758 1678 800 8

146 835 233 875 silio
256 832 468 889 Pompeius
502 833 689 873 tumulum
724 832 915 885 quendam
945 831 1169 884 occupauit,
1194 831 1259 883 qui
1282 837 1431 871 tantum
1453 828 1588 869 aberat
1610 841 1632 868 a

146 909 282 942 nostro
306 902 487 951 castello,
515 908 556 941 ut
578 902 694 941 telum
719 907 914 940 tormento
937 898 1099 939 missum
1122 898 1225 952 adigi
1248 912 1325 938 non
1348 905 1492 951 posset.
1543 895 1632 937 Hoc

147 970 325 1010 consedit
346 970 432 1009 loeo
446 976 562 1024 atque
577 983 662 1009 eum
679 967 934 1008 communiuit
955 979 1168 1019 omnesque
1190 966 1242 1005 ibi
1266 966 1398 1019 copias
1421 966 1629 1006 continuit.

145 1036 295 1077 Eodem
319 1044 495 1090 tempore
518 1037 666 1077 duobus
690 1042 895 1089 praeterea
918 1034 1014 1074 locis
1037 1040 1252 1087 pugnatum
1283 1040 1367 1073 est:
1403 1048 1490 1073 nam
1524 1034 1634 1087 plura
1656 1034 1712 1078 52

146 1105 308 1146 castella
329 1103 539 1159 Pompeius
569 1104 718 1158 pariter
747 1103 994 1143 distinendae
1027 1115 1165 1142 manus
1197 1114 1315 1141 causa
1352 1108 1630 1154 temptauerat,

149 1187 197 1213 ne
227 1187 279 1213 ex
311 1172 504 1226 proximis
537 1172 742 1226 praesidiis
774 1170 953 1211 succurri
985 1176 1132 1223 posset.
1183 1167 1275 1210 Vno
1307 1169 1393 1209 loco
1425 1167 1633 1210 Volcatius
1655 1170 1683 1210 2

149 1240 290 1280 Tullus
304 1240 489 1293 impetum
511 1240 679 1295 legionis
702 1237 1130 1279 sustinuitcohortibus
1153 1237 1277 1277 tribus
1300 1243 1417 1289 atque
1439 1250 1524 1277 eam
1547 1237 1634 1277 loco

148 1308 316 1362 depuli13
355 1308 481 1348 altero
504 1306 693 1348 Germani
725 1307 964 1347 munitiones
996 1314 1153 1346 nostras
1187 1304 1339 1358 egressi
1372 1304 1634 1359 compluribus

147 1376 370 1416 interfectis
404 1389 492 1416 sese
525 1377 574 1416 ad
603 1390 696 1416 suos
737 1375 954 1414 incolumes
993 1380 1242 1427 receperunt.
1306 1371 1367 1413 Ita
1399 1386 1476 1412 uno
1505 1372 1566 1413 die
1587 1371 1712 1416 V153

150 1444 310 1497 proeliis
335 1444 462 1492 factis,
490 1444 616 1484 tribus
639 1445 686 1483 ad
710 1442 1016 1498 Dyrrhachium,
1042 1442 1168 1482 trihus
1191 1442 1238 1482 ad
1261 1440 1498 1481 munitiones
1513 1471 1523 1490 ,
1549 1455 1637 1480 cum

150 1512 288 1552 horum
320 1513 492 1552 omnium
524 1513 627 1552 ratio
660 1512 895 1560 haberetur,
939 1511 985 1551 ad
1018 1511 1181 1550 duorum
1213 1508 1360 1548 milium
1392 1522 1555 1549 numero
1585 1522 1639 1549 ex

148 1578 402 1633 Pompeianis
427 1581 616 1621 cecidisse
638 1580 951 1634 reperiebamus,
977 1585 1164 1619 euocatos
1187 1577 1519 1630 centurionesque
1533 1591 1638 1617 com-

149 1648 280 1701 plures
311 1648 371 1699 (in
395 1662 440 1689 eo
465 1648 537 1688 fuit
567 1662 731 1688 numero
754 1647 943 1689 Valerius
964 1645 1157 1696 Flaccus,
1191 1644 1243 1685 L.
1270 1645 1371 1685 filius
1387 1675 1397 1694 ‚
1431 1644 1541 1694 eius,
1574 1645 1637 1698 qui
1659 1644 1687 1686 2

148 1722 309 1773 praetor
340 1716 479 1755 Asiam
510 1717 779 1768 obtinuerat);
826 1716 1018 1769 signaque
1049 1720 1142 1754 sunt
1172 1713 1358 1754 militaria
1389 1726 1465 1752 sex
1495 1712 1636 1752 relata.

150 1782 292 1823 Nostri
315 1798 393 1823 non
415 1784 581 1837 amplius
601 1791 671 1824 XX
692 1784 872 1824 omnihus
905 1790 997 1823 sunt
1025 1781 1186 1836 proeliis
1219 1780 1447 1821 desiderati.
1495 1777 1576 1820 Sed
1597 1780 1637 1820 in
1659 1779 1684 1821 3

152 1851 314 1892 castello
337 1866 451 1892 nemo
487 1852 559 1892 fuit
581 1852 739 1892 omnino
762 1852 924 1892 militum
941 1881 951 1900 ,
987 1851 1079 1904 quin
1102 1850 1405 1898 uulneraretur,
1437 1854 1641 1900 quattuor-

150 1933 225 1972 que
247 1934 300 1960 ex
321 1934 398 1960 una
419 1920 581 1960 cohorte
604 1920 857 1960 centuriones
879 1919 1014 1959 oculos
1036 1918 1269 1959 amiserunt.
1309 1915 1361 1956 Et
1385 1930 1471 1956 cum
1493 1915 1639 1956 laboris
1660 1915 1689 1956 4

154 1988 212 2026 sui
237 1987 475 2041 periculique
497 1988 762 2028 testimonium
784 1987 941 2027 adferre
971 1987 1145 2036 uellent,
1180 1985 1288 2025 milia
1310 1984 1540 2039 sagittarum
1564 1984 1642 2024 cir—

154 2055 254 2095 citer
274 2062 376 2095 XX'X
404 2056 445 2095 iu
477 2055 680 2096 castellum
703 2055 884 2095 coniecta
906 2053 1073 2095 Caesari
1093 2059 1475 2102 renumerauerunt‚
1508 2059 1643 2092 scuto-

154 2137 227 2176 que
250 2123 298 2163 ad
321 2138 408 2164 eum
431 2125 557 2165 relato
581 2121 761 2165 Scaeuae
785 2123 1031 2163 centurionis
1050 2122 1216 2162 inuenta
1236 2127 1329 2161 sunt
1350 2120 1391 2160 in
1412 2133 1458 2160 eo
1482 2119 1642 2160 forami-

297 2295 316 2328 3
335 2305 490 2337 magnam
507 2297 548 2328 P,
568 2296 767 2337 Manutius,
789 2306 909 2336 magna
928 2305 950 2327 a
969 2295 1065 2327 ἠως.
1082 2293 1272 2336 pleriqae'.
1422 2293 1441 2324 4
1461 2290 1645 2323 adferebat

154 2358 188 2380 a.
345 2349 363 2380 5
380 2348 535 2390 recipere
552 2359 587 2381 a.
752 2349 770 2381 7
791 2348 953 2390 temporis
973 2351 1153 2390 supererat
1169 2356 1191 2377 a
1209 2345 1288 2377 edd.
1308 2347 1393 2376 ante
1410 2354 1446 2384 u,
1466 2348 1647 2386 supererat

155 2399 316 2441 temporis
335 2402 411 2431 sine
430 2402 665 2432 annotatione
683 2410 719 2431 u.
901 2399 921 2430 8
940 2398 1110 2430 duxerant
1130 2398 1147 2429 b
1168 2398 1185 2428 5
1205 2396 1308 2436 dett„
1330 2396 1547 2428 deduxerant
1563 2395 1645 2425 reli-

157 2452 231 2490 qui.
388 2451 503 2493 atque]
525 2457 558 2483 et
576 2452 606 2482 b.
766 2450 806 2483 10
826 2455 995 2481 tormento
1015 2450 1034 2481 4
1052 2448 1166 2487 dett.‚·
1187 2451 1388 2478 tormentum
1406 2455 1439 2485 a,
1462 2449 1646 2476 tormento-

158 2510 229 2531 rum
250 2501 290 2540 b‚·
311 2506 562 2534 tormentumue
581 2513 615 2534 u.
854 2501 890 2533 11
913 2500 1136 2532 communiuit
1153 2509 1173 2530 a
1189 2499 1226 2538 b,
1249 2497 1446 2529 communiit
1464 2507 1499 2528 u.

162 2553 199 2585 19
220 2554 362 2586 duorum
379 2555 473 2587 milia
491 2566 524 2596 a,
547 2556 611 2587 duo
629 2555 725 2586 milia
744 2555 841 2586 ‘ms-s.
859 2554 1047 2595 plerique’.
1251 2551 1293 2584 20
1313 2551 1589 2593 repperiebamus
1611 2562 1644 2583 a.

302 2602 342 2635 21
364 2601 440 2634 Val.
460 2613 494 2634 α.
682 2603 755 2633 eius
776 2612 842 2634 om.
864 2612 893 2632 c.
1064 2601 1107 2636 22
1127 2601 1291 2633 militaria
1309 2611 1368 2632 sex
1387 2611 1408 2632 a
1426 2601 1645 2644 Stephanus,

161 2664 222 2685 sex
240 2653 406 2684 militaria
424 2657 561 2685 ceterae
580 2654 659 2686 edd.
823 2655 867 2687 24
886 2653 941 2695 qui
963 2653 994 2685 b.
1171 2658 1400 2695 quattuorque
1419 2664 1453 2695 a,
1474 2664 1542 2686 non
1564 2664 1646 2696 qua—

162 2710 320 2745 tuorque.
462 2705 504 2738 25
523 2706 667 2747 periculi
685 2707 818 2737 omissa
838 2705 966 2747 copula
983 2715 1004 2736 a
1017 2705 1049 2736 b.
1207 2704 1345 2736 adferre
1363 2714 1397 2736 a.
1554 2705 1646 2736 milia

163 2758 364 2797 sagittarum
382 2757 522 2788 circiter
538 2756 622 2799 xxx]
644 2762 779 2789 centum
799 2767 838 2788 ac
865 2757 1010 2798 triginta
1035 2756 1129 2788 mitia
1149 2755 1298 2788 Sueto-n.
1322 2755 1424 2787 Caes.
1445 2755 1500 2787 68.

162 2813 202 2844 27
224 2810 399 2842 castellam
419 2820 452 2841 α.
615 2815 776 2841 contexta
794 2820 814 2841 a
828 2810 845 2841 b
858 2821 886 2841 c.
1063 2812 1370 2840 renumerauerunt
1388 2807 1573 2849 Scaliger,
1594 2817 1645 2839 re-

165 2868 433 2896 munerauerunt
452 2873 471 2893 a
491 2865 526 2894 et
542 2864 594 2894 sic
612 2866 674 2894 aut
695 2863 884 2895 ‘numeram
905 2862 1102 2894 renunciau.
1126 2872 1207 2892 mss.
1229 2859 1398 2902 qaz‘clam’.
