1835 3240
66 913 104 946 10

64 1254 102 1286 15

56 1595 99 1627 20

55 1935 97 1968 25

675 180 865 224 CAPVT
887 181 941 223 26
954 208 1007 213 —-
1018 181 1088 223 28.
1619 185 1703 228 733

143 297 310 338 felicitas
324 325 335 346 ,
371 308 423 336 ex
444 296 643 337 sententia
665 295 917 338 aduersarios
939 295 1065 337 adhuc
1086 295 1292 350 propulsos
1327 326 1524 339 ......
1562 301 1626 354 qui

140 365 175 406 si
195 377 320 417 aequo
342 363 428 404 loco
451 363 512 404 sui
534 371 767 419 potestatem
790 366 983 415 facerent,
1008 364 1194 415 celerius,
1218 377 1331 417 quam
1343 371 1479 405 uestra
1493 368 1625 420 opinio

140 434 231 482 fert,
255 431 398 472 bellum
421 432 696 473 confecissem.
740 429 819 473 Sed
849 432 1070 474 exercitum
1102 432 1272 473 tironem
1302 446 1382 472 non
1413 434 1555 474 audent
1584 436 1624 476 in
1644 434 1671 477 6

138 513 314 554 campum
337 500 530 541 deducere
552 500 778 553 nostrisque
798 500 924 541 adhuc
955 501 1025 540 fixi
1053 500 1260 554 praesidiis
1289 500 1434 541 bellum
1464 501 1622 542 ducunt.

140 566 247 608 Nam
270 568 446 622 singulas
469 568 650 608 ciuitates
673 567 1035 608 circumsederunt:
1068 569 1159 609 inde
1190 568 1265 609 sibi
1293 575 1532 608 commeatus
1562 583 1626 610 ca-

138 635 264 689 piunt.
309 634 444 688 Quare
466 642 505 675 et
525 635 708 676 ciuitates
732 642 957 676 nostrarum
981 636 1147 689 partium
1168 636 1410 677 conseruabo
1429 643 1468 677 et
1481 636 1622 677 bellum
1645 637 1671 678 7

136 703 261 757 primo
283 717 436 756 quoque
459 710 631 757 tempore
653 704 873 744 conficiam.
909 700 1108 744 Cohortes
1130 705 1171 744 in
1188 704 1319 744 animo
1336 704 1461 745 habeo
1483 705 1532 744 ad
1554 719 1626 745 uos

135 771 305 811 mittere.
346 769 530 812 Profecto
553 778 691 812 nostro
714 778 934 812 commeatu
955 771 1099 825 priuati
1119 773 1344 813 necessario
1367 773 1416 813 ad
1437 772 1627 813 dimican-

136 839 224 879 dum
247 839 512 880 descendent'.
554 838 786 893 Insequenti
809 848 984 893 tempore
1007 853 1092 880 cum
1115 839 1241 880 nostri
1261 840 1302 880 in
1324 854 1441 894 opere
1463 840 1626 881 distenti
1646 840 1701 886 27¹

136 914 296 957 essent,
331 908 482 962 equites
503 908 544 948 in
567 908 712 949 oliueto
727 939 737 958 ,
763 909 851 949 dum
872 908 1097 963 lignantur,
1128 907 1325 948 interfecti
1347 915 1439 949 sunt
1459 909 1621 962 aliquot.

138 972 254 1015 Serui
276 977 683 1029 transfugerunt,.qui
704 977 1003 1026 nuntiauerunt,
1028 989 1066 1016 a.
1092 975 1130 1015 d.
1156 982 1201 1015 III
1222 974 1333 1017 Non.
1358 975 1482 1017 Mart.
1507 991 1623 1030 proe-
1643 976 1670 1016 2

136 1043 228 1083 lium
250 1043 298 1083 ad
319 1041 499 1083 Soricam
523 1044 625 1097 quod
647 1045 793 1084 factum
816 1050 899 1094 est,
925 1057 978 1084 cx
1000 1057 1047 1084 eo
1069 1050 1245 1097 tempore
1267 1051 1412 1085 metum
1435 1058 1523 1085 esse
1545 1059 1625 1085 ma-

134 1125 251 1165 gnum
265 1141 276 1160 ,
311 1117 351 1152 et
371 1111 522 1152 Attium
544 1110 696 1153 Varum
727 1112 876 1152 circum
907 1111 1072 1153 castella
1093 1125 1293 1166 praeesse.
1337 1111 1400 1153 Eo
1422 1113 1483 1153 die
1506 1111 1624 1153 Pom·
1645 1112 1670 1153 3

134 1178 243 1233 peius
267 1186 398 1220 castra
420 1180 543 1220 mouit
565 1186 604 1220 et
625 1187 761 1220 contra
776 1179 967 1234 Hispalim
989 1180 1030 1220 in
1053 1180 1201 1220 olineto
1218 1180 1438 1221 constituit.
1472 1178 1627 1221 Caesar

134 1246 361 1300 priusquam
385 1247 521 1287 eodem
545 1255 605 1288 est
626 1249 842 1302 profectus,
866 1247 958 1288 luna
982 1247 1079 1288 hora
1101 1248 1261 1289 circiter
1281 1255 1399 1289 sexta
1428 1249 1515 1290 uisa
1546 1256 1619 1289 est.

132 1313 193 1355 Ita
215 1315 358 1355 castris
379 1315 496 1355 motis
518 1315 686 1357 chbim
708 1314 922 1370 Pompeius
944 1315 1197 1369 praesidium,
1222 1316 1324 1370 quod
1346 1317 1518 1371 reliquit,
1542 1317 1624 1358 ius-
1645 1316 1673 1356 4

133 1383 186 1423 sit
206 1390 248 1423 ut
268 1383 525 1424 incenderent
547 1390 586 1424 et
607 1384 744 1424 deusto
766 1384 905 1438 oppido
927 1384 967 1424 in
990 1391 1123 1425 castra
1143 1384 1295 1425 maiora
1317 1398 1359 1425 se
1381 1385 1620 1439 reciperent.

134 1448 361 1504 Insequenti
375 1458 559 1505 tempore
571 1451 839 1507 Ventiponem
856 1452 1035 1507 oppidum
1058 1467 1146 1494 cum
1165 1466 1392 1507 oppugnare
1409 1455 1621 1507 coepisset,
1645 1452 1670 1493 5

134 1519 330 1560 deditione
353 1520 456 1560 facta
476 1521 551 1561 iter
572 1520 665 1561 fecit
685 1521 726 1562 in
739 1518 973 1571 Carrucam,
998 1527 1137 1562 contra
1148 1519 1379 1576 Pompeium
1401 1528 1533 1562 castra
1556 1535 1624 1576 po-

130 1588 222 1628 suit.
249 1586 462 1643 Pompeius
476 1588 674 1643 oppidum,
690 1589 792 1643 quod
804 1596 941 1630 contra
956 1603 1026 1630 sua
1039 1590 1234 1644 praesidia
1247 1596 1381 1644 portas
1395 1590 1621 1640 clausisset,

130 1656 332 1708 incendit3
366 1657 571 1711 milesque,
597 1658 662 1711 qui
684 1658 847 1698 fratrem
869 1672 982 1698 suum
1003 1658 1045 1698 in
1066 1658 1208 1698 castris
1229 1658 1472 1711 iugulasset,
1497 1659 1621 1700 inter·
1642 1658 1669 1699 6

133 1731 269 1778 ceptus
292 1731 352 1765 est
373 1739 396 1765 a
417 1725 567 1767 no'stris
589 1733 629 1766 et
650 1726 744 1767 fusti
765 1740 994 1780 percussus.
1039 1724 1145 1767 Hinc
1166 1726 1309 1767 itinere
1331 1727 1435 1767 facto
1456 1726 1497 1767 in
1519 1741 1625 1768 cam-

130 1806 219 1846 pum
239 1791 503 1835 Mundensem
526 1808 613 1834 cum
635 1801 742 1835 esset
762 1800 940 1845 uentum,
965 1801 1097 1835 castra
1118 1801 1256 1835 contra
1276 1793 1508 1849 Pompeium
1530 1808 1624 1835 con-

131 1861 273 1901 stituit.
318 1859 510 1915 Sequenti
541 1862 602 1904 die
633 1877 720 1903 cum
749 1862 828 1904 iter
857 1863 989 1903 facere
1020 1859 1175 1904 Caesar
1205 1877 1294 1903 cum
1325 1863 1448 1917 copiis
1483 1863 1620 1913 uellet,
1643 1862 1701 1908 28

128 1929 395 1970 renuntiatum
418 1937 479 1970 est
495 1944 516 1970 a
533 1931 845 1984 speculatoribus
858 1929 1089 1985 Pompeium
1110 1931 1159 1972 de
1179 1932 1298 1972 tertia
1320 1931 1453 1985 uigilia
1473 1931 1515 1971 in
1537 1931 1623 1973 acie

132 1997 308 2038 stetisse.
352 1996 440 2037 Hoc
462 1998 600 2038 nuntio
622 1999 741 2039 allato
763 1999 953 2040 uexillum
975 2000 1192 2054 proposuit.
1237 1998 1392 2039 Idcirco
1422 1999 1524 2039 enim
1557 2013 1622 2040 co-
1644 1999 1671 2040 2

130 2065 213 2119 pias
236 2065 446 2116 eduxerat,
472 2067 573 2119 quod
595 2065 913 2108 Vrsaonensium
936 2067 1103 2117 ciuitati,
1128 2069 1201 2123 qui
1219 2070 1287 2108 sui
1306 2067 1474 2107 fuissent
1495 2067 1623 2108 fauto-

130 2147 211 2184 res,
236 2140 352 2174 antea
373 2134 528 2175 litteras
550 2135 729 2186 miserat,
756 2133 972 2177 Caesarem
1003 2135 1107 2176 nolle
1137 2135 1176 2175 in
1212 2135 1429 2176 conuallem
1461 2135 1624 2177 descen-

276 2220 290 2252 1
312 2220 532 2254 aduersarios
551 2231 620 2253 om.
643 2222 673 2253 b.
834 2222 1013 2266 propulsos
1032 2232 1053 2254 a
1073 2222 1102 2262 b,
1123 2221 1285 2265 propulso
1304 2232 1344 2262 c,-
1365 2223 1546 2265 propulsos
1565 2223 1625 2255 ha·

130 2272 247 2304 bemus
266 2282 302 2303 u.
322 2272 507 2304 Lacunam
526 2283 589 2315 ego
609 2275 750 2305 notaui.
917 2274 973 2316 qui
992 2284 1013 2305 a
1033 2274 1063 2314 b,
1084 2278 1198 2305 tamen
1216 2284 1251 2305 u.
1415 2275 1437 2307 2
1456 2279 1575 2306 nostra
1592 2285 1623 2307 c.

275 2323 373 2356 3fert
391 2323 466 2355 eod.
488 2323 585 2365 Vrs„
607 2324 699 2356 ferre
719 2328 772 2356 est
789 2334 810 2355 a
831 2324 863 2355 b.
1005 2324 1217 2356 conficissem
1235 2335 1270 2357 a.
1413 2330 1571 2369 tyronem
1589 2335 1624 2359 α.

274 2375 295 2407 4
315 2375 439 2406 ducere
457 2385 490 2406 α.
631 2375 689 2406 fixi
707 2385 740 2415 a,
762 2374 843 2406 freti
863 2374 940 2406 edd.
1085 2376 1102 2408 5
1116 2375 1206 2407 unde
1226 2376 1256 2407 b.
1399 2376 1464 2409 7in
1481 2377 1501 2409 4
1519 2377 1623 2419 dett„

133 2436 201 2458 om.
220 2427 367 2469 reliqui.
533 2428 551 2460 9
571 2428 680 2460 nostri
700 2438 720 2459 α
740 2428 772 2467 b,
794 2427 903 2459 nostri
922 2432 1049 2459 temere
1069 2437 1106 2459 u.
1250 2428 1290 2460 10
1309 2428 1414 2471 aliqui
1433 2429 1465 2461 b.

135 2475 274 2508 11N0n.
288 2475 395 2510 Marc.
410 2489 443 2519 a,
458 2477 631 2510 Nonarum
642 2477 757 2510 Martii
777 2488 799 2509 u
818 2481 853 2509 et
869 2480 921 2509 sic
940 2478 1014 2510 ‘uel
1030 2477 1114 2511 Non.
1134 2476 1251 2510 Martii
1269 2479 1365 2512 mei’.
1511 2480 1626 2516 12Su-

132 2528 237 2560 ricam
257 2529 287 2569 b,
309 2529 453 2562 Siricam
473 2541 502 2571 c,
523 2530 676 2562 Siritiam
695 2540 715 2561 (ι
733 2542 744 2569 ,·
765 2529 932 2561 Soriciam
951 2540 985 2561 u.
1129 2529 1170 2562 14
1188 2531 1309 2572 spalim
1327 2541 1362 2563 α.
1504 2533 1627 2564 consti-

135 2578 201 2610 tuit
218 2589 239 2610 α
258 2579 288 2620 b,
310 2581 465 2613 constitit
482 2592 517 2613 u.
684 2581 722 2613 15
744 2591 781 2612 eo
803 2581 836 2612 b.
1003 2581 1040 2614 16
1060 2580 1225 2613 Accubiln
1243 2592 1276 2613 a.
1434 2583 1476 2616 17
1494 2588 1531 2615 ut
1548 2593 1626 2615 cum

133 2639 205 2660 uno
223 2628 383 2662 dehom.
403 2641 438 2662 u.
638 2632 678 2664 18
696 2630 920 2674 Ventiponem
940 2642 1027 2673 eg·o;
1046 2630 1253 2675 Ventiponte
1272 2643 1293 2664 α
1312 2633 1344 2674 b,
1364 2631 1564 2677 Ventiponti
1584 2645 1623 2675 e,-

134 2680 361 2724 Ventisponte
379 2683 494 2715 Aldus
512 2683 787 2717 12.V2·d.Vl.·e1·t.
807 2684 957 2726 Hispffl.
973 2683 1052 2716 367.
1195 2685 1234 2718 19
1246 2684 1427 2717 interfecit
1445 2695 1480 2716 a.

131 2739 317 2777 contraque
336 2745 415 2766 cum
434 2737 453 2768 4
471 2736 558 2768 dett.
578 2747 615 2768 u.
780 2736 819 2769 21
842 2737 1069 2779 interemptus
1089 2736 1106 2767 b
1126 2747 1155 2768 c.
1321 2737 1364 2769 23
1383 2737 1570 2768 undensem
1589 2748 1624 2769 a.

274 2787 317 2820 25
331 2795 350 2817 a
368 2795 389 2817 α
411 2786 506 2817 (ηιςε.
527 2790 562 2818 et
578 2787 657 2820 edd.
677 2787 783 2829 ΨΜ),
804 2786 845 2818 ab
864 2797 900 2819 u.
1045 2787 1088 2821 26
1105 2788 1305 2821 constitisse
1327 2788 1358 2819 b.
1501 2786 1544 2821 27
1562 2786 1626 2820 Vr-

131 2838 350 2871 saonensium
371 2837 628 2881 Glandorpius,
647 2838 940 2872 Vei-senonensium
960 2839 1062 2872 codd.
1214 2840 1269 2882 qui
1289 2839 1341 2872 sui
1360 2849 1424 2882 ego
1441 2839 1621 2882 suppleuz'.

134 2891 174 2923 P.
193 2891 253 2924 25.
