1835 3240
598 145 782 190 COMM.
807 146 826 188 1
849 144 973 189 CAP.
997 147 1200 190 28—31.
1635 154 1716 198 509

164 263 339 305 debatur.
380 258 541 301 Interea
564 268 741 301 ueterem
763 261 984 302 exercitum
999 291 1009 311 ,
1043 261 1138 302 duas
1162 259 1377 315 Hispanias
1399 266 1637 318 confirmari,
1662 266 1687 307 3

162 343 321 385 quarum
344 335 431 369 erat
453 328 576 369 altera
598 329 781 369 maximis
816 329 1017 370 beneficiis
1039 327 1201 383 Pompei
1225 329 1404 370 deuincta
1420 361 1429 377 ‚
1465 335 1612 375 auxilia
1628 368 1638 385 ‚

163 397 374 451 equitatum
400 397 544 451 parari,
567 396 735 438 Galliam
758 396 990 450 Italiamque
1012 398 1191 451 temptari
1215 412 1257 438 se
1279 397 1442 438 absente
1466 400 1639 442 nolebat.

158 464 296 518 Itaque
318 465 356 504 in
382 465 604 519 praesentia
626 463 785 518 Pompei
809 466 998 517 sequendi
1021 466 1212 505 rationem
1236 465 1402 515 omittit,
1437 467 1476 506 in
1500 466 1641 521 Hispa·
1662 470 1719 515 30

113 542 131 574 5
162 533 262 574 niam
288 533 481 587 proticisci
504 533 732 573 constituit:
767 533 984 572 duumuiris
1008 534 1306 587 municipiorum
1330 534 1499 574 omnium
1522 535 1644 589 impe-

87 880 126 913 10

87 1219 126 1251 15

86 1558 129 1589 20

158 608 237 651 rat,
263 608 304 641 ut
326 615 447 642 naues
470 600 702 654 conquirant
723 598 1052 653 Brundisiumque
1075 600 1320 642 deducendas
1343 609 1495 642 curent.
1550 602 1645 644 Mit-
1664 604 1691 647 2

161 669 204 709 tit
226 669 266 709 in
289 668 512 710 Sardiniam
544 683 632 709 cum
662 668 817 722 legione
851 682 929 708 una
951 667 1154 709 Valerium
1176 669 1345 722 legatum
1362 701 1372 721 ,
1406 671 1446 710 in
1469 668 1644 712 Siciliam

160 734 374 778 Curionem
399 743 665 791 propraetore
689 750 776 776 cum
798 736 1018 789 legionibus
1041 743 1125 787 11113
1151 738 1333 788 eundem,
1359 753 1445 778 cum
1469 737 1645 780 Siciliam

160 806 392 859 recepisset,
424 804 601 859 protinus
622 804 663 844 in
686 803 862 844 Africam
886 804 1096 844 traducere
1119 805 1338 845 exercitum
1362 806 1485 847 iubet.
1548 805 1644 848 Sar-

160 873 302 914 diniam
327 872 528 913 obtinebat
548 870 608 912 M.
636 869 770 921 Cotta,
796 869 971 912 Siciliam
992 870 1053 912 M.
1081 869 1206 920 Cat03
1233 872 1409 913 Africam
1432 882 1541 915 sorte
1562 874 1646 915 Tu-

159 941 254 982 bero
277 941 456 981 obtinere
480 939 658 980 debebat.
705 937 939 989 Caralitani‚
965 939 1080 980 simul
1102 940 1148 979 ad
1172 954 1215 980 se
1231 938 1431 982 Valerium
1456 943 1554 983 mitti
1578 958 1644 984 au·
1668 943 1693 984 3

159 1009 338 1058 dierunt,
374 1007 542 1047 nondum
576 1008 752 1060 profecto
784 1021 834 1046 ex
857 1005 972 1047 Italia
995 1021 1065 1047 sua
1088 1015 1227 1060 sponte
1251 1006 1406 1049 Cottam
1431 1024 1482 1050 ex
1505 1011 1646 1065 oppido

159 1076 320 1116 eiciunt.
354 1074 424 1115 Ille
447 1075 696 1129 perterritus,
723 1075 822 1128 quod
846 1088 998 1115 omnem
1023 1076 1263 1128 prouinciam
1288 1078 1512 1118 consentire
1535 1079 1648 1119 intel-

160 1144 342 1198 legebat,
368 1157 418 1184 ex
442 1141 626 1183 Sardinia
648 1143 688 1183 in
712 1142 886 1183 Africam
910 1144 1095 1197 profugit.
1160 1141 1260 1184 Cato
1291 1145 1331 1184 in
1356 1143 1492 1185 Sicilia
1524 1160 1647 1187 naues
1668 1146 1696 1187 4

159 1211 297 1265 longas
320 1219 476 1251 ueteres
499 1211 721 1260 reficiebat,
747 1225 870 1251 nouas
894 1212 1118 1252 ciuitatibus
1140 1211 1369 1266 imperabat.
1434 1212 1544 1254 Haec
1569 1229 1648 1254 ma-

160 1294 237 1333 gno
261 1279 390 1319 studio
413 1279 568 1332 agebat.
613 1277 659 1318 In
684 1277 858 1319 Lucanis
881 1277 1124 1332 Bruttiisque
1155 1294 1225 1334 per
1246 1281 1397 1334 legatos
1429 1295 1522 1321 suos
1553 1282 1650 1322 ciui-

164 1362 226 1387 um
241 1346 510 1387 Romanorum
535 1348 705 1387 delectus
730 1347 912 1397 habebat,
939 1348 1113 1400 equitum
1136 1348 1383 1402 peditumque
1406 1357 1554 1389 certum
1579 1364 1648 1390 nu-

163 1430 309 1455 merum
335 1429 355 1455 a
379 1414 602 1454 ciuitatibus
626 1412 786 1455 Siciliae
809 1415 1010 1468 exigebat.
1075 1413 1228 1467 Quibus
1259 1417 1377 1457 rebus
1415 1431 1538 1471 paene
1561 1432 1648 1472 per·
1669 1417 1695 1459 5

163 1483 274 1523 fectis
288 1483 458 1523 aduentu
471 1479 659 1522 Curionis
682 1483 840 1537 cognito
853 1484 1032 1536 queritur
1053 1483 1090 1522 in
1114 1484 1296 1525 contione
1319 1499 1409 1526 sese
1431 1485 1648 1539 proiectum

161 1565 204 1591 ac
236 1551 429 1604 proditum
461 1565 482 1591 a
516 1548 592 1591 Cn.
627 1549 841 1605 Pompeio,
876 1551 937 1604 qni
971 1551 1151 1591 omnibus
1182 1552 1299 1593 rebus
1332 1553 1648 1607 imparatissimis

162 1631 239 1658 non
263 1619 530 1659 necessarium
555 1619 697 1659 bellum
721 1619 962 1673 suscepisset
991 1626 1028 1659 et
1050 1619 1096 1659 ab
1119 1634 1162 1660 se
1183 1621 1424 1674 reliquisque
1447 1621 1487 1661 in
1510 1629 1650 1662 senatu

161 1684 430 1739 interrogatus
454 1687 583 1726 omnia
607 1687 681 1727 sibi
704 1701 791 1727 esse
814 1688 860 1726 ad
882 1688 1026 1728 bellum
1049 1695 1138 1741 apta
1160 1702 1205 1728 ac
1228 1697 1364 1742 parata
1379 1690 1650 1731 confirmauis-

162 1760 237 1793 set.
282 1752 391 1794 Haec
414 1754 453 1794 in
477 1754 662 1795 contione
685 1762 850 1808 questus
873 1770 925 1796 ex
948 1756 1153 1809 prouincia
1176 1757 1289 1808 fugit.
1353 1755 1475 1797 Nacti
1498 1772 1647 1798 uacuas
1670 1757 1723 1803 31

161 1821 208 1861 ab
232 1821 405 1875 imperiis
428 1820 651 1862 Sardiniam
676 1822 888 1874 Valerius,
925 1821 1048 1864 Curio
1082 1822 1257 1864 Siciliain
1290 1839 1376 1865 cum
1410 1825 1651 1867 exercitibus

163 1904 208 1929 eo
232 1890 478 1943 perueniunt.
523 1890 700 1941 Tubero,
727 1906 811 1931 cum
835 1892 875 1931 in
898 1890 1076 1933 Africam
1101 1893 1302 1943 uenisset,
1327 1893 1478 1934 inuenit
1500 1894 1538 1934 in
1561 1909 1652 1948 pro·
1672 1896 1700 1938 2

165 1957 293 1996 uincia
318 1972 401 1997 cum
434 1958 599 2011 imperio
622 1958 774 1999 Attium
796 1958 974 2010 Varum3
1009 1961 1072 2014 qui
1105 1961 1150 2000 ad
1182 1960 1425 2011 Auximum,
1461 1969 1504 2002 ut
1534 1975 1652 2016 supra

165 2024 542 2076 demonstrauimus,
575 2027 731 2068 amissis
765 2028 990 2069 cohortibus
1019 2029 1199 2083 protinus
1222 2043 1274 2069 ex
1298 2030 1389 2083 suga
1409 2030 1449 2070 in
1472 2028 1651 2071 Africam

309 2186 321 2219 1
345 2186 537 2230 Hyspanias
558 2198 593 2220 a.
758 2189 778 2222 2
797 2192 872 2221 erat
888 2190 999 2222 altera
1016 2199 1038 2221 a
1055 2188 1273 2232 Stephanus,
1293 2189 1405 2223 altera
1423 2194 1499 2223 erat
1516 2193 1655 2223 ceterae

163 2235 239 2268 edd.
425 2237 559 2281 Pompei
578 2249 599 2271 a
617 2241 654 2270 et
669 2237 818 2282 Pompeii
837 2239 916 2272 edd.
937 2243 1022 2272 ante
1039 2250 1074 2280 u,
1093 2239 1252 2284 Pompeio
1270 2243 1347 2273 sine
1363 2244 1598 2275 annotatione
1615 2252 1652 2275 u.

306 2288 324 2320 4
345 2287 482 2331 Pompei
500 2300 534 2322 a.
691 2290 856 2332 sequendi
875 2301 909 2331 a,
931 2291 1026 2333 sequi
1046 2291 1086 2331 b;
1108 2290 1310 2334 insequendi
1328 2303 1363 2325 u.
1521 2293 1654 2337 Hyspa·

165 2338 254 2370 niam
271 2349 306 2371 a.
492 2342 512 2374 8
530 2352 590 2384 pro
609 2345 770 2384 praetore
787 2342 1033 2383 Petam‘anus,
1064 2353 1160 2385 prop.
1181 2342 1221 2376 R.
1240 2344 1313 2385 ab5
1340 2349 1595 2386 propraetorem
1614 2355 1649 2377 u.

308 2401 359 2422 nn
377 2392 566 2433 Davisius,
586 2403 622 2424 ιιι
643 2392 744 2424 codd.
765 2392 849 2425 Vz‘d.
870 2393 916 2434 II,
937 2393 993 2434 23,
1015 2393 1046 2426 1.
1067 2394 1124 2434 37,
1144 2394 1178 2426 4.
1366 2395 1386 2428 9
1403 2394 1522 2427 Africa
1542 2399 1654 2427 trans-

166 2440 288 2473 ducere
305 2452 340 2474 a.
484 2444 523 2477 10
544 2444 649 2475 Cocta
669 2455 702 2476 a.
849 2445 890 2480 12
908 2445 1098 2488 profectum
1119 2446 1151 2477 b.
1317 2447 1450 2480 Cottam
1470 2458 1513 2480 ex
1531 2448 1652 2490 oppido

167 2501 188 2522 a
206 2492 420 2534 Stephanus,
440 2506 482 2527 ex
500 2496 620 2538 oppido
641 2495 774 2528 Cottam
794 2500 933 2529 ceterae
952 2498 1030 2530 edd.
1237 2499 1277 2532 13
1297 2500 1521 2541 intellegebat
1539 2511 1560 2532 a
1579 2503 1614 2532 et
1632 2501 1651 2533 3

167 2541 269 2583 dett„
291 2544 511 2587 intellegeret
529 2558 550 2579 u
569 2548 800 2588 (intellegere,
823 2559 894 2580 non
913 2548 1125 2591 intelligere,
1146 2549 1278 2591 ubique
1293 2551 1344 2592 a).
1488 2553 1528 2584 15
1546 2552 1607 2583 hoc
1622 2552 1651 2583 b.

309 2595 348 2627 16
365 2597 559 2640 Brutiisque
576 2609 597 2630 a
616 2602 652 2630 et
669 2601 800 2630 omissa
820 2601 948 2642 copula
962 2611 992 2631 c,
1135 2601 1174 2633 17
1195 2602 1340 2634 dilectus
1359 2613 1394 2635 α.
1538 2605 1578 2636 18
1597 2615 1653 2646 pe-

168 2654 206 2674 ne
225 2655 258 2675 a.
420 2647 456 2680 19
476 2650 639 2681 concione
659 2650 724 2691 (a).
881 2651 923 2685 20
944 2651 1220 2692 imparatissimis
1238 2664 1259 2685 a
1279 2653 1323 2695 (ss
1342 2654 1480 2696 imper.)
1503 2655 1597 2685 ‘mss.
1619 2658 1654 2685 et

166 2695 243 2726 ecld.
265 2696 373 2737 qaid),
394 2698 677 2740 imparatissimus
697 2712 732 2733 u.
904 2703 943 2736 21
967 2703 1168 2745 reliquisset
1185 2705 1219 2736 in
1239 2710 1395 2738 senatum
1414 2716 1490 2738 cum
1508 2708 1652 2748 punctis

165 2747 227 2777 sub
248 2751 298 2777 set
317 2751 353 2778 et
369 2758 528 2790 suprase.
551 2760 614 2792 que
631 2761 666 2783 a.
809 2753 850 2785 23
871 2754 1033 2786 concione
1053 2755 1117 2795 (a).
1270 2757 1313 2791 24
1331 2756 1497 2800 imperiis]
1517 2757 1653 2798 prouin-

166 2801 237 2832 cias
255 2800 338 2832 add.
361 2802 393 2834 b.
532 2802 694 2845 Syciliam
712 2814 746 2835 a.
889 2807 931 2841 26
951 2817 1024 2838 cum
1045 2806 1184 2850 imperio
1204 2818 1274 2841 om.
1298 2809 1329 2840 b.
1471 2813 1511 2840 ad
1530 2808 1654 2841 anxili-

168 2861 219 2882 um
238 2862 284 2882 m.
300 2861 359 2893 pr.
379 2862 411 2882 a.
