1835 3240
737 169 1164 210 ——150—

320 280 370 323 C.
394 282 449 324 29
471 289 596 323 totum
619 289 679 322 est
701 281 1078 336 perturbatissimum
1113 287 1152 321 et
1173 283 1285 323 foede
1306 283 1534 324 laceratum.
1580 283 1712 337 Quae-'³

205 350 257 391 ihi
289 358 516 399 narrantur,
551 351 781 390 referuntur
810 350 857 389 ad
889 363 954 389 res
976 349 1089 402 paulo
1112 356 1204 390 ante
1225 358 1358 404 gestas
1381 351 1605 404 duobusque
1627 366 1692 392 su-

203 419 423 471 perioribus
454 418 646 470 capitibus
680 417 898 469 expositas.
952 415 1098 457 Earum
1139 432 1269 458 rerum
1302 418 1396 460 haec
1432 433 1583 460 summa
1614 426 1689 459 est.

206 483 363 526 Castris
386 499 408 525 a
431 484 608 526 Curione
630 498 748 538 prope
764 483 918 524 Vticam
942 485 1078 538 positis
1100 486 1279 538 proxima
1302 494 1415 526 nocte
1439 488 1692 527 centuriones

204 552 333 595 Marsi
356 555 430 594 duo
452 567 536 593 cum
560 552 870 606 manipularibus
894 554 976 593 suis
996 551 1121 593 XXII
1143 555 1188 593 ad
1211 553 1365 593 Attium
1388 553 1537 594 Varum
1561 556 1693 608 perfu-

204 630 346 676 gerant
367 622 478 674 eique
501 619 780 660 nuntiauerant
803 620 965 660 militum
999 621 1150 661 animos
1173 635 1193 661 a
1218 618 1394 661 Curione
1417 621 1566 662 alienos
1589 636 1690 663 esse.

203 689 459 730 Traduxerat
480 694 608 727 autem
628 684 749 727 Curio
773 702 839 728 eas
862 688 1058 741 legiones,
1084 703 1182 742 quae
1206 687 1372 730 Corfinii
1394 687 1434 727 in
1457 688 1694 729 deditionem

203 764 411 798 uenerant.
447 754 584 807 Itaque
598 754 730 795 Varus
753 756 952 809 productis
975 756 1113 810 copiis,
1140 770 1225 796 cum
1249 754 1372 797 Curio
1395 769 1547 808 quoque
1569 756 1694 796 aciem

204 826 478 870 instruxisset,
505 823 609 862 misit
631 820 796 862 Sextum
813 821 1046 875 Quintilium
1062 823 1209 864 Varum
1234 830 1483 876 quaestorem
1506 837 1582 863 una
1606 838 1693 864 cum

205 891 392 934 Curionis
416 891 602 930 militibus
620 888 784 930 Corfinii
810 897 963 944 captum
987 899 1027 931 et
1047 892 1264 939 dimissum,
1291 891 1351 944 qui
1376 892 1593 931 exereitum
1614 888 1696 932 Cu-

203 961 328 1002 rionis
360 959 569 1000 circumire
599 965 638 998 et
665 958 845 998 oratione
869 959 998 999 habita
1020 960 1066 999 ad
1090 959 1345 999 defectionem
1369 958 1582 1000 sollicitare
1606 973 1696 1000 coe-

203 1029 273 1083 pit.
325 1032 335 1051 ⁶
350 1026 437 1067 Hac
458 1026 589 1067 habita
612 1027 826 1075 oratione',
851 1026 975 1079 inquit
999 1024 1151 1067 Caesar
1173 1042 1208 1067 c.
1234 1027 1287 1068 38
1310 1035 1434 1077 extr.,
1471 1027 1632 1067 ‘nullam
1654 1028 1695 1067 in

202 1103 354 1151 partem
376 1096 422 1135 ab
447 1096 626 1136 exercitu
639 1092 828 1134 Curionis
853 1095 893 1134 fit
914 1094 1173 1148 significatio:
1199 1103 1314 1149 atque
1336 1096 1392 1136 ita
1413 1109 1505 1136 suas
1528 1101 1695 1148 uterque

204 1165 335 1218 copias
357 1164 537 1204 reducit'.
571 1161 650 1203 lam
675 1177 710 1202 c.
735 1160 788 1201 39
811 1162 907 1202 haee
931 1162 1158 1216 excipiunt:
1195 1163 1341 1216 ‘Atque
1374 1163 1414 1203 in
1448 1164 1590 1204 castris
1614 1159 1695 1203 Cu-

203 1233 328 1274 rionis
360 1245 523 1287 magnus
562 1230 734 1271 omnium
770 1229 936 1270 incessit
965 1230 1097 1270 timor.
1141 1229 1245 1270 Nam
1276 1232 1309 1270 is
1341 1231 1462 1271 uariis
1496 1230 1695 1271 hominum

205 1300 452 1342 sermonibus
474 1299 661 1340 celeriter
681 1305 860 1351 augetur.
907 1297 1188 1351 Vnusquisque
1218 1299 1321 1338 enim
1344 1298 1548 1351 opiniones
1570 1300 1694 1351 finge-

203 1370 271 1409 bat
292 1376 331 1408 et
353 1368 400 1408 ad
421 1368 457 1408 id
474 1398 484 1417 ,
515 1367 617 1420 quod
640 1366 687 1406 ab
720 1366 796 1406 alio
820 1366 1021 1413 audierat,
1059 1365 1120 1405 sui
1151 1365 1292 1418 aliquid
1326 1365 1478 1404 timoris
1510 1365 1694 1406 addebat.

205 1436 292 1477 Hoc
313 1436 378 1476 ubi
400 1450 477 1476 uno
506 1440 669 1474 auctore
692 1434 738 1473 ad
762 1433 891 1486 plures
921 1440 1237 1486 permanauerat,
1263 1439 1380 1485 atque
1402 1433 1502 1473 alius
1526 1432 1592 1473 alii
1616 1439 1695 1472 tra-

205 1505 372 1554 diderat,
398 1504 528 1558 plures
551 1509 735 1542 auctores
760 1501 843 1542 eius
873 1501 930 1541 rei
963 1501 1234 1541 uidebantur'.
1279 1500 1355 1541 Hie
1378 1514 1401 1540 a
1422 1500 1617 1554 plerisque
1638 1499 1699 1540 in-

202 1573 403 1615 tellectum
426 1579 486 1611 est
507 1585 576 1625 pro
590 1570 782 1624 particula
806 1568 951 1621 ‘atque'
975 1570 1192 1622 ponendam
1204 1583 1292 1609 esse
1305 1568 1594 1609 aduersatiuam
1609 1567 1693 1607 ‘at'.

203 1640 345 1681 Timor
366 1640 485 1688 enim,
511 1639 576 1694 qui
597 1637 637 1677 in
660 1639 802 1677 castris
825 1644 933 1677 ortus
957 1644 1039 1687 est,
1073 1644 1232 1689 praeter
1255 1636 1571 1689 expectationem
1593 1634 1698 1675 acci-

203 1708 272 1757 dit,
297 1721 382 1748 cum
404 1707 548 1746 milites
571 1719 592 1745 a
614 1702 808 1757 Quintilio
831 1703 940 1744 Varo
962 1704 1036 1744 fide
1058 1718 1136 1744 non
1170 1711 1306 1744 essent
1339 1703 1499 1744 demoti.
1552 1701 1696 1755 Neque

206 1775 346 1815 deinde
371 1774 490 1814 ‘nam'
514 1772 742 1827 particulam
767 1772 861 1812 ferri
884 1785 1000 1824 posse
1022 1770 1191 1812 Vossius
1215 1771 1326 1811 uidit.
1371 1769 1485 1823 Quod
1508 1776 1639 1811 autem
1661 1770 1696 1810 is

205 1842 376 1883 coniecit
401 1848 592 1894 ‘magnus
616 1840 787 1880 omnium
808 1838 974 1880 incessit
996 1839 1113 1879 timor
1134 1840 1302 1879 animis:
1334 1840 1368 1879 is
1400 1838 1522 1879 uariis
1537 1837 1546 1854 '
1580 1844 1693 1887 cett„

205 1917 244 1951 et
271 1923 432 1964 prauam
465 1909 580 1949 babet
611 1908 820 1948 uerborum
843 1907 1157 1957 collocationem,
1193 1914 1232 1947 et
1263 1905 1451 1947 ‘animos'
1474 1905 1696 1960 ponendum

206 1984 307 2019 erat.
349 1976 493 2029 Neque
526 1976 627 2016 enim
651 1976 736 2015 hor.
764 1989 906 2015 comm.
930 1973 1004 2024 III,
1029 1975 1100 2025 74,
1125 1974 1150 2015 2
1173 1982 1282 2015 recte
1303 1975 1447 2027 legitur
1474 1973 1697 2014 ‘exercitui

206 2046 358 2098 quidem
383 2045 487 2084 omni
510 2052 643 2084 tantus
665 2043 829 2083 incessit
851 2057 901 2083 ex
924 2043 1171 2083 incommodo
1194 2041 1333 2082 dolor':
1373 2039 1526 2082 Caesar
1555 2040 1697 2082 ablati-

206 2127 297 2154 uum
320 2120 505 2168 posuerat
530 2111 727 2153 ‘exercitu
751 2112 903 2163 quidem
927 2110 1061 2161 omni',
1087 2124 1199 2163 quem
1216 2110 1366 2150 librarii
1380 2109 1551 2149 datiuum
1574 2108 1698 2148 inter-

206 2181 348 2236 pretati
371 2188 476 2221 sunt.
529 2178 631 2220 Mihi
666 2183 778 2219 ‘nam
793 2178 802 2194 ³
833 2179 927 2218 illud
950 2178 1204 2231 sequentibus
1228 2178 1360 2217 uerbis
1382 2177 1536 2217 uidetur
1557 2188 1697 2229 supra-

206 2249 394 2302 scriptum
419 2248 566 2297 fuisse,
603 2254 648 2287 ut
671 2251 681 2270 ⁶
697 2261 785 2286 nam
808 2246 1076 2299 unusquisque
1098 2245 1326 2299 opiniones'
1360 2251 1455 2285 cett.
1479 2243 1556 2297 legi
1580 2255 1699 2295 posse

205 2316 520 2370 significaretur,
555 2314 876 2368 quemadmodum
909 2313 949 2353 in
983 2314 1055 2354 hoc
1085 2313 1197 2353 codd.
1223 2326 1371 2366 genere
1401 2324 1520 2364 saepe
1544 2309 1697 2350 uariata

207 2384 335 2425 oratio
359 2390 433 2424 est.
467 2382 735 2437 Elberlingius
757 2395 921 2436 magnas
943 2381 1005 2421 hie
1026 2382 1100 2422 sibi
1121 2381 1204 2435 ipse
1226 2380 1476 2421 difficultates
1489 2377 1695 2418 excitauit:

208 2465 306 2506 quae
329 2466 414 2491 cum
438 2458 594 2505 praeter
616 2464 677 2499 ea,
703 2464 802 2502 quae
822 2449 1163 2504 reprehendimus,
1187 2449 1318 2489 nullae
1340 2447 1435 2496 sint,
1461 2446 1507 2486 de
1529 2445 1613 2485 eius
1635 2459 1700 2485 ra-

207 2520 315 2560 tione
338 2518 469 2559 dicere
492 2518 755 2558 nihilattinet.
782 2516 932 2566 Verba,
958 2531 1054 2571 quae
1067 2531 1185 2572 supra
1198 2514 1389 2568 excripsi,
1414 2513 1570 2567 integra
1587 2518 1695 2562 sunt3

208 2600 307 2641 quae
338 2585 564 2640 excipiunt,
601 2586 864 2638 compluribus
895 2585 1072 2639 partibus
1103 2591 1303 2625 truncata.
1353 2581 1538 2622 Eduntur
1567 2587 1699 2620 autem

207 2655 286 2696 ita:
323 2651 470 2694 ‘Ciuile
492 2653 651 2702 bellum,
676 2667 801 2707 genus
824 2653 1039 2703 hominum,
1074 2653 1175 2708 quod
1197 2652 1337 2693 liceret
1357 2651 1481 2691 libere
1504 2649 1635 2689 facere
1659 2654 1700 2688 et

206 2723 334 2776 sequi,
360 2722 462 2776 quod
483 2720 616 2771 uellet,
641 2721 819 2774 legiones
842 2735 927 2769 eae,
953 2734 1053 2774 quae
1075 2720 1190 2775 paulo
1213 2727 1302 2761 ante
1325 2719 1425 2773 apud
1447 2716 1699 2757 aduersarios

207 2792 387 2840 fuerant,
431 2804 520 2830 nam
552 2790 670 2830 etiam
703 2786 890 2830 Caesaris
920 2788 1153 2829 beneficium
1184 2794 1407 2828 mutauerat
1437 2784 1697 2833 consuetudo,

207 2873 283 2912 qua
304 2859 545 2900 offerrentur
565 2857 776 2911 municipia
798 2857 914 2898 etiam
927 2856 1095 2898 diuersis
1112 2855 1288 2911 partibus
1312 2854 1546 2895 coniuncta:
1571 2862 1698 2904 neque
