1835 3240
563 179 746 223 COMM.
772 178 790 221 I
812 177 936 222 CAP.
963 176 1165 220 36-39.
1627 179 1709 221 513

266 293 370 335 Dum
393 293 489 334 baec
511 301 623 348 parat
644 302 759 347 atque
781 293 1056 342 administrat,
1094 288 1143 333 C.
1168 289 1334 332 Fabium
1356 292 1523 346 legatum
1547 307 1632 334 cum
1652 293 1709 338 37

152 362 372 416 legionibus
395 369 465 412 III,
500 376 595 415 quas
617 361 807 402 Narbone
839 362 1062 414 circumque
1094 373 1140 401 ea
1173 360 1259 400 loca
1291 359 1486 400 hiemandi
1518 375 1633 402 causa

153 429 417 483 disposuerat,
441 430 480 469 in
498 429 728 483 Hispaniam
750 430 964 483 praemittit
985 428 1245 480 celeriterque
1267 427 1389 467 saltus
1402 426 1634 481 Pyrenaeos

152 497 335 550 occupari
357 497 479 547 iubet,
507 498 570 551 qui
593 512 638 537 eo
664 506 837 550 tempore
860 497 906 537 ab
930 494 981 536 L.
1006 495 1177 535 Afranio
1199 496 1328 548 legato
1352 494 1556 549 praesidiis
1581 501 1637 534 te-

104 572 123 604 5
154 565 363 604 nebantur.
407 564 596 617 Reliquas
627 565 829 618 legiones,
862 578 960 617 quae
989 563 1144 618 longius
1168 563 1416 613 hiemabant,
1450 562 1637 614 subsequi
1657 561 1685 602 2

151 631 274 672 iubet.
318 631 486 681 Fabius,
522 639 562 672 ut
584 639 668 672 erat
689 633 921 685 imperatum
937 662 947 680 ,
980 631 1152 671 adbibita
1175 630 1377 671 celeritate
1400 629 1634 684 praesidium
1658 628 1684 669 3

154 714 207 740 ex
228 700 331 740 saltu
361 700 503 740 deiecit
532 700 763 753 magnisque
794 698 1002 739 itineribus
1034 698 1081 739 ad
1113 698 1333 738 exereitum
1354 698 1513 738 Afranii
1543 712 1636 737 con-

154 768 293 809 tendit.
337 767 521 807 Aduentu
542 766 593 807 L.
619 766 784 808 Vibullii
807 765 912 815 Rufi,
938 780 1051 819 quem
1072 780 1095 805 a
1115 763 1304 819 Pompeio
1326 766 1489 806 missum
1510 765 1550 806 in
1565 764 1636 805 Hi·
1651 764 1711 809 38

153 836 327 889 spaniam
351 836 657 876 demonstratum
681 841 765 883 est,
795 834 986 874 Afranius
1009 840 1049 874 et
1069 832 1253 874 Petreius
1276 841 1316 874 et
1336 833 1468 875 Varro
1483 866 1493 885 ,
1518 834 1638 888 legati

78 909 119 942 10
149 901 341 956 Pompeii,
368 917 530 956 quorum
554 917 651 943 unus
664 901 894 955 Hispaniam
909 902 1132 942 citeriorem
1155 902 1285 941 tribus
1305 902 1553 956 legiom'buS,
1578 902 1639 942 al·-

154 978 217 1011 ter
238 972 475 1011 ulteriorem
498 985 519 1010 a
542 971 645 1010 saltu
668 967 951 1010 Castulonensi
983 970 1028 1010 ad
1051 969 1181 1009 Anam
1213 968 1363 1008 duabus
1396 969 1634 1023 legionibus,

151 1038 293 1078 tertius
325 1037 372 1077 ab
393 1038 483 1078 Ana
506 1037 721 1078 Vettonum
754 1052 891 1091 agrum
914 1036 1241 1089 Lusitaniamque
1273 1037 1355 1090 pari
1388 1049 1551 1077 numero
1582 1037 1639 1077 le*-

151 1105 310 1159 gionum
334 1105 549 1159 optinebat,
575 1107 699 1147 officia
721 1106 825 1147 inter
847 1119 890 1146 se
913 1106 1160 1160 partiuntur,
1200 1104 1255 1144 uti
1278 1103 1459 1145 Petreius
1482 1118 1535 1144 ex
1556 1103 1639 1145 Lun
1660 1103 1688 1144 2

153 1173 297 1213 sitania
320 1186 390 1226 per
402 1172 596 1214 Vettones
618 1188 705 1214 eum
720 1175 898 1215 omnibus
914 1174 1034 1227 copiis
1058 1173 1106 1213 ad
1118 1172 1326 1213 Afranium
1349 1172 1636 1226 proficiscatur,

80 1250 120 1282 15
152 1240 285 1283 Varro
309 1254 393 1280 cum
417 1241 490 1291 iis,
526 1257 621 1295 quas
656 1242 820 1283 habebat
837 1274 847 1292 ,
886 1242 1107 1295 legionibus
1140 1254 1294 1281 omnem
1317 1241 1545 1281 ulteriorem
1569 1240 1641 1281 Hi-

156 1310 332 1362 spaniam
355 1315 527 1349 tueatur.
573 1309 646 1350 His
668 1311 786 1350 rebus
809 1310 1034 1350 constitutis
1058 1309 1208 1363 equites
1225 1309 1452 1361 auxiliaque
1475 1308 1641 1349 totiLu-
1664 1309 1689 1351 3

154 1376 323 1417 sitaniae
351 1390 373 1416 a
395 1374 580 1427 Petreio,
605 1375 872 1428 Celtiberiae,
908 1375 1121 1418 Cantabris
1152 1377 1410 1430 barbarisque
1443 1377 1638 1428 omnibus,

155 1444 219 1497 qui
240 1445 287 1484 ad
310 1442 514 1484 Oceanum
537 1446 760 1499 pertinent,
796 1445 842 1485 ab
865 1445 1032 1485 Afranio
1063 1445 1323 1498 imperantur.
1367 1442 1521 1496 Quibus
1551 1458 1641 1485 coa·
1661 1444 1689 1485 4

155 1512 229 1552 ctis
252 1512 438 1552 celeriter
458 1510 638 1554 Petreius
661 1528 731 1567 per
752 1512 945 1554 Vettones
968 1513 1015 1553 ad
1037 1511 1245 1553 Afranium
1268 1512 1470 1566 peruenit,
1495 1513 1643 1553 consti-

79 1585 122 1620 20
154 1585 346 1632 tuuntque
376 1582 573 1621 communi
606 1581 773 1621 consilio
806 1581 948 1621 bellum
980 1581 1026 1620 ad
1048 1579 1217 1621 Ilerdam
1241 1586 1402 1634 propter
1422 1580 1544 1635 ipsius
1566 1580 1643 1621 loci

154 1648 486 1700 opportunitatem
508 1662 662 1703 gerere.
707 1648 851 1699 Erant,
876 1656 918 1689 ut
938 1663 1056 1702 supra
1079 1649 1391 1689 demonstratum
1413 1655 1487 1698 est,
1514 1648 1637 1702 legio-
1659 1647 1718 1693 39

154 1728 225 1755 nes
239 1714 397 1755 Afranii
421 1722 481 1763 ΙΙΙ,
505 1714 656 1756 Petreii
679 1717 793 1767 duae,
820 1723 1024 1770 praeterea
1045 1724 1224 1757 scutatae
1247 1717 1461 1770 [citerioris
1484 1717 1645 1770 prouin-

157 1781 260 1836 ciae]
293 1789 333 1823 et
362 1790 538 1824 cetratae
572 1785 792 1838 [ulterioris
827 1784 1065 1839 Hispaniae]
1097 1785 1283 1825 cohortes
1325 1784 1483 1824 circiter
1514 1791 1646 1824 Lxxx

156 1850 405 1907 equitumque
428 1852 651 1906 [utriusque
673 1853 920 1907 prouinciae]
946 1853 1106 1893 circiter
1125 1859 1154 1893 V
1176 1853 1298 1894 milia.
1349 1850 1502 1894 Caesar
1522 1852 1645 1907 legio·
1666 1851 1694 1892 2

79 1925 122 1960 25
155 1932 225 1958 nes
248 1918 288 1958 in
309 1917 540 1972 Hispaniam
563 1922 823 1974 praemiserat
845 1922 931 1976 [ad]
954 1928 998 1960 Vl
1022 1921 1183 1975 [milia].
1226 1920 1392 1961 Auxilia
1415 1920 1584 1974 peditum
1605 1950 1614 1959 .
1631 1950 1642 1960 .

155 1985 277 2036 milia,
303 1988 474 2039 equitum
498 1995 543 2027 111
565 1989 670 2030 milia
692 1989 871 2029 omnibus
894 1989 1164 2043 superioribus
1177 1989 1291 2030 bellis
1305 1989 1498 2029 habuerat
1519 1995 1558 2028 et
1579 2002 1645 2042 pa-

157 2067 240 2094 rem
263 2067 316 2094 ex
327 2052 458 2096 Gallia
470 2070 692 2108 numerum,
717 2072 830 2112 quam
853 2058 936 2113 ipse
958 2064 1186 2112 pacauerat,
1212 2057 1441 2098 nominatim
1455 2070 1507 2098 ex
1520 2056 1645 2096 omui-

300 2209 319 2242 3
340 2208 546 2253 Hyspaniam
566 2222 601 2244 α.
800 2211 909 2244 saltus
929 2211 1126 2255 Pyrenaeos
1145 2222 1186 2253 a,
1217 2211 1414 2256 Pyrenaeos
1434 2211 1543 2244 saltus
1563 2211 1642 2244 edd.

158 2259 315 2301 (Pirenos
336 2261 384 2304 b).
528 2266 546 2296 5
565 2265 772 2307 hyemabant
790 2275 824 2296 a.
967 2265 984 2297 7
1012 2265 1130 2297 exaltu
1148 2275 1182 2296 a.
1346 2265 1366 2296 8
1385 2263 1424 2295 L.
1446 2274 1467 2295 a
1488 2264 1643 2305 ‘ceter-2⁰2

159 2321 228 2344 om.
249 2313 280 2344 b.
421 2313 549 2347 Vibulii
567 2327 600 2357 a,
623 2316 733 2348 lubuli
753 2327 791 2347 e:
814 2314 956 2355 ‘Vibuli,
977 2314 1254 2356 Bibuli,Vibelli‚
1274 2314 1391 2355 Vibili,
1414 2314 1528 2347 lubilii
1545 2316 1645 2347 mss.'

301 2362 466 2406 Hispania
484 2377 504 2397 α
517 2377 545 2398 e.
735 2367 775 2399 10
796 2367 902 2398 tribus
922 2367 1132 2407 legionibus,
1155 2367 1244 2399 alter
1261 2366 1462 2398 ulteriorem
1481 2376 1544 2406 ego
1562 2377 1647 2408 sup-

157 2412 275 2454 pleui,
297 2424 365 2446 om.
386 2426 407 2447 a
428 2418 532 2449 ‘msa
553 2418 596 2449 8⁵.
617 2418 657 2449 P.
680 2418 764 2459 1373
793 2419 855 2450 ubi
871 2418 966 2460 quod
982 2428 1036 2449 me
1055 2420 1229 2460 originem
1248 2417 1423 2459 vulgatae
1440 2421 1647 2459 scripturae

160 2465 328 2503 ignorare
347 2466 439 2508 dimi,
462 2479 501 2500 ea
521 2469 614 2501 Aldo
633 2470 794 2502 debetur.
961 2471 1000 2504 12
1019 2471 1059 2502 ab
1079 2481 1147 2502 om.
1170 2471 1187 2501 b
1202 2481 1230 2502 c.
1403 2470 1583 2502 Bettonum
1602 2482 1622 2502 a
1635 2484 1645 2503 :

162 2514 349 2558 ‘Betonum,
370 2518 561 2561 Bettonum,
582 2519 764 2561 Vetonuin,
785 2519 975 2553 Veetonum
993 2532 1077 2553 mss.
1097 2522 1153 2552 hic
1171 2525 1209 2553 eb
1224 2522 1334 2552 ’ΜΟ-τ’.
1503 2522 1541 2554 13
1563 2523 1648 2564 opti-

163 2566 266 2597 nebat
282 2577 316 2598 a.
492 2573 530 2604 ’15
550 2583 624 2604 cum
644 2573 672 2604 is
692 2583 724 2605 α.
894 2575 934 2606 16
954 2574 1016 2605 toti
1037 2574 1252 2617 Stephanus,
1274 2574 1380 2605 totius
1399 2574 1500 2605 codd.

166 2616 204 2647 17
226 2616 430 2651 Celtiberiae
448 2632 469 2653 a
490 2623 664 2664 ‘reliqui'‚
687 2624 872 2657 Celtiberis
891 2625 912 2657 2
930 2625 1019 2657 dett.
1040 2635 1076 2657 u.
1289 2625 1328 2656 10
1347 2625 1387 2655 ad
1409 2625 1557 2656 erarium
1576 2636 1596 2656 a
1612 2626 1641 2656 b.

306 2671 586 2715 constituuntque
605 2685 625 2705 α
641 2676 671 2715 b,
692 2676 908 2707 constituunt
927 2687 959 2708 u.
1232 2676 1275 2708 ‘20
1295 2676 1444 2715 lgm-dam
1465 2686 1498 2707 α.

161 2718 203 2753 22
223 2722 257 2751 et
274 2719 316 2752 23
336 2725 372 2752 et
387 2723 431 2756 24
449 2735 556 2757 uncos
575 2737 639 2768 ego
654 2730 774 2768 posui.
793 2729 831 2760 P.
851 2728 926 2761 138.
1067 2729 1111 2762 24
1130 2728 1348 2770 equitumque
1363 2738 1383 2758 α
1396 2729 1424 2767 b,
1446 2727 1595 2768 equitum
1610 2738 1643 2758 u.

304 2771 357 2801 De
376 2771 405 2814 §-
425 2774 446 2807 2
463 2775 538 2807 uid.
559 2776 598 2808 P.
621 2777 696 2809 139.
916 2779 959 2813 25
978 2779 1020 2810 ad
1039 2789 1072 2810 v1
1092 2779 1162 2810 mil.
1181 2778 1308 2809 auxilia
1329 2778 1478 2819 peditum
1498 2777 1591 2808 milla
1610 2788 1643 2809 a.

305 2824 348 2856 26
368 2825 521 2858 omnibus
540 2828 684 2869 reliqui,
706 2839 792 2871 quae
812 2831 966 2861 omnibus
985 2831 1019 2862 d.
1179 2831 1221 2865 27
1242 2839 1338 2872 quau]
1359 2828 1425 2868 bd>
1448 2838 1646 2871 quamquam

164 2884 205 2913 a,-
227 2884 323 2915 quem
337 2885 371 2906 u.
512 2884 699 2919 pacauerat
716 2891 736 2912 a
751 2881 768 2912 b
782 2880 842 2921 ed,
864 2887 1050 2923 parauerat
1067 2892 1101 2913 ιι.

211 2938 330 2973 Caesar,
347 2939 391 2967 ed.
414 2939 555 2976 Nipperd,
1395 2920 1447 2962 33
