1835 3240
90 893 131 927 10

96 1234 135 1267 15

96 1569 139 1604 20

100 1911 143 1945 25

567 156 749 200 COMM.
773 155 855 201 VII
886 154 1011 199 CAP.
1034 155 1151 198 21—
1168 157 1237 198 24.
1631 160 1713 203 419

158 283 198 318 et
218 275 335 315 multo
367 285 513 327 aggere
545 272 793 312 uestiuntur:
820 286 867 313 ea
888 278 1015 312 autem
1032 301 1042 321 ,
1075 282 1176 323 quae
1198 268 1393 319 diximus,
1428 270 1639 314 interualla

158 341 370 398 grandibus
393 340 431 380 in
455 342 585 381 fronte
607 341 717 380 saxis
741 340 1011 380 effarciuntur.
1039 336 1113 378 His
1136 337 1351 378 conlocatis
1374 344 1414 377 et
1435 352 1641 392 coagmen·
1663 341 1687 381 3

160 410 253 451 tatis
275 410 373 450 alius
395 408 558 463 insuper
579 409 673 449 ordo
695 408 875 458 additur,
908 415 952 448 ut
981 407 1082 447 idem
1115 405 1210 446 illud
1231 404 1485 445 interuallum
1506 420 1641 448 serue-

160 486 239 528 tur,
263 491 390 530 neque
412 477 516 517 inter
536 490 580 517 se
602 477 835 529 contingant
857 475 1004 524 trabes,
1030 474 1096 514 sed
1112 473 1269 528 paribus
1291 473 1541 514 intermissae
1554 462 1642 527 spa-

165 546 228 586 tiis
250 545 429 599 singulae
458 545 625 598 singulis
648 544 759 584 saxis
781 542 1002 584 interiectis
1024 549 1110 582 arte
1132 541 1425 582 contineantur.
1479 539 1548 581 Sic
1579 543 1644 583 de-
1666 545 1692 584 4

159 615 293 668 inceps
316 628 431 654 omne
454 627 550 667 opus
572 611 824 661 contexitur,
859 610 947 650 dum
981 610 1085 650 iusta
1107 609 1209 649 muri
1230 609 1395 650 altitudo
1417 609 1641 663 expleatur.

162 681 249 722 Hoc
271 695 355 722 cum
379 682 418 722 in
440 680 607 734 speciem
631 678 942 731 uarietatemque
974 691 1070 731 opus
1102 677 1276 717 deforme
1299 691 1377 717 non
1399 684 1461 716 est
1482 678 1645 718 alternis
1668 677 1693 718 5

162 749 338 791 trabibus
361 763 405 789 ac
427 748 536 789 saxis
552 778 562 797 ,
588 760 686 800 quae
707 746 828 787 rectis
850 746 965 786 lineis
989 759 1082 785 suos
1106 745 1263 785 ordines
1285 751 1472 795 seruant,
1496 751 1576 785 tum
1600 746 1649 786 ad

162 819 370 858 utilitatem
391 823 430 856 et
453 815 719 856 defensionem
742 813 907 854 'urbium
938 827 1129 854 summam
1162 811 1278 853 habet
1299 813 1647 866 opportunitatem,

163 887 265 940 quod
288 892 326 925 et
346 884 392 925 ab
415 883 598 924 incendio
621 882 719 937 lapis
743 889 782 922 et
802 882 849 923 ab
872 882 997 922 ariete
1019 881 1184 921 materia
1208 881 1404 931 defendit,
1440 895 1539 934 quae
1562 895 1649 935 per-

165 953 292 1009 petuis
324 952 499 993 trabibus
531 951 648 1004 pedes
680 950 953 1005 quadragenos
985 950 1211 1004 plerumque
1242 948 1437 989 introrsus
1469 950 1650 990 reuincta

166 1034 292 1075 neque
315 1019 512 1075 perrumpi
535 1032 660 1072 neque
683 1018 846 1059 distrahi
870 1025 1013 1072 potest.
1070 1016 1142 1057 His
1166 1023 1225 1056 tot
1246 1016 1366 1056 rebus
1389 1017 1560 1070 inpedita
1583 1031 1649 1072 op-
1669 1017 1726 1062 24

165 1088 403 1144 pugnatione
425 1087 568 1127 milites
583 1116 593 1135 ,
619 1101 706 1127 cum
730 1093 812 1127 toto
835 1093 1012 1140 tempore
1035 1085 1183 1139 frigore
1206 1091 1247 1126 et
1268 1083 1441 1124 adsiduis
1463 1085 1652 1125 imbribus

166 1158 443 1206 tardarentur,
482 1163 611 1196 tamen
634 1154 853 1195 continenti
877 1154 1011 1195 labore
1034 1153 1164 1194 omnia
1186 1153 1281 1193 haec
1304 1160 1594 1206 superauerunt
1615 1160 1655 1192 et

168 1224 303 1265 diebus
334 1230 431 1264 XXV
460 1238 646 1278 aggerem
676 1224 796 1264 latum
826 1223 944 1277 pedes
976 1229 1186 1272 CCCXXX,
1222 1222 1340 1262 altum
1373 1221 1492 1275 pedes
1524 1226 1655 1260 LXXX

169 1299 452 1334 extruxerunt.
497 1289 598 1331 Cum
620 1291 653 1331 is
678 1306 829 1332 murum
852 1290 1020 1331 hostium
1044 1303 1168 1344 paene
1191 1289 1466 1344 contingeret,
1492 1295 1530 1328 et
1552 1285 1654 1329 Cae·
1676 1288 1702 1329 2

171 1374 237 1401 sar
258 1361 304 1400 ad
328 1374 423 1414 opus
447 1359 732 1400 consuetudine
746 1358 961 1399 excubaret
981 1359 1205 1411 militesque
1228 1357 1469 1405 hortaretur,
1494 1356 1658 1410 nequod

171 1428 330 1468 omnino
351 1434 503 1481 tempus
525 1427 572 1467 ab
596 1441 717 1481 opere
738 1426 1091 1476 intermitteretur,
1126 1425 1239 1480 paulo
1263 1432 1355 1466 ante
1378 1424 1534 1465 tertiam
1558 1424 1658 1478 uigi-

171 1496 261 1536 liam
294 1502 354 1535 est
383 1496 698 1536 animaduersum
730 1495 881 1535 fumare
909 1508 1118 1550 aggerem,
1163 1507 1277 1547 quem
1309 1493 1490 1534 cuniculo
1521 1493 1657 1534 hostes

171 1563 483 1614 succenderant,
519 1563 735 1616 eodemque
758 1570 935 1617 tempore
957 1570 1039 1603 toto
1061 1575 1173 1602 muro
1195 1561 1365 1601 clamore
1388 1561 1541 1601 sublato
1565 1561 1659 1601 dua·
1680 1559 1705 1600 3

171 1630 242 1671 hus
264 1631 388 1685 portis
411 1631 457 1670 ab
480 1638 647 1684 utroque
670 1632 794 1672 latere
816 1631 984 1671 turrium
1007 1630 1160 1683 eruptio
1176 1629 1307 1678 fiebat,
1331 1628 1398 1669 alii
1422 1630 1527 1670 faces
1541 1636 1659 1683 atque
1680 1628 1707 1669 4

173 1699 321 1740 aridam
344 1699 547 1739 materiem
570 1700 615 1739 de
638 1714 751 1740 muro
774 1699 811 1739 in
835 1712 1020 1753 aggerem
1044 1698 1195 1738 eminus
1217 1697 1430 1747 iaciebant,
1455 1697 1578 1751 picem
1597 1710 1662 1737 re-

173 1768 374 1821 liquasque
397 1781 475 1817 res,
501 1767 640 1820 quihus
662 1767 764 1822 ignis
787 1767 955 1808 excitari
978 1774 1122 1821 potest,
1149 1765 1379 1813 fundebant,
1406 1772 1460 1816 ut,
1486 1779 1561 1818 quo
1583 1766 1663 1819 pri-

174 1850 276 1876 mum
299 1843 527 1876 curreretur
557 1842 624 1876 aut
655 1836 716 1876 cui
738 1836 797 1876 rei
821 1837 991 1876 ferretur
1011 1834 1220 1883 auxilium,
1244 1834 1313 1874 uix
1335 1833 1437 1874 ratio
1459 1833 1550 1874 iniri
1573 1847 1663 1888 pos-

175 1911 250 1944 set.
292 1901 461 1953 Tamen,
486 1904 586 1956 quod
610 1904 791 1945 instituto
804 1903 992 1945 Caesaris
1017 1916 1173 1957 semper
1194 1902 1293 1943 duae
1315 1902 1493 1955 legiones
1506 1915 1576 1955 pro
1599 1915 1663 1942 ca-
1685 1898 1709 1942 5

178 1972 270 2012 stris
293 1971 541 2012 excubabant
564 1971 774 2026 pluresque
796 1973 950 2027 partitis
974 1971 1214 2026 temporibus
1238 1977 1352 2011 erant
1374 1971 1413 2010 in
1437 1983 1570 2024 opere,
1601 1983 1666 2010 ce-

179 2039 316 2080 leriter
338 2040 481 2080 factum
504 2047 580 2088 est,
604 2047 647 2080 ut
667 2041 732 2081 alii
756 2041 1027 2095 eruptionibus
1042 2039 1291 2089 resisterent,
1318 2039 1383 2079 alii
1405 2045 1535 2079 turres
1550 2038 1666 2078 redu-

180 2115 316 2149 cerent
336 2122 599 2163 aggeremque
621 2109 980 2160 interscinderent,
1005 2108 1131 2149 omnis
1154 2121 1251 2148 uero
1283 2121 1335 2147 ex
1364 2107 1507 2147 castris
1539 2106 1668 2147 multi-

322 2201 342 2234 2
361 2201 549 2232 conlocatis
567 2201 610 2233 B.
789 2206 823 2233 et
841 2201 1066 2242 eoagminatis
1086 2200 1334 2240 coagmentatis
1354 2199 1424 2232 AB
1439 2199 1522 2231 CD.

180 2253 198 2285 3
218 2253 355 2284 additur
372 2253 428 2285 Be
450 2253 596 2296 ‘reliqui
610 2253 756 2293 omnes',
777 2255 941 2286 adiicitur
960 2264 1038 2285 cum
1056 2253 1130 2285 solo
1149 2253 1260 2284 Dora.
1282 2263 1317 2284 η.
1476 2252 1495 2283 4
1512 2249 1669 2293 partibus

182 2308 263 2336 ante
285 2314 376 2336 corr.
396 2305 439 2337 B.
582 2305 792 2337 intermissis
809 2307 839 2337 b.
868 2343 869 2347 Ἰ
983 2305 1000 2336 5
1022 2304 1111 2347 arte]
1130 2304 1163 2336 in
1184 2314 1262 2335 arce
1284 2304 1314 2335 b.
1435 2303 1453 2335 6
1473 2303 1566 2334 iuxta
1580 2301 1668 2333 AD.

326 2356 534 2399 compleatur
551 2357 568 2388 b
582 2367 641 2388 ee.
785 2357 802 2388 7
823 2357 885 2388 hoc
905 2360 973 2387 tum
986 2356 1016 2387 b.
1156 2356 1176 2387 8
1196 2355 1356 2397 saxisque
1377 2354 1481 2385 rectis
1493 2363 1540 2385 m.
1556 2362 1614 2394 pr.
1627 2352 1671 2384 B.

329 2408 363 2440 11
387 2408 640 2450 quadringenos
654 2408 695 2441 A.
843 2408 884 2440 12
901 2408 953 2439 his
972 2407 1028 2439 Be
1047 2406 1125 2438 edd.
1142 2408 1296 2448 priores,
1319 2406 1360 2437 iis
1373 2405 1413 2437 P.
1428 2404 1617 2437 Manutius
1635 2413 1670 2434 u.

328 2460 479 2502 inpedita
496 2461 539 2492 B.
800 2460 839 2493 13
860 2459 987 2500 frigore
1007 2458 1037 2490 B
1057 2461 1065 2476 ‘
1079 2458 1252 2500 reliqui'3
1280 2459 1372 2498 luto,
1405 2457 1531 2497 frigore
1552 2456 1672 2488 bede.

190 2508 229 2540 Ρ.
251 2509 304 2540 68.
499 2510 654 2543 adsiduis
672 2511 715 2543 B.
920 2510 961 2542 14
980 2509 1204 2540 tardarentur
1220 2509 1281 2541 Ac
1293 2519 1309 2540 e
1321 2533 1330 2548 ,
1361 2508 1584 2540 traderentur
1602 2507 1631 2539 B
1647 2507 1675 2538 C

188 2559 230 2589 J)-
433 2561 473 2593 16
492 2566 720 2594 extruxerunt
738 2562 780 2593 Β.
990 2560 1018 2592 is
1036 2570 1105 2592 om.
1127 2560 1171 2591 A.
1382 2569 1467 2601 pene
1486 2559 1528 2591 Β.

191 2614 225 2640 et
243 2620 310 2640 om.
331 2610 360 2641 B
381 2611 474 2642 ‘ms-3.
496 2610 562 2644 10‘.
720 2612 761 2645 17
780 2611 1063 2645 consuetudinem
1082 2610 1126 2642 A.
1286 2610 1484 2642 hortaretur
1503 2610 1559 2642 Be
1580 2608 1674 2640 ‘reli-

192 2661 285 2701 qui',
307 2661 546 2695 cohortaretur
562 2674 580 2695 c
597 2665 689 2697 And.
713 2665 828 2697 Ooeon.
973 2663 1013 2696 19
1034 2663 1200 2704 fumigare
1222 2663 1252 2694 b.
1395 2664 1437 2698 20
1457 2663 1572 2695 eodem
1593 2667 1675 2693 tem-

193 2722 271 2754 pore
293 2713 349 2753 bc,
371 2723 437 2745 non
457 2725 487 2747 e.
625 2717 664 2752 21
687 2717 727 2749 ab
746 2722 891 2760 utraque
910 2721 1006 2759 parte
1026 2716 1170 2747 turrium
1192 2717 1222 2747 b.
1373 2716 1416 2747 22
1437 2715 1613 2746 materiem
1631 2715 1671 2753 A,

193 2764 367 2795 materiam
391 2765 417 2796 Β
437 2766 631 2807 ‘plerique'.
801 2769 953 2812 reliquas
973 2778 1027 2800 res
1046 2769 1077 2800 B
1091 2767 1158 2800 CD
1172 2778 1202 2799 e.
1365 2768 1409 2799 24
1429 2771 1628 2799 curreretur
1645 2766 1676 2798 B

195 2819 231 2845 el*
247 2815 389 2856 reliqui,
412 2823 653 2851 occurreretur
670 2830 691 2851 a
705 2820 723 2852 b
736 2831 795 2852 ce.
1011 2819 1054 2853 25
1074 2828 1208 2861 semper
1226 2817 1312 2849 duae
1335 2818 1361 2848 Β
1376 2817 1454 2848 edd.
1475 2820 1557 2849 ante
1578 2817 1673 2856 Ala„

195 2867 280 2897 dnae
301 2877 433 2908 semper
450 2868 563 2900 Aldus
581 2879 616 2900 u.
754 2867 798 2905 2'8
817 2871 907 2903 inter
924 2882 960 2903 se
980 2871 1176 2902 scinderent
1195 2882 1224 2901 c.

1389 2923 1473 2963 27*
