1835 3240
89 134 172 178 414
613 132 687 175 DE
718 131 907 175 BELLO
941 129 1194 174 GALLICO

120 248 147 290 8
167 248 316 289 laturos
339 254 404 287 aut
425 260 566 301 niagno
599 248 772 300 periculo
795 245 948 299 longius
971 245 1017 285 ab
1041 247 1181 287 castris
1202 261 1484 301 processuros3
1520 261 1645 301 neque

167 317 378 365 interesse,
392 316 550 370 ipsosne
571 315 823 365 interficiant,
847 314 1186 368 impedimentisne
1199 322 1363 365 exuant,
1380 316 1645 369 quibusamis-

119 385 146 426 9
167 385 220 426 sis
252 384 394 425 bellum
426 384 509 437 geri
543 397 619 422 non
652 382 788 435 possit.
844 380 1058 422 Praeterea
1096 382 1233 435 oppida
1264 383 1420 424 incendi
1443 391 1642 438 oportere,

167 468 265 506 quae
288 467 365 492 non
388 451 601 491 munitione
624 457 661 489 et
684 450 758 490 loci
781 457 921 491 natura
943 450 989 490 ab
1013 450 1117 489 omni
1141 450 1218 489 sint
1242 451 1414 503 periculo
1438 459 1534 501 tuta,
1572 465 1645 491 neu

168 522 250 561 suis
273 521 351 560 sint
373 520 419 558 ad
450 519 742 557 detractandam
771 518 947 558 militiam
979 519 1223 572 receptacula
1250 532 1326 558 neu
1343 518 1532 560 Romanis
1555 534 1643 574 pro-

94 589 146 631 10
167 589 292 644 posita
315 588 362 628 ad
385 587 534 640 copiam
557 593 795 626 commeatus
819 587 1077 640 praedamque
1101 586 1324 626 tollendam.
1373 586 1481 627 Haec
1503 588 1534 627 si
1558 602 1647 642 gra-

165 658 230 697 uia
253 663 319 696 aut
350 656 490 695 acerba
523 655 753 701 uideantur,
787 655 908 695 inulto
938 655 1002 695 illa
1034 655 1194 710 grauius
1228 654 1456 704 aestimare,
1482 655 1644 703 liberos.

167 725 354 777 coniuges
377 723 414 762 in
438 723 669 763 seruitutem
692 723 892 772 abstrahi,
919 723 1024 777 ipsos
1047 723 1239 773 interfici3
1275 736 1373 776 quae
1404 723 1454 763 sit
1486 737 1649 764 necesse

90 793 144 837 15
168 793 347 833 accidere
369 791 501 831 uictis.
560 789 746 832 Omnium
771 806 966 832 consensu
989 791 1059 832 hac
1082 792 1276 832 sententia
1302 791 1467 845 probata
1488 805 1566 831 uno
1589 791 1649 831 die

167 861 332 914 amplius
354 859 549 900 XXurbes
571 857 792 913 Biturigum
816 860 1095 900 incenduntur.
1129 859 1216 899 Hoc
1238 860 1337 899 idem
1364 860 1401 899 fit
1424 859 1464 899 in
1487 859 1650 912 reliquis

118 928 146 968 2
168 928 417 968 ciuitatibus:
442 927 481 967 in
505 928 682 968 omnibus
707 929 881 982 partibus
905 929 1085 968 incendia
1109 928 1429 982 conspiciuntur3
1455 941 1553 980 quae
1576 927 1649 967 etsi

165 1010 307 1050 magno
330 996 565 1036 cumdolore
589 994 725 1036 omnes
749 996 940 1046 ferebant,
969 1003 1096 1036 tamen
1119 997 1191 1036 hoc
1209 996 1282 1035 sibi
1305 996 1434 1035 solatii
1458 1008 1650 1049 propone-

165 1064 274 1114 bant,
299 1064 399 1116 quod
421 1078 463 1104 se
496 1079 615 1118 prope
653 1065 859 1118 explorata
894 1065 1058 1104 uictoria
1082 1065 1265 1104 celeriter
1287 1063 1429 1104 amissa
1452 1065 1650 1117 recipera-

118 1132 143 1173 3
167 1139 275 1172 turos
300 1133 561 1172 confidebant.
617 1131 872 1173 Deliberatur
908 1133 953 1172 de
975 1132 1150 1172 Auarico
1183 1133 1222 1171 in
1247 1132 1439 1171 communi
1464 1131 1645 1178 concilio,

116 1200 144 1241 4
165 1201 319 1240 incendi
343 1201 531 1254 placeret,
558 1214 607 1240 an
630 1201 798 1240 defendi.
843 1198 1115 1240 Procumbunt
1145 1200 1326 1239 omnibus
1350 1200 1476 1239 Gallis
1508 1200 1554 1238 ad
1587 1212 1652 1252 pe-

165 1269 232 1309 des
256 1267 471 1322 Bituriges⁵
499 1282 546 1308 ne
569 1269 869 1321 pulcherrimam
895 1282 1012 1321 prope
1036 1269 1157 1308 totius
1181 1266 1334 1307 Galliac
1357 1267 1491 1306 urbem
1509 1297 1519 1316 ‚
1554 1279 1651 1318 quae

164 1336 359 1390 praesidio
383 1343 422 1376 et
444 1343 676 1376 ornamento
699 1337 750 1376 sit
772 1336 938 1383 ciuitati,
965 1337 1046 1375 suis
1070 1336 1248 1375 manibus
1271 1335 1513 1376 succendere
1535 1347 1650 1387 coge-

117 1403 141 1445 5
166 1411 329 1444 rentur:
366 1404 477 1444 facile
509 1418 551 1444 se
582 1404 660 1444 loci
690 1411 831 1444 natura
861 1405 1094 1444 defensuros
1127 1404 1283 1451 dicunt,
1319 1403 1419 1457 quod
1451 1416 1570 1456 prope
1599 1415 1650 1441 ex

164 1472 343 1512 omnihus
376 1473 551 1526 partibus
584 1472 741 1513 flumine
773 1480 812 1513 et
843 1473 981 1526 palude
1015 1472 1255 1512 circumdata
1287 1486 1406 1511 unum
1437 1471 1581 1511 habeat
1612 1477 1652 1510 et

117 1540 143 1582 6
166 1547 444 1595 perangustum
475 1541 636 1581 aditum.
681 1540 811 1581 Datur
842 1541 1065 1595 petentibus
1097 1541 1213 1581 uenia
1248 1540 1498 1580 dissuadente
1528 1538 1651 1592 primo

163 1608 511 1662 Vercingetorige,
538 1617 626 1663 post
648 1610 889 1650 concedente
912 1616 951 1649 et
972 1609 1150 1663 precibus
1174 1609 1346 1662 ipsorum
1370 1615 1409 1648 et
1427 1607 1651 1647 misericor-

89 1676 142 1721 16
165 1678 226 1717 dia
256 1677 377 1731 uolgi.
430 1675 676 1718 Defensores
707 1678 844 1731 oppido
877 1678 1008 1717 idonei
1032 1677 1273 1730 deliguntur.
1336 1674 1650 1728 Vercingetorix

163 1745 378 1784 minoribus
403 1741 616 1786 Caesarem
649 1746 855 1786 itineribus
887 1746 1141 1798 subsequitur
1172 1751 1209 1785 et
1240 1745 1366 1784 locum
1391 1744 1531 1784 castris
1556 1743 1650 1782 deli-

163 1812 220 1867 git
242 1813 445 1866 paludibus
477 1813 663 1866 siluisque
695 1814 885 1853 munitum
916 1813 962 1854 ab
984 1813 1160 1853 Auarico
1192 1813 1306 1866 longe
1338 1812 1443 1852 milia
1465 1824 1651 1865 passuum

117 1881 144 1922 2
164 1887 258 1921 XVI.
303 1879 360 1921 Ibi
385 1895 454 1935 per
476 1889 607 1922 certos
631 1883 905 1936 exploratores
927 1882 967 1922 in
990 1882 1143 1935 singula
1167 1881 1243 1921 diei
1265 1889 1458 1935 tempora,
1485 1892 1584 1932 quae
1606 1878 1653 1918 ad

162 1949 381 1989 Auaricum
403 1958 637 2003 agerentur,
664 1950 929 2003 cognoscebat
951 1957 1012 1999 et,
1038 1950 1129 2003 quid
1152 1949 1235 1989 lieri
1259 1948 1390 1997 uellet,
1416 1947 1648 2001 imperabat.

118 2016 143 2058 3
167 2016 307 2059 Omnis
330 2025 487 2058 nostras
520 2018 789 2072 pabulationes
814 2019 1218 2071 frumentationesque
1241 2016 1475 2057 obseruabat
1499 2015 1649 2068 disper-

166 2101 310 2140 sosque
327 2116 337 2135 ‚
363 2101 447 2126 cum
470 2087 624 2141 longius
647 2087 875 2127 necessario
897 2088 1181 2141 procederent,
1215 2084 1468 2125 adoriebatur
1490 2097 1650 2136 magno-

312 2231 324 2263 1
347 2241 466 2271 magno
487 2231 637 2273 periculo
655 2231 686 2263 J}
707 2231 877 2273 ‘reliqm'',
900 2241 1019 2271 magno
1038 2241 1110 2262 cum
1130 2228 1280 2272 periculo
1305 2228 1420 2260 bede.
1577 2234 1651 2267 pro-

166 2292 325 2314 cessuros
344 2283 417 2313 AB
433 2283 500 2314 01)
515 2284 549 2323 b,
572 2293 815 2325 progressuros
835 2294 896 2314 eu.
1027 2283 1044 2313 4
1067 2292 1107 2313 ne
1127 2282 1198 2313 suis
1220 2282 1284 2321 be,
1306 2290 1346 2312 ne
1365 2278 1443 2311 usui
1463 2288 1507 2309 m.
1524 2286 1583 2318 pr.
1606 2276 1646 2308 C.

309 2337 326 2367 ὃ
348 2335 604 2367 detractandam
618 2336 676 2375 (B)
692 2336 785 2366 ‘mssa
803 2335 846 2374 9‘,
868 2346 935 2366 non
955 2334 1226 2366 detrectandam.
1367 2331 1385 2363 7
1404 2330 1456 2362 illi
1475 2330 1505 2360 b.

167 2386 351 2417 aestimare
371 2386 548 2426 Ama),-
579 2387 763 2418 aestimare
793 2386 917 2418 debere
945 2385 1026 2416 hed
1049 2388 1100 2423 et,
1133 2386 1198 2425 qni
1214 2382 1411 2421 aestimari,
1439 2391 1501 2411 ae.
1531 2380 1569 2411 P.
1592 2378 1646 2410 53.

311 2436 329 2468 9
349 2446 388 2468 ac
407 2437 437 2468 B
457 2438 552 2468 ’'mss.
574 2437 617 2478 4⁴,
639 2437 722 2468 haec
742 2438 773 2468 b.
933 2436 971 2468 10
992 2435 1027 2467 fit
1048 2437 1064 2467 b
1079 2436 1176 2474 cde,
1199 2445 1267 2465 0171.
1287 2433 1317 2465 B
1337 2430 1505 2473 ‘reliqui’.

170 2488 211 2520 12
230 2487 349 2519 solacii
368 2488 410 2519 B.
558 2488 595 2519 13
616 2488 703 2529 quod
723 2498 759 2518 se
778 2498 882 2529 prope
902 2497 969 2525 ae,
989 2497 1058 2518 om.
1079 2485 1282 2527 -·1(B)CD.
1440 2483 1650 2525 reciperatu-

168 2549 225 2571 ros
244 2539 317 2570 AB
332 2541 370 2579 C,
392 2544 654 2581 recuperaturos
673 2550 690 2570 e
704 2550 736 2570 η.
906 2539 943 2570 14
964 2538 1180 2569 confidebant
1199 2537 1228 2568 B
1245 2540 1282 2567 cf
1299 2536 1446 2577 reliqui,
1468 2536 1653 2578 sperabant

171 2591 188 2622 b
201 2601 230 2622 e.
409 2590 620 2622 deliberatur
639 2590 756 2629 bede,
779 2589 958 2620 dicebatur
975 2589 1006 2619 B
1026 2588 1172 2619 ‘ceter-2⁹.
1338 2588 1374 2619 15
1395 2587 1554 2629 placeant
1572 2598 1649 2618 cum

164 2644 298 2684 puncto
316 2642 380 2673 snb
400 2653 418 2673 n
439 2643 468 2673 b.
654 2642 691 2673 16
712 2651 797 2683 quae
817 2641 988 2683 praesidio
1004 2640 1034 2671 B
1049 2641 1144 2671 ‘mss.
1158 2639 1344 2681 plerique:
1367 2650 1452 2682 quae
1472 2645 1505 2672 et
1523 2640 1651 2683 praesi-

169 2695 223 2726 dio
242 2705 276 2725 11.
421 2694 461 2727 17
481 2693 635 2729 ciuitatis
656 2694 686 2724 b.
828 2693 1008 2724 incendere
1029 2693 1059 2724 b.
1200 2692 1239 2724 ⁴21
1261 2692 1442 2735 praecibus
1462 2692 1504 2723 B.

167 2748 211 2783 22
229 2747 323 2788 uolgi
341 2747 385 2779 A.
527 2746 748 2787 delinquatur
763 2746 809 2777 D.
971 2744 1013 2778 23
1035 2745 1164 2786 delegit
1181 2745 1225 2776 A.
1388 2744 1431 2777 24
1450 2743 1578 2775 milium
1597 2743 1647 2784 A,

167 2799 246 2831 mile
266 2808 296 2830 e.
436 2797 478 2829 25
497 2796 622 2837 insigni
642 2796 697 2828 dei
716 2800 867 2838 tempora
883 2805 930 2827 m.
947 2805 1005 2837 pr.
1026 2795 1069 2827 A.
1214 2795 1256 2828 ‘26
1276 2794 1472 2837 agerentur]
1493 2804 1652 2836 gereren-

169 2855 224 2882 tur
244 2850 261 2881 b
275 2849 340 2881 de.
479 2849 521 2882 27
541 2848 647 2879 omnis
667 2848 709 2879 B.

1676 528 1693 558 5

1686 866 1723 898 10

1686 1205 1723 1238 15
