1835 3240
84 896 125 928 io

84 1235 125 1267 15

87 1575 130 1608 20

489 161 673 205 COMM.
698 158 799 204 VIII
821 156 1022 201 PRAEF.
1047 180 1103 188 —
1125 155 1249 198 CAP.
1280 156 1297 196 1
1633 154 1713 197 461

157 277 460 324 commentarios
482 290 616 317 rerum
631 283 831 330 gestarum
843 272 998 315 Galliae
1010 285 1088 312 non
1111 267 1441 310 conhaerentibus
1463 270 1640 323 superio-

156 350 263 390 ribus
296 354 412 400 atque
452 344 750 397 insequentibus
790 344 873 384 eius
901 340 1057 395 scriptis
1088 337 1276 380 contexui
1309 336 1642 390 nouissimumque

154 416 409 470 inperfectum
431 413 478 454 ab
512 413 630 454 rebus
663 411 785 467 gestis
807 409 1079 451 Alexandriae
1101 405 1253 447 confeci
1276 417 1400 458 usque
1423 404 1470 444 ad
1493 405 1642 444 exitum

154 498 231 524 non
254 482 408 536 quidem
433 482 560 522 ciuilis
584 479 843 520 dissensionis
859 508 869 527 ‚
895 478 1003 517 cuius
1027 477 1142 516 finem
1165 474 1312 514 nullum
1335 472 1513 512 uidemus
1530 501 1540 519 ‚
1575 472 1642 511 sed

159 552 264 592 uitae
287 547 491 591 Caesaris.
536 546 646 601 Quos
681 547 829 586 utinam
863 545 928 598 qui
958 545 1092 598 legent
1122 541 1226 582 scire
1258 540 1411 596 possint
1441 553 1554 592 quam
1588 539 1646 579 in-
1668 539 1692 579 3

156 619 260 659 uitus
283 617 526 671 susceperim
548 614 803 664 scribendos,
839 627 913 666 quo
945 612 1100 652 facilius
1131 623 1287 651 caream
1318 607 1508 648 stultitiae
1529 614 1646 660 atque

156 686 409 740 arrogantiae
432 684 620 733 crimine,
657 683 723 736 qui
753 695 814 721 me
844 679 983 720 mediis
1013 678 1314 732 interposuerim
1339 674 1527 717 Caesaris
1549 674 1648 715 scri-

157 755 248 808 ptis.
294 752 466 795 Constat
496 752 598 792 enim
629 751 735 791 inter
766 761 902 789 omnes
934 746 1031 787 nihil
1062 753 1139 786 tam
1172 758 1338 799 operose
1367 744 1414 784 ab
1448 744 1535 784 aliis
1558 757 1648 784 esse
1668 743 1694 783 4

159 823 390 875 perfectum,
422 821 523 874 quod
547 834 625 860 non
648 819 783 859 horum
807 814 999 870 elegantia
1025 812 1398 854 commentariorum
1420 818 1645 866 superetur.

158 886 236 942 Qui
258 896 353 930 sunt
374 889 493 939 editi,
527 902 576 929 ne
607 886 774 928 scientia
808 891 1007 926 tantarum
1030 895 1162 922 rerum
1186 880 1447 935 scriptoribus
1471 880 1644 929 deesset,
1670 878 1694 919 5

158 958 334 1011 adeoque
358 957 575 1011 probantur
597 955 768 996 omnium
791 953 952 1001 iudicio,
978 957 1020 991 ut
1042 956 1264 1004 praerepta,
1292 963 1371 988 non
1395 948 1570 1002 praebita
1593 949 1649 988 fa-

158 1026 285 1065 cultas
308 1025 567 1078 scriptoribus
590 1023 786 1064 uideatur.
832 1018 956 1061 Cuius
988 1026 1119 1059 tamen
1150 1017 1208 1058 rei
1231 1017 1356 1057 maior
1377 1023 1511 1057 nostra
1535 1031 1647 1069 quam
1670 1014 1697 1056 6

157 1092 396 1146 reliquorum
419 1100 478 1133 est
510 1091 743 1133 admiratio:
784 1089 908 1129 ceteri
931 1087 1058 1136 enim,
1091 1100 1203 1139 quam
1236 1085 1337 1125 bene
1369 1090 1486 1138 atque
1519 1098 1650 1124 emen-

158 1161 261 1208 date,
288 1175 359 1201 nos
374 1160 505 1208 etiam,
533 1174 646 1214 quam
672 1158 783 1200 facile
797 1164 913 1211 atque
936 1155 1120 1196 celeriter
1142 1167 1210 1194 eos
1232 1152 1460 1207 perfecerit,
1485 1152 1647 1192 scimus.

158 1226 260 1268 Erat
281 1236 412 1269 autem
434 1229 475 1269 in
495 1225 672 1269 Caesare
705 1241 792 1268 cum
829 1225 996 1266 facultas
1019 1230 1136 1277 atque
1159 1221 1355 1275 elegantia
1377 1234 1528 1261 summa
1552 1220 1650 1260 scri·
1670 1218 1696 1259 7

157 1296 273 1336 bendi
289 1327 299 1346 ,
326 1303 403 1336 tum
426 1296 634 1337 uerissima
658 1295 823 1336 scientia
846 1307 1006 1334 suorum
1029 1290 1283 1332 consiliorum
1307 1289 1647 1343 explicandorum.

160 1362 259 1404 Mihi
283 1378 330 1404 ne
352 1364 439 1404 illut
461 1363 614 1418 quidem
638 1363 805 1412 accidit,
830 1369 872 1402 ut
893 1360 1171 1401 Alexandrino
1194 1365 1310 1412 atque
1332 1357 1524 1397 Africano
1548 1357 1650 1397 bello
1671 1355 1698 1396 8

160 1432 422 1482 interessem;
459 1445 558 1485 quae
588 1431 686 1472 bella
719 1443 950 1487 quamquam
983 1443 1036 1469 ex
1067 1434 1177 1482 parte
1210 1426 1324 1466 nobis
1348 1423 1536 1466 Caesaris
1567 1437 1652 1465 ser-

162 1515 275 1540 mone
299 1507 390 1540 sunt
412 1506 528 1550 nota,
568 1507 696 1540 tamen
731 1499 846 1539 aliter
874 1498 1051 1538 audimus
1075 1510 1142 1546 ea,
1179 1508 1277 1548 quae
1309 1508 1439 1534 rerum
1475 1493 1650 1534 nouitate

163 1576 229 1607 aut
262 1567 522 1608 admiratione
554 1582 627 1607 nos
659 1568 840 1622 capiunt,
876 1566 1016 1614 aliter,
1057 1578 1154 1617 quae
1176 1577 1246 1617 pro
1268 1562 1494 1602 testimonio
1517 1573 1651 1601 sumus

161 1635 316 1675 dicturi.
344 1633 422 1675 Sed
445 1648 518 1688 ego
539 1635 739 1685 nimirum,
764 1635 851 1675 dum
876 1647 1012 1674 omnes
1030 1630 1303 1672 excusationis
1326 1643 1467 1670 causas
1491 1629 1649 1682 colligo,
1673 1626 1700 1669 9

161 1717 210 1744 ne
232 1717 317 1742 cum
342 1700 518 1744 Caesare
541 1704 751 1753 conferar,
787 1703 860 1743 hoc
893 1702 1016 1755 ipsum
1047 1700 1195 1739 crimen
1224 1698 1481 1751 adrogantiae
1512 1698 1648 1747 subeo,

160 1771 264 1827 quod
286 1785 347 1812 me
369 1771 512 1812 iudicio
536 1771 764 1825 cuiusquam
797 1769 1018 1812 existimem
1051 1781 1166 1822 posse
1188 1781 1275 1807 cum
1300 1763 1476 1806 Caesare
1499 1779 1654 1820 compa-

160 1840 256 1880 rari.
301 1837 419 1881 Vale.

279 1974 398 2017 Omni
420 1974 551 2017 Gallia
583 1975 738 2017 deuicta
761 1973 914 2017 Caesar
946 1989 1031 2016 cum
1055 1989 1077 2015 a
1109 1972 1314 2028 superiore
1336 1978 1487 2013 aestate
1510 1971 1655 2011 nullum
1678 1970 1700 2015 1

166 2043 335 2084 bellandi
359 2051 510 2098 tempus
532 2044 812 2085 intermisisset
825 2044 1048 2097 militesque
1061 2043 1314 2083 hibernorum
1338 2040 1468 2093 quiete
1490 2041 1655 2081 reficere

165 2125 188 2151 a
209 2112 330 2152 tantis
352 2112 552 2153 laboribus
577 2113 711 2163 uellet,
737 2113 955 2167 complures
978 2111 1114 2152 eodem
1139 2117 1313 2164 tempore
1336 2108 1517 2149 ciuitates
1539 2122 1657 2148 reno-

166 2193 258 2220 uare
286 2180 379 2221 belli
408 2181 574 2221 consilia
604 2181 891 2221 nuntiabantur
923 2179 1299 2231 coniurationesque
1342 2178 1487 2217 facere.
1532 2173 1657 2216 Cuius
1678 2175 1703 2217 2

165 2248 223 2288 rei
264 2248 495 2290 uerisimilis
535 2263 654 2290 causa
695 2248 970 2299 adferebatur,
1014 2247 1116 2301 quod
1149 2245 1274 2287 Gallis
1308 2244 1488 2285 omnibus
1521 2244 1658 2298 cogni-

93 2321 133 2353 30
165 2322 244 2355 tum
278 2326 383 2357 esset
414 2330 539 2370 neque
570 2317 647 2358 ulla
681 2317 927 2358 multitudine
963 2317 1003 2357 in
1037 2329 1153 2356 unum
1187 2315 1314 2355 locum
1347 2320 1484 2354 coacta
1523 2313 1658 2354 resisti

311 2413 325 2445 1
347 2414 637 2447 conhaereutibus
656 2413 921 2453 Schneiderus3
940 2411 1217 2455 comparentibus
1228 2411 1270 2452 A,
1292 2410 1568 2452 comparantibus
1587 2410 1617 2442 B
1632 2411 1659 2443 C

170 2462 248 2493 bde
267 2463 297 2495 ‘6
316 2464 422 2505 alz·1'‘‚·
443 2465 691 2508 comparandos
703 2464 818 2496 Aldus
838 2475 872 2495 u.
1014 2463 1035 2496 2
1055 2463 1273 2495 nouissimum
1293 2471 1379 2503 quae
1392 2461 1434 2498 B,
1459 2461 1659 2493 nouissime-

168 2524 232 2555 que
251 2525 280 2546 e.
420 2518 439 2550 3
458 2517 685 2560 inperfectum
704 2517 748 2548 B.
891 2517 908 2547 5
929 2515 1086 2556 legerent
1101 2515 1147 2547 A.
1289 2513 1307 2545 6
1327 2517 1451 2555 atquae
1471 2512 1513 2544 Β.

169 2565 189 2597 8
207 2575 384 2607 operosum
405 2568 422 2599 b
436 2579 464 2599 e.
623 2568 664 2600 10
684 2565 812 2608 rerum]
833 2571 1005 2607 gestarum
1025 2566 1108 2597 add.
1129 2576 1149 2597 a
1164 2566 1182 2597 b
1195 2565 1287 2597 ede.
1453 2564 1591 2595 deesset
1611 2564 1629 2595 b
1643 2575 1659 2595 c

169 2617 241 2657 de,
264 2618 354 2649 desit
370 2619 400 2650 B
419 2622 454 2651 et
469 2619 616 2661 reliqui.
762 2617 800 2650 13
820 2627 918 2659 quam
941 2617 1026 2648 bene
1046 2626 1144 2659 quam
1163 2616 1345 2648 emendate
1367 2615 1398 2647 b.
1544 2614 1582 2646 14
1601 2624 1659 2645 eos

169 2677 238 2698 om.
259 2668 290 2699 b.
431 2668 632 2711 perfecerit]
652 2668 898 2711 perscripserit
916 2667 1108 2699 Suetonius
1129 2667 1227 2699 Caes.
1246 2677 1275 2697 c.
1298 2667 1354 2698 56.
1524 2666 1560 2697 17
1583 2666 1660 2697 illut

171 2720 212 2751 B·
383 2721 419 2753 18
438 2732 627 2764 quanquam
640 2721 711 2762 (B).
878 2721 918 2753 19
937 2725 1016 2751 sunt
1029 2720 1115 2760 BD,
1137 2718 1178 2751 st'
1193 2719 1239 2759 C‚-
1261 2719 1330 2750 sint
1347 2719 1379 2750 A
1394 2719 1411 2749 b
1424 2717 1513 2748 cde.

171 2772 364 2804 audiuimus
384 2774 415 2805 b.
599 2774 642 2805 22
663 2774 769 2815 ipsum
790 2774 850 2815 (B)
870 2776 904 2804 el
924 2772 1067 2813 reliqui,
1089 2773 1160 2814 ipso
1179 2782 1199 2803 α
1213 2782 1228 2802 e
1250 2772 1348 2803 (hvon
1363 2783 1373 2801 :
1396 2770 1449 2801 ‘de
1468 2769 1492 2800 d
1509 2768 1657 2801 dubteo'.

170 2825 209 2856 P.
233 2824 308 2857 111.
449 2825 672 2866 adrogantiae
690 2826 732 2857 Β.
873 2824 915 2859 26
936 2825 1288 2865 interinissetm.p1·.
1312 2824 1352 2854 B.
1502 2821 1544 2854 29
1564 2821 1657 2853 adfe-

173 2876 313 2907 rebatur
331 2875 371 2907 B.
