1835 3240
645 169 1073 211 *203—

125 293 258 335 erant,
293 284 421 324 subito
452 283 600 336 equites
622 281 758 323 Mauri
780 296 908 336 neque
930 281 1181 336 opinantibus
1205 278 1461 324 Caesarianis
1484 286 1610 326 adorti

124 354 264 395 multos
294 351 432 392 iaculis
463 351 823 401 conuulnerarunt,
857 351 1067 390 nonnullos
1096 349 1396 389 interfecerunt.
1461 349 1612 392 Latent

123 422 223 462 enim
246 421 285 459 in
307 419 459 460 insidiis
483 433 569 458 cum
592 417 702 471 equis
725 419 829 458 inter
850 418 1051 458 conualles
1067 448 1077 467 ‚
1111 431 1188 457 non
1225 424 1265 456 ut
1286 417 1327 456 in
1349 430 1484 469 campo
1507 432 1611 458 com-

119 490 248 528 minus
271 488 493 541 depugnent
517 517 662 526 ......
680 483 834 526 Caesar
855 487 1010 526 interim
1033 486 1073 525 iu
1098 483 1320 525 Sardiniam
1344 485 1503 524 nuntios
1526 500 1612 525 cum

120 555 265 596 litteris
289 562 328 595 et
348 555 387 594 in
409 555 581 606 reliquas
603 554 828 607 prouincias
852 554 1036 594 finitimas
1060 552 1218 592 dimisit'
1241 557 1334 591 cett.
1387 550 1488 592 Post
1522 553 1612 593 ‘de-

121 621 316 676 pugnent’
347 622 446 662 adici
471 621 637 661 debebat
657 622 896 661 contrarium
913 652 923 669 ‚
958 621 1059 673 quod
1093 621 1270 660 facerent
1289 618 1439 659 Mauri.
1482 618 1611 660 Vitio-

121 704 203 731 sam
227 704 313 731 esse
336 691 553 730 orationem
576 687 717 728 Morus
740 689 859 737 uidit,
896 689 964 728 sed
998 701 1202 742 perperam
1234 688 1365 727 omnia
1396 694 1506 727 recta
1528 688 1611 727 fore

121 758 290 798 confisus
313 764 386 806 est,
413 756 445 796 si
462 763 677 810 poneretur
695 762 805 805 ‘non‚
832 757 927 796 utin
941 770 1093 809 campo,
1120 756 1336 797 comminus
1354 756 1608 811 depugnant'.

122 824 243 879 Quasi
267 826 304 865 in
329 838 465 877 campo
487 823 685 864 Numidae
708 825 923 864 comminus
947 825 1171 877 depugnare
1195 825 1299 864 soliti
1323 826 1480 865 essent!

234 891 281 934 C.
309 892 335 933 8
357 900 447 933 ante
470 892 565 932 haec
588 892 731 931 uerba:
768 892 942 932 ‘interim
967 906 1052 932 cum
1074 890 1117 931 X
1139 892 1306 932 nauibus
1330 893 1458 947 longis
1481 893 1529 932 ad
1550 907 1613 933 re-

120 962 245 1015 liquas
276 974 398 1002 naues
429 960 634 1000 onerarias
665 960 968 1013 conquirendaS‚
993 974 1093 1015 quae
1116 960 1394 1010 deerrassent,
1427 968 1466 1000 et
1496 961 1612 1001 simul

121 1043 227 1070 mare
261 1029 444 1069 tuendum
467 1028 513 1067 ab
537 1028 713 1068 hostibus
736 1027 844 1067 iubet
866 1027 1100 1080 prfficisci',
1135 1042 1276 1068 nomen
1308 1029 1392 1068 eius
1423 1029 1609 1075 hominis,

121 1098 186 1151 qui
207 1097 349 1137 missus
373 1103 480 1136 esset
501 1096 595 1145 <uisi
619 1096 748 1149 plures
766 1097 959 1148 suerunt),
978 1096 1175 1136 excidisse
1197 1103 1306 1136 recte
1320 1094 1505 1136 Clarkius
1528 1097 1612 1136 ani-

121 1166 344 1206 maduertit.
387 1163 491 1204 Nam
523 1165 623 1217 quod
654 1165 772 1204 adicit
803 1164 885 1203 lieri
909 1178 1048 1217 posse,
1086 1172 1128 1203 ut
1156 1164 1385 1203 uocabulum
1413 1162 1611 1203 ‘interim’

121 1248 171 1274 ex
193 1234 260 1273 illo
290 1233 450 1272 nomine
481 1239 609 1272 ortum
640 1233 715 1282 sit,
750 1246 850 1287 quae
874 1231 1028 1272 Dauisii
1061 1231 1260 1271 sententia
1293 1239 1402 1281 erat,
1436 1245 1480 1271 ea
1514 1245 1610 1280 uox,

123 1315 221 1353 quae
254 1301 391 1354 quauis
424 1301 506 1340 fere
538 1300 680 1354 pagina
712 1300 827 1340 huius
850 1300 938 1340 libri
961 1299 1130 1352 legitur,
1167 1300 1390 1352 temptanda
1422 1313 1499 1338 non
1533 1306 1608 1338 est.

123 1368 176 1409 Vt
200 1383 301 1408 nunc
322 1369 389 1408 illa
412 1368 531 1408 uerba
559 1369 757 1421 leguntur,
789 1367 1019 1407 necessario
1050 1367 1325 1419 coniungenda
1357 1374 1492 1407 essent
1525 1380 1612 1406 cum

123 1436 390 1490 superioribus
416 1435 740 1487 ‘exoneratisque
764 1435 902 1488 partim
926 1434 1092 1474 nauibus
1109 1434 1238 1486 longis
1250 1434 1457 1474 Rabirium
1472 1432 1614 1474 Postu-

122 1518 226 1543 mum
258 1504 296 1542 in
320 1501 493 1543 Siciliam
526 1504 570 1542 ad
604 1503 817 1543 secundum
851 1508 1107 1542 commeatum
1139 1503 1418 1542 arcessendum
1451 1502 1610 1551 mittit',

120 1571 174 1610 ita
197 1578 239 1610 ut
260 1571 384 1611 eidem
406 1569 571 1609 Rabirio
593 1570 794 1623 negotium
826 1571 954 1610 datum
979 1571 1176 1609 diceretur
1198 1570 1354 1609 nauium
1379 1570 1614 1622 conquiren-

122 1638 255 1678 darum
277 1638 472 1690 marisque
496 1638 643 1676 tuendi.
679 1636 828 1678 Verum
851 1637 905 1677 ita
927 1638 1100 1691 ineptum
1125 1644 1209 1676 erat
1233 1638 1391 1678 nauium
1407 1652 1613 1678 numerum

121 1706 167 1745 ad
190 1705 447 1759 posteriorem
467 1718 549 1744 rem
568 1705 698 1744 datum
717 1705 920 1745 declarare
942 1705 982 1744 in
1005 1705 1136 1758 priore
1149 1719 1192 1744 re
1210 1705 1315 1744 nullo
1332 1705 1477 1759 posito,
1502 1706 1614 1758 quasi

122 1775 168 1814 ad
191 1779 446 1813 commeatum
469 1773 748 1812 arcessendum
780 1780 848 1813 aut
879 1774 1004 1813 nullas
1028 1787 1149 1813 naues
1180 1773 1381 1814 habuisset
1402 1780 1470 1813 aut
1492 1773 1610 1813 alium

122 1854 342 1882 numerum.
386 1839 537 1881 Deinde
561 1848 802 1881 commeatus
826 1842 975 1882 arcessi
1009 1849 1048 1881 et
1079 1854 1201 1881 naues
1224 1841 1405 1897 conquiri
1427 1854 1612 1893 mareque

123 1909 309 1949 custodiri
331 1922 408 1948 uno
430 1915 605 1962 tempore
627 1924 705 1948 non
728 1916 930 1962 poterant:
966 1923 1093 1962 neque
1122 1909 1225 1950 enim
1248 1909 1313 1949 illa
1336 1924 1400 1950 res
1423 1923 1509 1950 eam
1530 1923 1615 1948 mo·-

124 1992 206 2017 ram
229 1977 394 2027 ferebat,
420 1991 531 2030 quam
555 1977 627 2017 hae
648 1977 878 2018 afferebant.
932 1976 1173 2027 Praeterea,
1209 1992 1294 2017 eum
1327 1991 1362 2017 c.
1387 1975 1443 2018 26
1459 2008 1468 2026 ,
1503 1975 1527 2016 3
1552 1976 1616 2015 lit-

124 2052 232 2085 terae
253 2045 293 2084 iu
309 2042 482 2085 Siciliam
507 2045 552 2085 ad
568 2044 753 2086 Alienum
776 2045 1030 2086 etRabirium
1046 2046 1192 2087 missae
1215 2046 1408 2095 dicautur,
1434 2052 1474 2084 ut
1498 2058 1612 2097 quam

124 2113 327 2153 celerrime
350 2113 561 2153 seeundum
585 2121 844 2154 commeatum
868 2114 1139 2168 imponerent,
1178 2114 1386 2154 Rabirium
1408 2113 1450 2153 in
1475 2110 1614 2152 Sicilia

122 2182 313 2221 mansisse
336 2187 509 2234 apparet.

234 2248 375 2290 Eiusd.
401 2264 435 2288 c.
461 2251 499 2303 ξ.
524 2250 550 2290 4
573 2252 667 2291 haec
689 2251 728 2290 in
752 2251 863 2290 codd.
897 2251 1105 2304 leguntur:
1148 2250 1283 2291 ‘Haec
1312 2249 1366 2289 ita
1398 2246 1617 2302 imperabat

123 2316 344 2370 unicuique,
369 2318 423 2357 ita
445 2318 723 2373 praecipiebat,
750 2319 821 2366 uti,
848 2319 931 2358 fieri
955 2326 1088 2372 posset
1110 2332 1258 2368 necne,
1294 2319 1421 2359 locum
1445 2329 1616 2356 excusa-

126 2385 176 2424 tio
200 2387 343 2427 nullum
368 2387 529 2427 liaberet
558 2402 630 2428 nec
661 2401 809 2427 moram
842 2387 1162 2438 tergiuersatio’.
1207 2384 1354 2436 Certe,
1389 2392 1431 2426 ut
1462 2385 1616 2437 reliqua

125 2466 217 2493 sana
241 2462 387 2504 essent,
415 2457 606 2510 ‘possent'
630 2455 850 2509 ponendum
875 2461 975 2501 erat,
1001 2469 1084 2494 cum
1102 2455 1139 2495 id
1153 2455 1315 2495 uerbum
1333 2455 1380 2494 ad
1399 2466 1615 2506 pronomen

130 2520 250 2560 ‘baec'
275 2523 503 2575 pertineret.
549 2522 700 2564 Verum
734 2536 832 2575 quae
864 2529 924 2562 est
945 2522 1022 2562 ista
1045 2523 1276 2572 excusatio,
1310 2531 1440 2563 utrum
1470 2520 1614 2573 aliquid

128 2586 212 2626 fieri
242 2591 409 2640 potuerit
438 2592 591 2631 necne?
636 2590 739 2631 Nam
771 2591 811 2630 in
844 2591 915 2630 hac
947 2590 1140 2631 orationis
1183 2592 1306 2630 forma
1346 2589 1522 2642 equidem
1566 2600 1614 2627 ne

127 2654 331 2707 uestigium
355 2659 505 2710 quidem
530 2659 751 2700 sententiae
774 2658 904 2697 uideo.
962 2656 1143 2698 Debebat
1165 2665 1291 2698 autem
1316 2659 1351 2698 id
1377 2658 1476 2707 dici,
1512 2653 1615 2696 Cae-

128 2734 254 2761 sarem
284 2733 574 2779 praeceptorum
607 2726 807 2780 diligentia
839 2726 915 2775 iis,
950 2726 1090 2778 quibus
1121 2726 1208 2766 illas
1239 2740 1304 2766 res
1337 2726 1611 2771 mandauerat,

127 2802 278 2828 omnem
302 2794 597 2834 excusationem
620 2794 813 2834 ademisse
830 2824 840 2843 ‚
878 2807 926 2834 ne
961 2808 1005 2834 re
1036 2795 1136 2834 male
1168 2801 1281 2849 gesta
1306 2795 1437 2834 dicere
1458 2793 1610 2839 liceret,

126 2856 178 2895 ita
202 2870 284 2897 eam
308 2868 566 2913 comparatam
589 2862 712 2902 fuisse
727 2892 737 2911 ,
767 2862 821 2901 uti
843 2861 927 2901 fieri
950 2875 1028 2901 non
1050 2869 1198 2914 posset.
1237 2859 1373 2913 Itaque
1396 2861 1452 2900 sic
1475 2858 1611 2913 posui:
