1835 3240
56 194 139 237 702
484 196 759 239 ADDENDA
784 196 861 237 ET
886 191 1258 234 CORRIGENDA

133 309 393 351 mittebantur,
415 310 613 352 legionarii
635 322 656 343 a
673 311 844 343 Romanis
871 319 917 340 ecc
942 309 1050 340 sociis
1067 309 1144 338 siue
1164 306 1450 348 prouincialibus
1467 309 1623 339 conscri-

134 360 322 393 bebantur.
345 360 403 403 Cf.
428 361 510 394 Tae.
531 373 615 394 ann.
636 362 708 401 III,
729 362 792 393 42:
815 361 903 392 alam
930 359 1080 402 equitum
1095 383 1104 399 ,
1132 367 1218 400 quae
1246 359 1436 401 conscripta
1455 369 1472 391 e
1491 358 1622 391 Treue-

134 412 182 444 ris
211 412 335 444 militia
364 413 613 456 disciplinaque
641 416 755 443 nostra
784 411 986 442 habebatur.
1176 408 1242 442 217
1260 433 1269 449 ,
1289 409 1308 441 3
1327 419 1396 441 scr.
1417 410 1621 442 collocabat.

275 466 354 506 222,
375 467 393 497 5
412 469 448 497 et
466 468 484 500 6
502 476 570 498 ser.
591 465 797 496 munitiones
816 474 910 496 suas.
1051 461 1130 503 227,
1153 462 1192 494 15
1212 462 1255 493 ab
1276 463 1337 493 im.
1357 472 1427 494 scr.
1445 464 1501 502 22,
1521 464 1535 496 1
1553 474 1622 506 pro

131 516 188 556 22,
209 517 229 548 2
248 520 284 548 et
299 527 334 549 u.
357 517 398 549 14
417 518 460 548 ab
480 520 541 549 im..
561 520 646 548 ante
665 518 707 550 64
725 516 815 548 adde
833 516 888 558 61,
910 516 929 548 3
949 519 986 548 et
997 525 1065 557 pro
1085 514 1103 547 7
1119 524 1212 556 pone
1230 515 1263 546 8.
1402 515 1481 555 233,
1498 515 1535 548 11
1552 526 1621 557 pro

132 566 246 607 legato
266 566 426 599 Caesaris
440 577 534 608 pone
552 572 774 609 propraetore
795 577 812 599 a
833 566 983 600 Caesare
1002 565 1107 598 misso
1128 569 1166 597 et
1181 575 1216 597 u.
1240 565 1276 597 11
1299 565 1342 596 ab
1361 567 1422 597 im.
1444 575 1511 597 scr.
1534 566 1588 604 53,
1604 567 1622 597 5

132 621 168 649 et
184 628 218 649 u.
241 620 258 651 5
277 622 311 650 et
330 620 347 650 4
367 619 409 649 ab
427 621 487 649 im.
509 623 661 661 tempor-e
680 619 805 650 noctis.
992 617 1058 650 238
1074 641 1082 656 ,
1102 617 1143 649 21
1163 626 1233 648 scr.
1254 621 1405 658 tempore
1420 627 1489 658 pro
1509 622 1620 650 nocte.

274 670 339 703 240
358 680 393 701 u.
413 670 481 702 ult.
498 674 582 712 post
608 669 737 702 essent’
761 670 852 702 adde
877 670 943 702 uisi
969 669 1055 712 quod
1075 673 1152 711 post
1177 667 1357 700 ‘subsidio'
1377 674 1496 700 contra
1516 668 1616 702 codd.

133 719 239 751 ‘tunc’
258 721 417 751 adicitur.
559 722 638 761 241,
652 721 670 753 3
689 731 761 752 scr.
776 721 832 761 40,
847 720 877 753 7.
1020 720 1100 756 242,
1115 718 1134 750 7
1146 729 1215 750 scr.
1229 719 1262 751 3.
1403 720 1481 761 243,
1500 721 1538 752 19
1550 731 1620 753 ser.

132 770 187 809 43,
210 770 240 801 5.
389 770 468 810 247,
492 770 525 803 11
550 771 594 802 ab
615 773 676 803 im.
695 781 764 803 scr.
787 770 950 802 accurrit.
1101 770 1181 807 249,
1202 771 1222 801 4
1241 769 1284 801 ab
1302 771 1362 802 im.
1381 780 1452 803 sor.
1472 771 1514 804 30
1532 774 1570 802 et
1584 781 1619 803 u.

133 820 152 853 3
171 822 212 852 ab
232 823 292 852 im.
314 823 588 864 oppugnandum.
730 823 808 861 261,
832 824 872 855 18
891 821 1098 854 Bernardus
1117 823 1154 852 in
1172 819 1361 853 memoires
1379 822 1420 854 de
1439 822 1474 854 la
1491 822 1625 856 societ&

130 870 189 902 des
206 874 431 913 antiquaires
448 873 489 904 de
506 873 644 904 Fraaee
661 873 735 905 uol.
753 873 876 905 XVIII
890 882 926 914 p.
949 873 1011 905 341
1032 882 1109 913 sqq.
1128 871 1284 913 prolatis
1302 876 1478 913 quattuor
1495 876 1624 906 inseri-

127 924 317 964 ptionibus
335 935 402 956 non
417 924 641 966 segusianus,
654 925 716 957 sed
728 925 937 967 Segusiauos
956 925 1072 956 dictos
1091 934 1165 955 csse
1183 923 1449 957 demonstrauit
1463 925 1624 968 idemque

133 973 270 1005 codices
287 975 415 1016 Plinii,
437 975 641 1016 Strabonis,
662 976 862 1008 Ptolemaei
880 977 999 1017 magis
1017 975 1084 1006 hoc
1101 984 1208 1016 quam
1225 974 1320 1007 illud
1337 978 1434 1008 tueri
1450 977 1621 1010 ostendit.

131 1025 189 1057 Ad
209 1026 399 1058 Caesarem
417 1027 513 1068 quod
528 1029 672 1067 attinet,
696 1028 726 1059 b.
749 1027 840 1059 Gall.
863 1025 942 1066 VII,
964 1027 1020 1067 64,
1041 1027 1061 1058 4
1082 1025 1282 1066 Segusiauis
1302 1029 1338 1058 in
1355 1028 1441 1060 Par.
1456 1038 1517 1070 pr.
1536 1031 1623 1060 seri-

127 1079 233 1118 ptum
251 1088 324 1109 esse
342 1078 465 1118 retuli,
486 1079 649 1121 idemque
668 1082 704 1110 et
721 1080 774 1110 ibi
791 1082 826 1110 et
841 1078 955 1110 eiusd.
976 1079 999 1110 l.
1017 1078 1071 1116 75,
1087 1079 1108 1112 2
1127 1080 1164 1109 in
1183 1078 1301 1110 codiee
1318 1080 1482 1113 Parisino
1501 1084 1624 1124 regiae

135 1128 371 1160 bibliothecae
388 1140 534 1161 numero
556 1131 641 1163 5766
659 1130 796 1161 saeculi
811 1130 907 1170 XIII,
930 1131 995 1171 qui
1010 1132 1088 1160 octo
1108 1129 1218 1161 libros
1237 1130 1278 1162 de
1297 1131 1327 1161 b.
1350 1130 1442 1163 Gall.
1463 1136 1623 1165 continet

134 1178 226 1220 (uid.
244 1180 349 1212 Iahn.
368 1181 509 1213 aanall.
525 1181 568 1222 V,
582 1181 676 1223 406),
697 1183 837 1213 inuenit
848 1179 1070 1213 BeraarduS.
1089 1180 1131 1211 B.
1151 1180 1243 1211 Gall.
1256 1180 1284 1221 I,
1302 1181 1356 1221 10,
1378 1183 1395 1213 5
1414 1183 1550 1215 codices
1564 1184 1624 1216 Se-

134 1229 295 1263 basianos
315 1232 504 1272 eoehibmzt,
519 1242 626 1273 quam
645 1234 866 1274 scripturam
879 1230 1088 1263 Bernardns
1105 1233 1157 1262 ita
1177 1231 1350 1272 defendit,
1364 1235 1405 1264 ut
1417 1232 1623 1274 Segusiauos

133 1291 155 1312 a
173 1280 375 1313 Sebusianis
391 1283 510 1314 Arare
529 1283 703 1315 discretos
721 1283 842 1325 fuisse
861 1285 895 1314 et
913 1283 975 1313 hos
993 1281 1041 1313 ad
1057 1283 1244 1313 sinistram
1256 1305 1265 1323 ,
1286 1283 1371 1314 illos
1389 1284 1437 1315 ad
1453 1285 1623 1318 dextram

134 1332 384 1374 eiusflaminis
403 1335 521 1375 ripam
539 1334 720 1365 habitasse
737 1337 890 1366 statuat.
915 1333 1048 1366 Verum
1065 1333 1130 1364 hoo
1142 1335 1371 1375 apertissime
1383 1335 1511 1368 Strabo
1525 1338 1623 1380 refu-

134 1388 201 1425 tat,
222 1387 286 1426 qui
301 1385 404 1427 IVp.
418 1386 483 1418 283
502 1386 596 1418 Alm.
612 1385 832 1426 Rhodanum,
848 1388 1041 1426 antequam
1053 1385 1167 1417 Arari
1183 1387 1436 1428 coniungatur,
1452 1391 1624 1430 perfines

132 1438 370 1479 Allobrogum
389 1441 423 1469 et
441 1437 718 1480 Segusiavorum
729 1438 847 1480 fluere
864 1438 999 1480 refert:
1019 1436 1165 1480 φέρεται
1179 1432 1210 1468 δ’
1228 1434 1298 1469 ἀπὸ
1312 1437 1384 1470 τῶν
1393 1434 1553 1472 ’Ἄλπεων
1568 1434 1625 1473 οὗ·

131 1497 193 1520 τος
210 1485 244 1530 [ὀ
258 1486 440 1528 Ῥοδανὸς]
455 1485 564 1521 πολὺς
579 1492 637 1521 καὶ
655 1486 822 1533 σφοδρὸς,
843 1485 880 1521 ὅς
895 1500 932 1532 γε
947 1491 1007 1521 καὶ
1025 1485 1082 1520 διὰ
1100 1485 1223 1531 λίμνης
1239 1486 1341 1528 ἐξιών
1355 1491 1418 1532 τῆς
1432 1492 1625 1535 Λημὲννης

132 1537 289 1583 φανερὸν
307 1536 457 1572 δείκνυσι
473 1538 514 1572 τὸ
533 1539 682 1584 ῥεῖθρον
699 1538 756 1572 ἐπὶ
773 1537 924 1574 πολλοὺς
942 1536 1126 1572 σταδίους·
1147 1537 1334 1573 κατελθών
1347 1540 1384 1575 δὲ
1401 1537 1450 1576 εἷς
1460 1540 1503 1574 τὰ
1514 1540 1624 1576 πεδία

131 1590 195 1634 τῆς
210 1589 325 1635 χώρας
341 1591 403 1633 τῆς
414 1589 650 1636 Ἀλλοβρίγων
665 1595 722 1624 καὶ
739 1591 970 1635 Σεγοσιαβῶν
986 1588 1176 1635 συμβάλλει
1194 1590 1245 1633 τῷ
1258 1588 1384 1637 ’Ἁραρι
1400 1591 1490 1626 κατὰ
1506 1592 1624 1638 Λούγ-

134 1640 263 1676 δουνον
278 1640 383 1676 πόλιν
396 1642 467 1675 τῶν
475 1642 715 1687 Σεγοσιαβῶν.
737 1643 803 1675 Ala
820 1647 938 1675 autem
950 1643 1136 1674 Sebosiana
1151 1648 1429 1677 commemorata
1444 1647 1481 1676 in
1496 1648 1626 1678 inscri-

128 1697 255 1737 ptione
266 1695 482 1726 Britannica
498 1694 572 1736 (ap.
589 1694 698 1725 Orell.
715 1694 800 1726 1630
815 1706 823 1726 z
845 1694 990 1726 eandem
1009 1699 1355 1727 commemoraverat
1369 1696 1516 1728 Tacitus
1535 1698 1621 1730 hist.

132 1746 197 1786 III,
209 1746 241 1786 6,
255 1746 318 1777 ubi
335 1745 656 1777 nzzncsebonianae
676 1745 841 1786 legitur),
855 1755 961 1787 quam
976 1745 1197 1786 perridicule
1210 1746 1417 1778 Bernardus
1433 1748 1622 1780 mulierem,

134 1799 297 1829 nationis
315 1796 597 1828 Sebusiauorum
616 1806 689 1827 esse
702 1798 876 1837 putauit,
897 1796 941 1827 ab
960 1796 1100 1827 homine
1125 1796 1254 1828 Seboso
1272 1798 1420 1829 uidetur
1436 1799 1621 1840 appellata

134 1860 220 1881 esse.
239 1849 366 1890 Itaque
384 1849 481 1890 apud
495 1849 685 1880 Caesarem
701 1849 864 1880 omnibus
882 1848 996 1880 tribus
1009 1848 1095 1880 loeis
1106 1847 1287 1889 Segusiaui
1297 1851 1619 1884 restituerzdisunt.

276 1900 342 1932 416
356 1909 491 1931 comma
510 1909 544 1930 u.
563 1899 603 1931 16
620 1898 802 1930 sublatum
816 1909 910 1940 pone
927 1908 964 1930 u.
986 1898 1027 1930 17
1045 1901 1126 1930 ante
1142 1903 1188 1931 et.
1325 1901 1438 1941 451,4
1454 1910 1523 1932 scr.
1542 1912 1621 1933 con-

135 1951 264 1982 sensio.
407 1951 483 1988 523,
496 1950 539 1982 28
549 1950 769 1981 Praenomen
783 1949 821 1981 L.
836 1948 1074 1981 omittendum
1087 1953 1180 1990 erat,
1193 1951 1389 1993 utsactum
1401 1954 1502 1983 estin
1513 1951 1616 1984 Leid.

128 2012 188 2045 pr.
202 2014 212 2033 :
232 2010 343 2042 neque
361 2004 456 2033 enim
473 2001 615 2040 Lucius,
635 1999 698 2031 sed
714 1999 861 2041 Quintus
880 1999 1084 2048 appellatus
1102 2004 1159 2032 est
1175 2000 1366 2035 Sertorius.
1507 2004 1618 2046 588,4

133 2063 204 2085 ser.
223 2053 251 2084 si
264 2062 334 2094 pro
354 2062 405 2085 se.
550 2052 614 2085 629
634 2053 671 2082 in
689 2055 776 2083 nota
794 2051 842 2083 ad
858 2061 894 2083 u.
906 2050 925 2083 6
939 2053 1025 2093 post
1041 2060 1183 2093 corpore
1201 2052 1292 2084 adde
1308 2058 1546 2098 praeterquam
1564 2055 1619 2088 hie

135 2111 168 2138 et
185 2117 217 2149 p.
238 2106 316 2143 652,
336 2105 393 2140 27.
533 2104 612 2146 716,
635 2104 675 2136 15
693 2103 770 2136 dete
787 2113 860 2147 per.
1003 2103 1081 2141 750,
1100 2103 1141 2139 21
1161 2114 1230 2137 sor.
1250 2104 1371 2147 Reges.
