<?xml version="1.0" encoding="UTF-8"?>
<!DOCTYPE html PUBLIC "-//W3C//DTD XHTML 1.0 Transitional//EN"
    "http://www.w3.org/TR/xhtml1/DTD/xhtml1-transitional.dtd">
<html xmlns="http://www.w3.org/1999/xhtml" xml:lang="en" lang="en">
 <head>
  <title>
</title>
<meta http-equiv="Content-Type" content="text/html;charset=utf-8" />
  <meta name='ocr-system' content='tesseract 3.04.00' />
  <meta name='ocr-capabilities' content='ocr_page ocr_carea ocr_par ocr_line ocrx_word'/>
</head>
<body>
  <div class='ocr_page' id='page_1' title='image "./commentarii00caesuoft_0784.png"; bbox 0 0 1835 3240; ppageno 0'>
   <div class='ocr_carea' id='block_1_1' title="bbox 86 198 1040 242">
    <p class='ocr_par' dir='ltr' id='par_1_1' title="bbox 86 198 1040 242">
     <span class='ocr_line' id='line_1_1' title="bbox 86 198 1040 242; baseline 0.001 -3"><span class='ocrx_word' id='word_1_1' title='bbox 86 199 168 240; x_wconf 79' lang='lat'>174</span> <span class='ocrx_word' id='word_1_2' title='bbox 763 198 1040 242; x_wconf 82' lang='lat' dir='ltr'><strong>CAESARIS</strong></span> 
     </span>
    </p>
   </div>
   <div class='ocr_carea' id='block_1_2' title="bbox 159 312 1635 569">
    <p class='ocr_par' dir='ltr' id='par_1_2' title="bbox 159 312 1635 569">
     <span class='ocr_line' id='line_1_2' title="bbox 809 312 985 366; baseline 0.006 -13"><span class='ocrx_word' id='word_1_3' title='bbox 809 316 869 364; x_wconf 82' lang='lat' dir='ltr'>(a.</span> <span class='ocrx_word' id='word_1_4' title='bbox 894 312 985 366; x_wconf 82' lang='lat'>49.)</span> 
     </span>
     <span class='ocr_line' id='line_1_3' title="bbox 273 379 1633 436; baseline 0.003 -15"><span class='ocrx_word' id='word_1_5' title='bbox 273 380 360 421; x_wconf 75' lang='lat' dir='ltr'>Cio.</span> <span class='ocrx_word' id='word_1_6' title='bbox 387 381 443 421; x_wconf 82' lang='lat' dir='ltr'>ad</span> <span class='ocrx_word' id='word_1_7' title='bbox 461 381 557 422; x_wconf 79' lang='lat' dir='ltr'>Att.</span> <span class='ocrx_word' id='word_1_8' title='bbox 582 382 665 431; x_wconf 83' lang='lat' dir='ltr'>IX,</span> <span class='ocrx_word' id='word_1_9' title='bbox 689 379 731 431; x_wconf 82' lang='grc'>6,</span> <span class='ocrx_word' id='word_1_10' title='bbox 758 380 805 421; x_wconf 83' lang='lat'>1:</span> <span class='ocrx_word' id='word_1_11' title='bbox 842 381 966 421; x_wconf 89' lang='lat' dir='ltr'>Roma</span> <span class='ocrx_word' id='word_1_12' title='bbox 991 382 1150 436; x_wconf 79' lang='lat' dir='ltr'><strong>scripsit</strong></span> <span class='ocrx_word' id='word_1_13' title='bbox 1170 380 1317 423; x_wconf 83' lang='lat' dir='ltr'>Balbus</span> <span class='ocrx_word' id='word_1_14' title='bbox 1340 383 1520 424; x_wconf 82' lang='lat' dir='ltr'>cohortes</span> <span class='ocrx_word' id='word_1_15' title='bbox 1543 398 1633 433; x_wconf 60' lang='lat' dir='ltr'>seat,</span> 
     </span>
     <span class='ocr_line' id='line_1_4' title="bbox 160 445 1635 500; baseline 0.003 -13"><span class='ocrx_word' id='word_1_16' title='bbox 160 460 257 500; x_wconf 84' lang='lat' dir='ltr'>quae</span> <span class='ocrx_word' id='word_1_17' title='bbox 277 447 404 489; x_wconf 84' lang='lat' dir='ltr'><strong>Albae</strong></span> <span class='ocrx_word' id='word_1_18' title='bbox 438 449 627 497; x_wconf 85' lang='lat' dir='ltr'>fuissent,</span> <span class='ocrx_word' id='word_1_19' title='bbox 660 449 707 488; x_wconf 93' lang='lat' dir='ltr'>ad</span> <span class='ocrx_word' id='word_1_20' title='bbox 731 445 893 488; x_wconf 91' lang='lat' dir='ltr'>Curium</span> <span class='ocrx_word' id='word_1_21' title='bbox 916 447 1092 490; x_wconf 87' lang='lat' dir='ltr'>Minucia</span> <span class='ocrx_word' id='word_1_22' title='bbox 1118 450 1329 500; x_wconf 78' lang='lat' dir='ltr'>transisse3</span> <span class='ocrx_word' id='word_1_23' title='bbox 1364 451 1398 490; x_wconf 91' lang='lat' dir='ltr'>id</span> <span class='ocrx_word' id='word_1_24' title='bbox 1424 448 1635 491; x_wconf 82' lang='lat' dir='ltr'>Caesarem</span> 
     </span>
     <span class='ocr_line' id='line_1_5' title="bbox 159 514 1453 569; baseline 0.002 -15"><span class='ocrx_word' id='word_1_25' title='bbox 159 515 205 555; x_wconf 88' lang='lat' dir='ltr'>ad</span> <span class='ocrx_word' id='word_1_26' title='bbox 224 528 268 556; x_wconf 86' lang='lat' dir='ltr'>se</span> <span class='ocrx_word' id='word_1_27' title='bbox 289 515 514 569; x_wconf 86' lang='lat' dir='ltr'>scripsisse,</span> <span class='ocrx_word' id='word_1_28' title='bbox 540 522 578 554; x_wconf 86' lang='lat' dir='ltr'>et</span> <span class='ocrx_word' id='word_1_29' title='bbox 599 514 708 555; x_wconf 85' lang='lat' dir='ltr'>breui</span> <span class='ocrx_word' id='word_1_30' title='bbox 732 523 907 569; x_wconf 88' lang='lat' dir='ltr'>tempore</span> <span class='ocrx_word' id='word_1_31' title='bbox 928 530 1014 556; x_wconf 88' lang='lat' dir='ltr'>eum</span> <span class='ocrx_word' id='word_1_32' title='bbox 1036 517 1082 557; x_wconf 90' lang='lat' dir='ltr'>ad</span> <span class='ocrx_word' id='word_1_33' title='bbox 1106 517 1238 557; x_wconf 83' lang='lat' dir='ltr'>urbem</span> <span class='ocrx_word' id='word_1_34' title='bbox 1263 518 1453 557; x_wconf 89' lang='lat' dir='ltr'>futurum.</span> 
     </span>
    </p>
   </div>
   <div class='ocr_carea' id='block_1_3' title="bbox 271 579 1683 637">
    <p class='ocr_par' dir='ltr' id='par_1_3' title="bbox 271 579 1683 637">
     <span class='ocr_line' id='line_1_6' title="bbox 271 579 1683 637; baseline 0.002 -15"><span class='ocrx_word' id='word_1_35' title='bbox 271 583 381 624; x_wconf 83' lang='lat' dir='ltr'><em>Idem</em></span> <span class='ocrx_word' id='word_1_36' title='bbox 404 582 503 622; x_wconf 69' lang='lat' dir='ltr'>ibid.</span> <span class='ocrx_word' id='word_1_37' title='bbox 529 581 554 621; x_wconf 90' lang='lat'><strong>7</strong></span> <span class='ocrx_word' id='word_1_38' title='bbox 571 581 628 623; x_wconf 82' lang='lat' dir='ltr'>G:</span> <span class='ocrx_word' id='word_1_39' title='bbox 666 579 836 623; x_wconf 83' lang='lat' dir='ltr'>‘Caesar</span> <span class='ocrx_word' id='word_1_40' title='bbox 858 581 1001 637; x_wconf 88' lang='lat' dir='ltr'>Oppio,</span> <span class='ocrx_word' id='word_1_41' title='bbox 1027 581 1214 624; x_wconf 91' lang='lat' dir='ltr'>Cornelio</span> <span class='ocrx_word' id='word_1_42' title='bbox 1236 599 1269 625; x_wconf 90' lang='lat' dir='ltr'>s.</span> <span class='ocrx_word' id='word_1_43' title='bbox 1296 583 1458 625; x_wconf 83' lang='lat' dir='ltr'><strong>Gaudeo</strong></span> <span class='ocrx_word' id='word_1_44' title='bbox 1481 585 1631 625; x_wconf 87' lang='lat' dir='ltr'>meher-</span> <span class='ocrx_word' id='word_1_45' title='bbox 1664 593 1683 625; x_wconf 90' lang='lat'>5</span> 
     </span>
    </p>
   </div>
   <div class='ocr_carea' id='block_1_4' title="bbox 144 649 1638 2333">
    <p class='ocr_par' dir='ltr' id='par_1_4' title="bbox 146 649 1638 1843">
     <span class='ocr_line' id='line_1_7' title="bbox 158 649 1638 706; baseline 0.001 -15"><span class='ocrx_word' id='word_1_46' title='bbox 158 649 244 691; x_wconf 88' lang='lat' dir='ltr'>cule</span> <span class='ocrx_word' id='word_1_47' title='bbox 274 664 345 689; x_wconf 92' lang='lat' dir='ltr'>uos</span> <span class='ocrx_word' id='word_1_48' title='bbox 377 650 600 703; x_wconf 87' lang='lat' dir='ltr'>significare</span> <span class='ocrx_word' id='word_1_49' title='bbox 633 650 801 700; x_wconf 87' lang='lat' dir='ltr'>litteris,</span> <span class='ocrx_word' id='word_1_50' title='bbox 840 665 952 704; x_wconf 90' lang='lat' dir='ltr'>quam</span> <span class='ocrx_word' id='word_1_51' title='bbox 984 652 1097 692; x_wconf 90' lang='lat' dir='ltr'>ualde</span> <span class='ocrx_word' id='word_1_52' title='bbox 1119 653 1291 705; x_wconf 87' lang='lat' dir='ltr'>probetis</span> <span class='ocrx_word' id='word_1_53' title='bbox 1314 667 1382 703; x_wconf 88' lang='lat' dir='ltr'>ea,</span> <span class='ocrx_word' id='word_1_54' title='bbox 1418 666 1515 706; x_wconf 88' lang='lat' dir='ltr'>quae</span> <span class='ocrx_word' id='word_1_55' title='bbox 1538 653 1638 706; x_wconf 87' lang='lat' dir='ltr'>apud</span> 
     </span>
     <span class='ocr_line' id='line_1_8' title="bbox 158 715 1637 771; baseline 0.001 -12"><span class='ocrx_word' id='word_1_56' title='bbox 158 716 373 759; x_wconf 87' lang='lat' dir='ltr'>Corfinium</span> <span class='ocrx_word' id='word_1_57' title='bbox 407 724 496 757; x_wconf 88' lang='lat' dir='ltr'>sunt</span> <span class='ocrx_word' id='word_1_58' title='bbox 527 725 653 771; x_wconf 82' lang='lat' dir='ltr'>gesta.</span> <span class='ocrx_word' id='word_1_59' title='bbox 689 715 868 759; x_wconf 88' lang='lat' dir='ltr'>Consilio</span> <span class='ocrx_word' id='word_1_60' title='bbox 897 727 1032 760; x_wconf 91' lang='lat' dir='ltr'>uestro</span> <span class='ocrx_word' id='word_1_61' title='bbox 1061 727 1150 759; x_wconf 88' lang='lat' dir='ltr'>utar</span> <span class='ocrx_word' id='word_1_62' title='bbox 1171 721 1338 761; x_wconf 76' lang='lat' dir='ltr'>libenter</span> <span class='ocrx_word' id='word_1_63' title='bbox 1359 728 1398 761; x_wconf 90' lang='lat' dir='ltr'>et</span> <span class='ocrx_word' id='word_1_64' title='bbox 1419 721 1492 760; x_wconf 80' lang='lat' dir='ltr'>hoe</span> <span class='ocrx_word' id='word_1_65' title='bbox 1515 721 1637 760; x_wconf 85' lang='lat' dir='ltr'>liben-</span> 
     </span>
     <span class='ocr_line' id='line_1_9' title="bbox 155 785 1636 840; baseline 0.003 -16"><span class='ocrx_word' id='word_1_66' title='bbox 155 785 247 835; x_wconf 86' lang='lat' dir='ltr'><strong>tius,</strong></span> <span class='ocrx_word' id='word_1_67' title='bbox 263 785 363 837; x_wconf 86' lang='lat' dir='ltr'>quod</span> <span class='ocrx_word' id='word_1_68' title='bbox 384 798 468 825; x_wconf 84' lang='lat' dir='ltr'>mea</span> <span class='ocrx_word' id='word_1_69' title='bbox 491 793 631 839; x_wconf 91' lang='lat' dir='ltr'>sponte</span> <span class='ocrx_word' id='word_1_70' title='bbox 656 787 782 827; x_wconf 82' lang='lat' dir='ltr'>facere</span> <span class='ocrx_word' id='word_1_71' title='bbox 805 787 1159 838; x_wconf 87' lang='lat' dir='ltr'>constitueram‚ut</span> <span class='ocrx_word' id='word_1_72' title='bbox 1181 802 1291 840; x_wconf 91' lang='lat' dir='ltr'>quam</span> <span class='ocrx_word' id='word_1_73' title='bbox 1315 789 1555 828; x_wconf 88' lang='lat' dir='ltr'>lenissimum</span> <span class='ocrx_word' id='word_1_74' title='bbox 1575 802 1636 828; x_wconf 90' lang='lat' dir='ltr'>me</span> 
     </span>
     <span class='ocr_line' id='line_1_10' title="bbox 155 851 1636 909; baseline 0.001 -17"><span class='ocrx_word' id='word_1_75' title='bbox 155 852 385 906; x_wconf 84' lang='lat' dir='ltr'>praeberem</span> <span class='ocrx_word' id='word_1_76' title='bbox 418 859 458 892; x_wconf 87' lang='lat' dir='ltr'>et</span> <span class='ocrx_word' id='word_1_77' title='bbox 481 851 706 907; x_wconf 88' lang='lat' dir='ltr'>Pompeium</span> <span class='ocrx_word' id='word_1_78' title='bbox 736 855 867 895; x_wconf 93' lang='lat' dir='ltr'>darem</span> <span class='ocrx_word' id='word_1_79' title='bbox 902 869 1058 909; x_wconf 89' lang='lat' dir='ltr'>operam</span> <span class='ocrx_word' id='word_1_80' title='bbox 1090 862 1133 895; x_wconf 90' lang='lat' dir='ltr'>ut</span> <span class='ocrx_word' id='word_1_81' title='bbox 1161 856 1476 896; x_wconf 86' lang='lat' dir='ltr'>reconciliarem.</span> <span class='ocrx_word' id='word_1_82' title='bbox 1516 855 1636 895; x_wconf 89' lang='lat' dir='ltr'>Tem-</span> 
     </span>
     <span class='ocr_line' id='line_1_11' title="bbox 154 919 1637 976; baseline 0.003 -18"><span class='ocrx_word' id='word_1_83' title='bbox 154 926 304 973; x_wconf 85' lang='lat' dir='ltr'>ptemus</span> <span class='ocrx_word' id='word_1_84' title='bbox 327 919 400 960; x_wconf 87' lang='lat' dir='ltr'>hoc</span> <span class='ocrx_word' id='word_1_85' title='bbox 421 921 535 961; x_wconf 90' lang='lat' dir='ltr'>modo</span> <span class='ocrx_word' id='word_1_86' title='bbox 551 952 561 970; x_wconf 87' lang='lat'>‚</span> <span class='ocrx_word' id='word_1_87' title='bbox 585 922 618 961; x_wconf 88' lang='lat' dir='ltr'>si</span> <span class='ocrx_word' id='word_1_88' title='bbox 641 936 873 975; x_wconf 87' lang='lat' dir='ltr'>possumus,</span> <span class='ocrx_word' id='word_1_89' title='bbox 900 923 1070 963; x_wconf 91' lang='lat' dir='ltr'>omnium</span> <span class='ocrx_word' id='word_1_90' title='bbox 1095 924 1318 963; x_wconf 80' lang='lat' dir='ltr'>uoluntates</span> <span class='ocrx_word' id='word_1_91' title='bbox 1341 936 1575 976; x_wconf 86' lang='lat' dir='ltr'>recuperare</span> <span class='ocrx_word' id='word_1_92' title='bbox 1598 929 1637 963; x_wconf 87' lang='lat' dir='ltr'>et</span> 
     </span>
     <span class='ocr_line' id='line_1_12' title="bbox 154 987 1634 1045; baseline 0.003 -19"><span class='ocrx_word' id='word_1_93' title='bbox 154 987 335 1028; x_wconf 89' lang='lat' dir='ltr'>diuturna</span> <span class='ocrx_word' id='word_1_94' title='bbox 369 988 534 1029; x_wconf 84' lang='lat' dir='ltr'>uictoria</span> <span class='ocrx_word' id='word_1_95' title='bbox 564 989 646 1040; x_wconf 78' lang='lat' dir='ltr'>uti,</span> <span class='ocrx_word' id='word_1_96' title='bbox 682 991 864 1043; x_wconf 89' lang='lat' dir='ltr'>quoniam</span> <span class='ocrx_word' id='word_1_97' title='bbox 892 992 1032 1045; x_wconf 83' lang='lat' dir='ltr'>reliqui</span> <span class='ocrx_word' id='word_1_98' title='bbox 1055 991 1284 1031; x_wconf 82' lang='lat' dir='ltr'>crudelitate</span> <span class='ocrx_word' id='word_1_99' title='bbox 1307 991 1436 1031; x_wconf 91' lang='lat' dir='ltr'>odium</span> <span class='ocrx_word' id='word_1_100' title='bbox 1458 990 1634 1044; x_wconf 85' lang='lat' dir='ltr'>effugere</span> 
     </span>
     <span class='ocr_line' id='line_1_13' title="bbox 156 1057 1634 1112; baseline 0.002 -17"><span class='ocrx_word' id='word_1_101' title='bbox 156 1068 236 1095; x_wconf 90' lang='lat' dir='ltr'>non</span> <span class='ocrx_word' id='word_1_102' title='bbox 266 1062 479 1109; x_wconf 84' lang='lat' dir='ltr'>potuerunt</span> <span class='ocrx_word' id='word_1_103' title='bbox 510 1070 634 1110; x_wconf 85' lang='lat' dir='ltr'>neque</span> <span class='ocrx_word' id='word_1_104' title='bbox 665 1058 871 1099; x_wconf 88' lang='lat' dir='ltr'>uictoriam</span> <span class='ocrx_word' id='word_1_105' title='bbox 903 1059 1048 1099; x_wconf 89' lang='lat' dir='ltr'>diutius</span> <span class='ocrx_word' id='word_1_106' title='bbox 1081 1066 1216 1099; x_wconf 85' lang='lat' dir='ltr'>tenere</span> <span class='ocrx_word' id='word_1_107' title='bbox 1247 1065 1404 1112; x_wconf 87' lang='lat' dir='ltr'>praeter</span> <span class='ocrx_word' id='word_1_108' title='bbox 1434 1073 1553 1098; x_wconf 92' lang='lat' dir='ltr'>unum</span> <span class='ocrx_word' id='word_1_109' title='bbox 1584 1057 1634 1098; x_wconf 91' lang='lat' dir='ltr'>L.</span> 
     </span>
     <span class='ocr_line' id='line_1_14' title="bbox 153 1119 1633 1177; baseline 0.002 -14"><span class='ocrx_word' id='word_1_110' title='bbox 153 1119 303 1164; x_wconf 83' lang='lat' dir='ltr'>Sullam</span> <span class='ocrx_word' id='word_1_111' title='bbox 319 1154 329 1172; x_wconf 88' lang='lat'><strong>‚</strong></span> <span class='ocrx_word' id='word_1_112' title='bbox 362 1138 474 1177; x_wconf 91' lang='lat' dir='ltr'>quem</span> <span class='ocrx_word' id='word_1_113' title='bbox 497 1125 723 1166; x_wconf 84' lang='lat' dir='ltr'>imitaturus</span> <span class='ocrx_word' id='word_1_114' title='bbox 746 1140 825 1166; x_wconf 93' lang='lat' dir='ltr'>non</span> <span class='ocrx_word' id='word_1_115' title='bbox 846 1141 945 1167; x_wconf 92' lang='lat' dir='ltr'>sum.</span> <span class='ocrx_word' id='word_1_116' title='bbox 985 1126 1095 1167; x_wconf 90' lang='lat' dir='ltr'>Haec</span> <span class='ocrx_word' id='word_1_117' title='bbox 1117 1140 1219 1166; x_wconf 86' lang='lat' dir='ltr'>noua</span> <span class='ocrx_word' id='word_1_118' title='bbox 1241 1127 1289 1166; x_wconf 87' lang='lat' dir='ltr'>sit</span> <span class='ocrx_word' id='word_1_119' title='bbox 1311 1127 1411 1166; x_wconf 88' lang='lat' dir='ltr'>ratio</span> <span class='ocrx_word' id='word_1_120' title='bbox 1433 1127 1633 1175; x_wconf 87' lang='lat' dir='ltr'>uincendi,</span> 
     </span>
     <span class='ocr_line' id='line_1_15' title="bbox 153 1191 1636 1246; baseline 0.001 -16"><span class='ocrx_word' id='word_1_121' title='bbox 153 1197 198 1230; x_wconf 91' lang='lat' dir='ltr'>ut</span> <span class='ocrx_word' id='word_1_122' title='bbox 227 1191 495 1232; x_wconf 84' lang='lat' dir='ltr'>misericordia</span> <span class='ocrx_word' id='word_1_123' title='bbox 529 1200 568 1233; x_wconf 89' lang='lat' dir='ltr'>et</span> <span class='ocrx_word' id='word_1_124' title='bbox 600 1193 837 1234; x_wconf 83' lang='lat' dir='ltr'>liberalitate</span> <span class='ocrx_word' id='word_1_125' title='bbox 869 1209 941 1234; x_wconf 86' lang='lat' dir='ltr'>nos</span> <span class='ocrx_word' id='word_1_126' title='bbox 972 1195 1209 1234; x_wconf 86' lang='lat' dir='ltr'>muniamus.</span> <span class='ocrx_word' id='word_1_127' title='bbox 1252 1193 1295 1234; x_wconf 89' lang='lat' dir='ltr'>ld</span> <span class='ocrx_word' id='word_1_128' title='bbox 1317 1193 1636 1246; x_wconf 84' lang='lat' dir='ltr'>quemadmodum</span> 
     </span>
     <span class='ocr_line' id='line_1_16' title="bbox 151 1258 1635 1314; baseline 0.002 -16"><span class='ocrx_word' id='word_1_129' title='bbox 151 1258 235 1298; x_wconf 89' lang='lat' dir='ltr'>fieri</span> <span class='ocrx_word' id='word_1_130' title='bbox 264 1259 412 1311; x_wconf 83' lang='lat' dir='ltr'>possit,</span> <span class='ocrx_word' id='word_1_131' title='bbox 446 1260 632 1300; x_wconf 90' lang='lat' dir='ltr'>nonnulla</span> <span class='ocrx_word' id='word_1_132' title='bbox 662 1262 755 1300; x_wconf 90' lang='lat' dir='ltr'>mihi</span> <span class='ocrx_word' id='word_1_133' title='bbox 786 1262 825 1301; x_wconf 93' lang='lat' dir='ltr'>in</span> <span class='ocrx_word' id='word_1_134' title='bbox 855 1268 1025 1301; x_wconf 81' lang='lat' dir='ltr'>mentem</span> <span class='ocrx_word' id='word_1_135' title='bbox 1050 1262 1237 1310; x_wconf 82' lang='lat' dir='ltr'>ueniunt,</span> <span class='ocrx_word' id='word_1_136' title='bbox 1271 1267 1309 1300; x_wconf 84' lang='lat' dir='ltr'>et</span> <span class='ocrx_word' id='word_1_137' title='bbox 1331 1261 1447 1300; x_wconf 89' lang='lat' dir='ltr'>multa</span> <span class='ocrx_word' id='word_1_138' title='bbox 1471 1261 1635 1314; x_wconf 84' lang='lat' dir='ltr'>reperiri</span> 
     </span>
     <span class='ocr_line' id='line_1_17' title="bbox 150 1325 1633 1384; baseline 0.003 -19"><span class='ocrx_word' id='word_1_139' title='bbox 150 1334 330 1378; x_wconf 88' lang='lat' dir='ltr'>possunt.</span> <span class='ocrx_word' id='word_1_140' title='bbox 365 1325 427 1368; x_wconf 90' lang='lat' dir='ltr'>De</span> <span class='ocrx_word' id='word_1_141' title='bbox 461 1328 520 1368; x_wconf 93' lang='lat' dir='ltr'>his</span> <span class='ocrx_word' id='word_1_142' title='bbox 552 1329 671 1369; x_wconf 91' lang='lat' dir='ltr'>rebus</span> <span class='ocrx_word' id='word_1_143' title='bbox 701 1342 798 1384; x_wconf 85' lang='lat' dir='ltr'>rogo</span> <span class='ocrx_word' id='word_1_144' title='bbox 827 1343 896 1369; x_wconf 93' lang='lat' dir='ltr'>uos</span> <span class='ocrx_word' id='word_1_145' title='bbox 927 1336 969 1368; x_wconf 90' lang='lat' dir='ltr'>ut</span> <span class='ocrx_word' id='word_1_146' title='bbox 999 1329 1276 1381; x_wconf 81' lang='lat' dir='ltr'>cogitationem</span> <span class='ocrx_word' id='word_1_147' title='bbox 1300 1328 1539 1382; x_wconf 87' lang='lat' dir='ltr'>suscipiatis.</span> <span class='ocrx_word' id='word_1_148' title='bbox 1573 1328 1633 1370; x_wconf 86' lang='lat' dir='ltr'>N.</span> 
     </span>
     <span class='ocr_line' id='line_1_18' title="bbox 149 1390 1634 1450; baseline 0.004 -19"><span class='ocrx_word' id='word_1_149' title='bbox 149 1390 328 1446; x_wconf 83' lang='lat' dir='ltr'>Magium</span> <span class='ocrx_word' id='word_1_150' title='bbox 345 1425 355 1445; x_wconf 85' lang='lat'><em>‚</em></span> <span class='ocrx_word' id='word_1_151' title='bbox 380 1393 555 1449; x_wconf 89' lang='lat' dir='ltr'>Pompeii</span> <span class='ocrx_word' id='word_1_152' title='bbox 578 1397 840 1450; x_wconf 86' lang='lat' dir='ltr'>praefectum,</span> <span class='ocrx_word' id='word_1_153' title='bbox 867 1396 1118 1450; x_wconf 87' lang='lat' dir='ltr'>deprehendi.</span> <span class='ocrx_word' id='word_1_154' title='bbox 1166 1394 1329 1437; x_wconf 88' lang='lat' dir='ltr'>Scilicet</span> <span class='ocrx_word' id='word_1_155' title='bbox 1350 1410 1432 1436; x_wconf 88' lang='lat' dir='ltr'>meo</span> <span class='ocrx_word' id='word_1_156' title='bbox 1454 1396 1634 1437; x_wconf 88' lang='lat' dir='ltr'>instituto</span> 
     </span>
     <span class='ocr_line' id='line_1_19' title="bbox 151 1462 1633 1517; baseline 0.004 -18"><span class='ocrx_word' id='word_1_157' title='bbox 151 1473 252 1500; x_wconf 89' lang='lat' dir='ltr'>usus</span> <span class='ocrx_word' id='word_1_158' title='bbox 279 1475 364 1502; x_wconf 89' lang='lat' dir='ltr'>sum</span> <span class='ocrx_word' id='word_1_159' title='bbox 397 1470 436 1503; x_wconf 89' lang='lat' dir='ltr'>et</span> <span class='ocrx_word' id='word_1_160' title='bbox 467 1477 554 1504; x_wconf 90' lang='lat' dir='ltr'>eum</span> <span class='ocrx_word' id='word_1_161' title='bbox 586 1465 718 1505; x_wconf 89' lang='lat' dir='ltr'>statim</span> <span class='ocrx_word' id='word_1_162' title='bbox 749 1464 910 1504; x_wconf 91' lang='lat' dir='ltr'>missum</span> <span class='ocrx_word' id='word_1_163' title='bbox 937 1465 1025 1504; x_wconf 84' lang='lat' dir='ltr'>feci.</span> <span class='ocrx_word' id='word_1_164' title='bbox 1069 1462 1149 1504; x_wconf 91' lang='lat' dir='ltr'>Iam</span> <span class='ocrx_word' id='word_1_165' title='bbox 1174 1464 1248 1504; x_wconf 92' lang='lat' dir='ltr'>duo</span> <span class='ocrx_word' id='word_1_166' title='bbox 1271 1464 1457 1517; x_wconf 88' lang='lat' dir='ltr'>praefecti</span> <span class='ocrx_word' id='word_1_167' title='bbox 1481 1464 1633 1505; x_wconf 88' lang='lat' dir='ltr'>fabrum</span> 
     </span>
     <span class='ocr_line' id='line_1_20' title="bbox 147 1525 1632 1585; baseline 0.004 -19"><span class='ocrx_word' id='word_1_168' title='bbox 147 1525 326 1582; x_wconf 89' lang='lat' dir='ltr'>Pompeii</span> <span class='ocrx_word' id='word_1_169' title='bbox 347 1530 388 1570; x_wconf 92' lang='lat' dir='ltr'>in</span> <span class='ocrx_word' id='word_1_170' title='bbox 409 1545 533 1572; x_wconf 89' lang='lat' dir='ltr'>meam</span> <span class='ocrx_word' id='word_1_171' title='bbox 557 1539 790 1585; x_wconf 83' lang='lat' dir='ltr'>potestatem</span> <span class='ocrx_word' id='word_1_172' title='bbox 813 1539 1005 1572; x_wconf 83' lang='lat' dir='ltr'>uenerunt</span> <span class='ocrx_word' id='word_1_173' title='bbox 1027 1539 1066 1572; x_wconf 90' lang='lat' dir='ltr'>et</span> <span class='ocrx_word' id='word_1_174' title='bbox 1087 1547 1108 1572; x_wconf 90' lang='lat' dir='ltr'>a</span> <span class='ocrx_word' id='word_1_175' title='bbox 1131 1547 1191 1573; x_wconf 85' lang='lat' dir='ltr'>me</span> <span class='ocrx_word' id='word_1_176' title='bbox 1213 1533 1321 1572; x_wconf 90' lang='lat' dir='ltr'>missi</span> <span class='ocrx_word' id='word_1_177' title='bbox 1343 1539 1448 1572; x_wconf 89' lang='lat' dir='ltr'>sunt.</span> <span class='ocrx_word' id='word_1_178' title='bbox 1496 1530 1539 1573; x_wconf 87' lang='lat' dir='ltr'>Si</span> <span class='ocrx_word' id='word_1_179' title='bbox 1564 1546 1632 1573; x_wconf 92' lang='lat' dir='ltr'>uo-</span> 
     </span>
     <span class='ocr_line' id='line_1_21' title="bbox 148 1594 1633 1654; baseline 0.003 -18"><span class='ocrx_word' id='word_1_180' title='bbox 148 1594 231 1636; x_wconf 87' lang='lat' dir='ltr'>lent</span> <span class='ocrx_word' id='word_1_181' title='bbox 261 1598 362 1651; x_wconf 84' lang='lat' dir='ltr'>grati</span> <span class='ocrx_word' id='word_1_182' title='bbox 395 1612 511 1649; x_wconf 79' lang='lat' dir='ltr'>esse,</span> <span class='ocrx_word' id='word_1_183' title='bbox 546 1599 741 1640; x_wconf 89' lang='lat' dir='ltr'>debebunt</span> <span class='ocrx_word' id='word_1_184' title='bbox 761 1599 989 1654; x_wconf 85' lang='lat' dir='ltr'>Pompeium</span> <span class='ocrx_word' id='word_1_185' title='bbox 1022 1600 1196 1650; x_wconf 80' lang='lat' dir='ltr'>hortari,</span> <span class='ocrx_word' id='word_1_186' title='bbox 1230 1607 1272 1640; x_wconf 87' lang='lat' dir='ltr'>ut</span> <span class='ocrx_word' id='word_1_187' title='bbox 1301 1601 1410 1640; x_wconf 91' lang='lat' dir='ltr'>malit</span> <span class='ocrx_word' id='word_1_188' title='bbox 1431 1601 1523 1640; x_wconf 88' lang='lat' dir='ltr'>mihi</span> <span class='ocrx_word' id='word_1_189' title='bbox 1545 1614 1633 1641; x_wconf 91' lang='lat' dir='ltr'>esse</span> 
     </span>
     <span class='ocr_line' id='line_1_22' title="bbox 149 1664 1628 1721; baseline 0.003 -17"><span class='ocrx_word' id='word_1_190' title='bbox 149 1664 296 1706; x_wconf 88' lang='lat' dir='ltr'>amicus</span> <span class='ocrx_word' id='word_1_191' title='bbox 329 1680 442 1721; x_wconf 89' lang='lat' dir='ltr'>quam</span> <span class='ocrx_word' id='word_1_192' title='bbox 474 1667 546 1717; x_wconf 73' lang='lat' dir='ltr'>iis,</span> <span class='ocrx_word' id='word_1_193' title='bbox 582 1668 646 1720; x_wconf 90' lang='lat' dir='ltr'>qui</span> <span class='ocrx_word' id='word_1_194' title='bbox 679 1675 717 1708; x_wconf 91' lang='lat' dir='ltr'>et</span> <span class='ocrx_word' id='word_1_195' title='bbox 737 1667 791 1707; x_wconf 87' lang='lat' dir='ltr'>illi</span> <span class='ocrx_word' id='word_1_196' title='bbox 815 1675 854 1708; x_wconf 92' lang='lat' dir='ltr'>et</span> <span class='ocrx_word' id='word_1_197' title='bbox 875 1668 966 1708; x_wconf 91' lang='lat' dir='ltr'>mihi</span> <span class='ocrx_word' id='word_1_198' title='bbox 988 1681 1142 1721; x_wconf 91' lang='lat' dir='ltr'>semper</span> <span class='ocrx_word' id='word_1_199' title='bbox 1164 1668 1323 1708; x_wconf 88' lang='lat' dir='ltr'>fuerunt</span> <span class='ocrx_word' id='word_1_200' title='bbox 1345 1667 1628 1716; x_wconf 79' lang='lat' dir='ltr'>inimicissimi3</span> 
     </span>
     <span class='ocr_line' id='line_1_23' title="bbox 148 1736 1631 1790; baseline 0.003 -17"><span class='ocrx_word' id='word_1_201' title='bbox 148 1747 310 1786; x_wconf 90' lang='lat' dir='ltr'>quorum</span> <span class='ocrx_word' id='word_1_202' title='bbox 341 1737 518 1778; x_wconf 88' lang='lat' dir='ltr'>artificiis</span> <span class='ocrx_word' id='word_1_203' title='bbox 549 1737 732 1778; x_wconf 86' lang='lat' dir='ltr'>effectum</span> <span class='ocrx_word' id='word_1_204' title='bbox 764 1742 847 1785; x_wconf 79' lang='lat' dir='ltr'>est,</span> <span class='ocrx_word' id='word_1_205' title='bbox 879 1743 921 1775; x_wconf 90' lang='lat' dir='ltr'>ut</span> <span class='ocrx_word' id='word_1_206' title='bbox 948 1736 1169 1789; x_wconf 87' lang='lat' dir='ltr'>respublica</span> <span class='ocrx_word' id='word_1_207' title='bbox 1192 1736 1232 1776; x_wconf 92' lang='lat' dir='ltr'>in</span> <span class='ocrx_word' id='word_1_208' title='bbox 1256 1736 1357 1776; x_wconf 88' lang='lat' dir='ltr'>hunc</span> <span class='ocrx_word' id='word_1_209' title='bbox 1378 1743 1520 1776; x_wconf 87' lang='lat' dir='ltr'>statum</span> <span class='ocrx_word' id='word_1_210' title='bbox 1544 1750 1631 1790; x_wconf 89' lang='lat' dir='ltr'>per-</span> 
     </span>
     <span class='ocr_line' id='line_1_24' title="bbox 146 1801 332 1843; baseline 0.016 -3"><span class='ocrx_word' id='word_1_211' title='bbox 146 1801 332 1843; x_wconf 85' lang='lat' dir='ltr'>ueniret&#39;.</span> 
     </span>
    </p>

    <p class='ocr_par' dir='ltr' id='par_1_5' title="bbox 144 1870 1630 2195">
     <span class='ocr_line' id='line_1_25' title="bbox 257 1870 1624 1926; baseline 0.001 -16"><span class='ocrx_word' id='word_1_212' title='bbox 257 1870 371 1911; x_wconf 83' lang='lat' dir='ltr'>Idem</span> <span class='ocrx_word' id='word_1_213' title='bbox 393 1872 493 1912; x_wconf 71' lang='lat' dir='ltr'>ibid.</span> <span class='ocrx_word' id='word_1_214' title='bbox 512 1872 562 1912; x_wconf 81' lang='lat'>13</span> <span class='ocrx_word' id='word_1_215' title='bbox 584 1873 645 1923; x_wconf 83' lang='lat' dir='ltr'>A,</span> <span class='ocrx_word' id='word_1_216' title='bbox 663 1873 709 1913; x_wconf 81' lang='lat'>1:</span> <span class='ocrx_word' id='word_1_217' title='bbox 739 1870 908 1913; x_wconf 83' lang='lat' dir='ltr'>‘Caesar</span> <span class='ocrx_word' id='word_1_218' title='bbox 924 1870 1067 1926; x_wconf 85' lang='lat' dir='ltr'>Oppio,</span> <span class='ocrx_word' id='word_1_219' title='bbox 1084 1870 1272 1912; x_wconf 88' lang='lat' dir='ltr'>Cornelio</span> <span class='ocrx_word' id='word_1_220' title='bbox 1293 1886 1327 1913; x_wconf 94' lang='lat' dir='ltr'>s.</span> <span class='ocrx_word' id='word_1_221' title='bbox 1359 1872 1410 1913; x_wconf 88' lang='lat' dir='ltr'>A.</span> <span class='ocrx_word' id='word_1_222' title='bbox 1428 1872 1462 1911; x_wconf 89' lang='lat' dir='ltr'>d.</span> <span class='ocrx_word' id='word_1_223' title='bbox 1485 1878 1545 1911; x_wconf 82' lang='lat' dir='ltr'>VII</span> <span class='ocrx_word' id='word_1_224' title='bbox 1566 1870 1624 1911; x_wconf 86' lang='lat' dir='ltr'>Id.</span> 
     </span>
     <span class='ocr_line' id='line_1_26' title="bbox 144 1934 1630 1994; baseline 0.003 -18"><span class='ocrx_word' id='word_1_225' title='bbox 144 1934 269 1977; x_wconf 88' lang='lat' dir='ltr'>Mart.</span> <span class='ocrx_word' id='word_1_226' title='bbox 302 1937 558 1980; x_wconf 89' lang='lat' dir='ltr'>Brundisium</span> <span class='ocrx_word' id='word_1_227' title='bbox 590 1941 704 1989; x_wconf 78' lang='lat' dir='ltr'>ueni3</span> <span class='ocrx_word' id='word_1_228' title='bbox 736 1942 782 1981; x_wconf 87' lang='lat' dir='ltr'>ad</span> <span class='ocrx_word' id='word_1_229' title='bbox 815 1954 965 1980; x_wconf 90' lang='lat' dir='ltr'>murum</span> <span class='ocrx_word' id='word_1_230' title='bbox 1000 1946 1128 1979; x_wconf 82' lang='lat' dir='ltr'>castra</span> <span class='ocrx_word' id='word_1_231' title='bbox 1161 1940 1286 1993; x_wconf 90' lang='lat' dir='ltr'>posui.</span> <span class='ocrx_word' id='word_1_232' title='bbox 1331 1938 1538 1994; x_wconf 90' lang='lat' dir='ltr'>Pompeius</span> <span class='ocrx_word' id='word_1_233' title='bbox 1570 1946 1630 1980; x_wconf 85' lang='lat' dir='ltr'>est</span> 
     </span>
     <span class='ocr_line' id='line_1_27' title="bbox 146 2002 1628 2061; baseline 0.002 -18"><span class='ocrx_word' id='word_1_234' title='bbox 146 2002 363 2046; x_wconf 87' lang='lat' dir='ltr'>Brundisii.</span> <span class='ocrx_word' id='word_1_235' title='bbox 395 2006 510 2048; x_wconf 85' lang='lat' dir='ltr'>Misit</span> <span class='ocrx_word' id='word_1_236' title='bbox 532 2008 578 2047; x_wconf 89' lang='lat' dir='ltr'>ad</span> <span class='ocrx_word' id='word_1_237' title='bbox 601 2022 662 2049; x_wconf 89' lang='lat' dir='ltr'>me</span> <span class='ocrx_word' id='word_1_238' title='bbox 683 2008 739 2049; x_wconf 82' lang='lat' dir='ltr'>N.</span> <span class='ocrx_word' id='word_1_239' title='bbox 766 2007 943 2061; x_wconf 84' lang='lat' dir='ltr'>Magium</span> <span class='ocrx_word' id='word_1_240' title='bbox 968 2008 1014 2046; x_wconf 90' lang='lat' dir='ltr'>de</span> <span class='ocrx_word' id='word_1_241' title='bbox 1037 2021 1146 2060; x_wconf 89' lang='lat' dir='ltr'>pace.</span> <span class='ocrx_word' id='word_1_242' title='bbox 1182 2005 1294 2059; x_wconf 82' lang='lat' dir='ltr'>Quae</span> <span class='ocrx_word' id='word_1_243' title='bbox 1317 2008 1401 2048; x_wconf 88' lang='lat' dir='ltr'>uisa</span> <span class='ocrx_word' id='word_1_244' title='bbox 1423 2015 1516 2048; x_wconf 87' lang='lat' dir='ltr'>sunt</span> <span class='ocrx_word' id='word_1_245' title='bbox 1532 2038 1542 2057; x_wconf 92' lang='lat'><strong>‚</strong></span> <span class='ocrx_word' id='word_1_246' title='bbox 1566 2020 1628 2046; x_wconf 88' lang='lat' dir='ltr'>re—</span> 
     </span>
     <span class='ocr_line' id='line_1_28' title="bbox 144 2072 1623 2128; baseline 0.003 -18"><span class='ocrx_word' id='word_1_247' title='bbox 144 2073 298 2125; x_wconf 87' lang='lat' dir='ltr'>spondi.</span> <span class='ocrx_word' id='word_1_248' title='bbox 333 2073 420 2115; x_wconf 84' lang='lat' dir='ltr'>Hoc</span> <span class='ocrx_word' id='word_1_249' title='bbox 442 2089 511 2115; x_wconf 92' lang='lat' dir='ltr'>uos</span> <span class='ocrx_word' id='word_1_250' title='bbox 534 2076 665 2115; x_wconf 84' lang='lat' dir='ltr'>statim</span> <span class='ocrx_word' id='word_1_251' title='bbox 689 2076 791 2116; x_wconf 87' lang='lat' dir='ltr'>scire</span> <span class='ocrx_word' id='word_1_252' title='bbox 817 2075 936 2115; x_wconf 89' lang='lat' dir='ltr'>uolui.</span> <span class='ocrx_word' id='word_1_253' title='bbox 972 2072 1071 2115; x_wconf 92' lang='lat' dir='ltr'>Cum</span> <span class='ocrx_word' id='word_1_254' title='bbox 1095 2074 1134 2114; x_wconf 93' lang='lat' dir='ltr'>in</span> <span class='ocrx_word' id='word_1_255' title='bbox 1157 2089 1263 2128; x_wconf 90' lang='lat' dir='ltr'>spem</span> <span class='ocrx_word' id='word_1_256' title='bbox 1289 2089 1434 2116; x_wconf 89' lang='lat' dir='ltr'>uenero</span> <span class='ocrx_word' id='word_1_257' title='bbox 1457 2076 1502 2115; x_wconf 88' lang='lat' dir='ltr'>de</span> <span class='ocrx_word' id='word_1_258' title='bbox 1522 2089 1623 2116; x_wconf 90' lang='lat' dir='ltr'>com-</span> 
     </span>
     <span class='ocr_line' id='line_1_29' title="bbox 145 2140 1479 2195; baseline 0.001 -15"><span class='ocrx_word' id='word_1_259' title='bbox 145 2140 341 2193; x_wconf 90' lang='lat' dir='ltr'>positione</span> <span class='ocrx_word' id='word_1_260' title='bbox 363 2142 505 2195; x_wconf 89' lang='lat' dir='ltr'>aliquid</span> <span class='ocrx_word' id='word_1_261' title='bbox 529 2157 590 2183; x_wconf 90' lang='lat' dir='ltr'>me</span> <span class='ocrx_word' id='word_1_262' title='bbox 612 2144 820 2191; x_wconf 85' lang='lat' dir='ltr'>conficere,</span> <span class='ocrx_word' id='word_1_263' title='bbox 851 2143 980 2184; x_wconf 87' lang='lat' dir='ltr'>statim</span> <span class='ocrx_word' id='word_1_264' title='bbox 1005 2157 1076 2183; x_wconf 92' lang='lat' dir='ltr'>uos</span> <span class='ocrx_word' id='word_1_265' title='bbox 1100 2144 1290 2184; x_wconf 82' lang='lat' dir='ltr'>certiores</span> <span class='ocrx_word' id='word_1_266' title='bbox 1313 2143 1479 2183; x_wconf 86' lang='lat' dir='ltr'>faciam&#39;.</span> 
     </span>
    </p>

    <p class='ocr_par' dir='ltr' id='par_1_6' title="bbox 263 2210 1620 2333">
     <span class='ocr_line' id='line_1_30' title="bbox 797 2210 974 2261; baseline 0 -10"><span class='ocrx_word' id='word_1_267' title='bbox 797 2214 856 2258; x_wconf 82' lang='lat' dir='ltr'>(a.</span> <span class='ocrx_word' id='word_1_268' title='bbox 883 2210 974 2261; x_wconf 80' lang='lat'>45.)</span> 
     </span>
     <span class='ocr_line' id='line_1_31' title="bbox 263 2276 1620 2333; baseline -0.001 -15"><span class='ocrx_word' id='word_1_269' title='bbox 263 2276 351 2318; x_wconf 77' lang='lat' dir='ltr'>Cic.</span> <span class='ocrx_word' id='word_1_270' title='bbox 377 2278 536 2319; x_wconf 76' lang='lat' dir='ltr'>adAtt.</span> <span class='ocrx_word' id='word_1_271' title='bbox 554 2279 682 2330; x_wconf 76' lang='lat' dir='ltr'><em>XIII,</em></span> <span class='ocrx_word' id='word_1_272' title='bbox 699 2278 768 2330; x_wconf 83' lang='lat'>31,</span> <span class='ocrx_word' id='word_1_273' title='bbox 785 2279 834 2320; x_wconf 78' lang='lat'>3:</span> <span class='ocrx_word' id='word_1_274' title='bbox 866 2278 926 2319; x_wconf 89' lang='lat' dir='ltr'>De</span> <span class='ocrx_word' id='word_1_275' title='bbox 949 2279 1109 2333; x_wconf 89' lang='lat' dir='ltr'>epistola</span> <span class='ocrx_word' id='word_1_276' title='bbox 1134 2280 1180 2320; x_wconf 88' lang='lat' dir='ltr'>ad</span> <span class='ocrx_word' id='word_1_277' title='bbox 1196 2276 1409 2320; x_wconf 84' lang='lat' dir='ltr'>Caesarem</span> <span class='ocrx_word' id='word_1_278' title='bbox 1433 2277 1620 2332; x_wconf 78' lang='grc' dir='ltr'><strong><em>κέκρικα.</em></strong></span> 
     </span>
    </p>
   </div>
   <div class='ocr_carea' id='block_1_5' title="bbox 142 2424 1626 2919">
    <p class='ocr_par' dir='ltr' id='par_1_7' title="bbox 142 2424 1624 2612">
     <span class='ocr_line' id='line_1_32' title="bbox 284 2424 1624 2467; baseline -0.001 -11"><span class='ocrx_word' id='word_1_279' title='bbox 284 2426 303 2456; x_wconf 77' lang='lat'>2</span> <span class='ocrx_word' id='word_1_280' title='bbox 319 2424 373 2466; x_wconf 75' lang='lat' dir='ltr'>Cf.</span> <span class='ocrx_word' id='word_1_281' title='bbox 392 2426 491 2458; x_wconf 81' lang='lat' dir='ltr'>Caes.</span> <span class='ocrx_word' id='word_1_282' title='bbox 514 2427 544 2457; x_wconf 88' lang='lat' dir='ltr'>b.</span> <span class='ocrx_word' id='word_1_283' title='bbox 567 2429 636 2458; x_wconf 74' lang='lat' dir='ltr'>cia.</span> <span class='ocrx_word' id='word_1_284' title='bbox 657 2428 683 2467; x_wconf 85' lang='lat' dir='ltr'>l,</span> <span class='ocrx_word' id='word_1_285' title='bbox 705 2427 760 2467; x_wconf 80' lang='lat'>24,</span> <span class='ocrx_word' id='word_1_286' title='bbox 773 2427 805 2458; x_wconf 85' lang='lat'>3.</span> <span class='ocrx_word' id='word_1_287' title='bbox 949 2429 967 2460; x_wconf 87' lang='lat'><strong>3</strong></span> <span class='ocrx_word' id='word_1_288' title='bbox 981 2428 1133 2460; x_wconf 81' lang='lat' dir='ltr'>Curtium</span> <span class='ocrx_word' id='word_1_289' title='bbox 1148 2428 1338 2460; x_wconf 64' lang='lat' dir='ltr'>Meaeliceus.</span> <span class='ocrx_word' id='word_1_290' title='bbox 1476 2424 1624 2457; x_wconf 86' lang='lat' dir='ltr'>Minucia</span> 
     </span>
     <span class='ocr_line' id='line_1_33' title="bbox 142 2475 1623 2520; baseline 0.002 -16"><span class='ocrx_word' id='word_1_291' title='bbox 142 2475 473 2516; x_wconf 71' lang='lat' dir='ltr'>⁷11.pr.Mecle·eeus;</span> <span class='ocrx_word' id='word_1_292' title='bbox 494 2477 525 2508; x_wconf 91' lang='lat' dir='ltr'>in</span> <span class='ocrx_word' id='word_1_293' title='bbox 547 2478 601 2508; x_wconf 87' lang='lat' dir='ltr'>uia</span> <span class='ocrx_word' id='word_1_294' title='bbox 616 2477 764 2509; x_wconf 82' lang='lat' dir='ltr'>Minucia</span> <span class='ocrx_word' id='word_1_295' title='bbox 783 2478 861 2509; x_wconf 68' lang='lat' dir='ltr'>eclcl.</span> <span class='ocrx_word' id='word_1_296' title='bbox 878 2481 1020 2520; x_wconf 75' lang='lat' dir='ltr'>primae</span> <span class='ocrx_word' id='word_1_297' title='bbox 1039 2483 1076 2511; x_wconf 76' lang='lat' dir='ltr'>et</span> <span class='ocrx_word' id='word_1_298' title='bbox 1091 2490 1182 2511; x_wconf 77' lang='lat' dir='ltr'>corr.</span> <span class='ocrx_word' id='word_1_299' title='bbox 1196 2479 1386 2518; x_wconf 69' lang='lat' dir='ltr'>Medz‘ceus,</span> <span class='ocrx_word' id='word_1_300' title='bbox 1407 2477 1461 2508; x_wconf 88' lang='lat' dir='ltr'>uia</span> <span class='ocrx_word' id='word_1_301' title='bbox 1474 2475 1623 2508; x_wconf 86' lang='lat' dir='ltr'>Minucia</span> 
     </span>
     <span class='ocr_line' id='line_1_34' title="bbox 143 2523 1623 2570; baseline 0.002 -16"><span class='ocrx_word' id='word_1_302' title='bbox 143 2523 220 2555; x_wconf 80' lang='lat' dir='ltr'>edd.</span> <span class='ocrx_word' id='word_1_303' title='bbox 237 2525 445 2567; x_wconf 78' lang='lat' dir='ltr'>pleraeque.</span> <span class='ocrx_word' id='word_1_304' title='bbox 595 2528 632 2559; x_wconf 86' lang='lat'>13</span> <span class='ocrx_word' id='word_1_305' title='bbox 653 2528 827 2570; x_wconf 80' lang='lat' dir='ltr'>uincendi]</span> <span class='ocrx_word' id='word_1_306' title='bbox 849 2530 923 2561; x_wconf 81' lang='lat' dir='ltr'>dum</span> <span class='ocrx_word' id='word_1_307' title='bbox 943 2529 1025 2561; x_wconf 77' lang='lat' dir='ltr'>add.</span> <span class='ocrx_word' id='word_1_308' title='bbox 1046 2540 1091 2560; x_wconf 86' lang='lat' dir='ltr'>m.</span> <span class='ocrx_word' id='word_1_309' title='bbox 1108 2540 1166 2570; x_wconf 80' lang='lat' dir='ltr'>pr.</span> <span class='ocrx_word' id='word_1_310' title='bbox 1186 2528 1379 2560; x_wconf 68' lang='lat' dir='ltr'>Jledz&#39;eeus.</span> <span class='ocrx_word' id='word_1_311' title='bbox 1533 2527 1571 2558; x_wconf 77' lang='grc'>14</span> <span class='ocrx_word' id='word_1_312' title='bbox 1591 2527 1623 2557; x_wconf 91' lang='lat' dir='ltr'>id</span> 
     </span>
     <span class='ocr_line' id='line_1_35' title="bbox 144 2578 1621 2612; baseline 0.001 -5"><span class='ocrx_word' id='word_1_313' title='bbox 144 2586 182 2608; x_wconf 86' lang='lat' dir='ltr'>eo</span> <span class='ocrx_word' id='word_1_314' title='bbox 202 2587 276 2608; x_wconf 88' lang='lat' dir='ltr'>cum</span> <span class='ocrx_word' id='word_1_315' title='bbox 295 2578 473 2609; x_wconf 87' lang='lat' dir='ltr'>admodum</span> <span class='ocrx_word' id='word_1_316' title='bbox 492 2582 574 2609; x_wconf 66' lang='lat' dir='ltr'>aule</span> <span class='ocrx_word' id='word_1_317' title='bbox 593 2590 685 2611; x_wconf 73' lang='lat' dir='ltr'>corr.</span> <span class='ocrx_word' id='word_1_318' title='bbox 706 2580 897 2612; x_wconf 62' lang='lat' dir='ltr'>Mediceas.</span> <span class='ocrx_word' id='word_1_319' title='bbox 1097 2581 1135 2612; x_wconf 83' lang='lat'>15</span> <span class='ocrx_word' id='word_1_320' title='bbox 1155 2580 1197 2611; x_wconf 88' lang='lat' dir='ltr'>mi</span> <span class='ocrx_word' id='word_1_321' title='bbox 1217 2582 1298 2610; x_wconf 81' lang='lat' dir='ltr'>ante</span> <span class='ocrx_word' id='word_1_322' title='bbox 1317 2589 1409 2611; x_wconf 77' lang='lat' dir='ltr'>corr.</span> <span class='ocrx_word' id='word_1_323' title='bbox 1429 2578 1621 2610; x_wconf 71' lang='lat' dir='ltr'>Medieeus.</span> 
     </span>
    </p>

    <p class='ocr_par' dir='ltr' id='par_1_8' title="bbox 142 2628 1625 2829">
     <span class='ocr_line' id='line_1_36' title="bbox 289 2628 1624 2673; baseline 0.001 -13"><span class='ocrx_word' id='word_1_324' title='bbox 289 2628 328 2661; x_wconf 87' lang='grc'>16</span> <span class='ocrx_word' id='word_1_325' title='bbox 349 2630 559 2672; x_wconf 83' lang='lat' dir='ltr'>suscipiatis]</span> <span class='ocrx_word' id='word_1_326' title='bbox 583 2632 710 2673; x_wconf 84' lang='lat' dir='ltr'>suscipi</span> <span class='ocrx_word' id='word_1_327' title='bbox 729 2633 799 2664; x_wconf 85' lang='lat' dir='ltr'>illis</span> <span class='ocrx_word' id='word_1_328' title='bbox 818 2636 902 2663; x_wconf 75' lang='lat' dir='ltr'>(mle</span> <span class='ocrx_word' id='word_1_329' title='bbox 921 2642 1012 2664; x_wconf 65' lang='lat' dir='ltr'>corr.</span> <span class='ocrx_word' id='word_1_330' title='bbox 1034 2632 1226 2663; x_wconf 49' lang='lat' dir='ltr'>illediceus.</span> <span class='ocrx_word' id='word_1_331' title='bbox 1408 2631 1446 2663; x_wconf 82' lang='lat'>17</span> <span class='ocrx_word' id='word_1_332' title='bbox 1467 2629 1624 2671; x_wconf 85' lang='lat' dir='ltr'>Magnum</span> 
     </span>
     <span class='ocr_line' id='line_1_37' title="bbox 142 2678 1625 2726; baseline 0.003 -16"><span class='ocrx_word' id='word_1_333' title='bbox 142 2678 335 2722; x_wconf 85' lang='lat' dir='ltr'>Pompeium</span> <span class='ocrx_word' id='word_1_334' title='bbox 354 2691 400 2711; x_wconf 83' lang='lat' dir='ltr'>m.</span> <span class='ocrx_word' id='word_1_335' title='bbox 417 2691 476 2722; x_wconf 83' lang='lat' dir='ltr'>pr.</span> <span class='ocrx_word' id='word_1_336' title='bbox 497 2686 531 2712; x_wconf 77' lang='lat' dir='ltr'>et</span> <span class='ocrx_word' id='word_1_337' title='bbox 550 2682 706 2722; x_wconf 82' lang='lat' dir='ltr'>Magnum</span> <span class='ocrx_word' id='word_1_338' title='bbox 727 2684 860 2726; x_wconf 87' lang='lat' dir='ltr'>Pompei</span> <span class='ocrx_word' id='word_1_339' title='bbox 881 2694 971 2715; x_wconf 73' lang='lat' dir='ltr'>corr.</span> <span class='ocrx_word' id='word_1_340' title='bbox 993 2683 1184 2716; x_wconf 70' lang='lat' dir='ltr'>Mediceus.</span> <span class='ocrx_word' id='word_1_341' title='bbox 1347 2683 1483 2715; x_wconf 88' lang='lat' dir='ltr'>scilicet</span> <span class='ocrx_word' id='word_1_342' title='bbox 1500 2683 1625 2715; x_wconf 80' lang='lat' dir='ltr'>Manu-</span> 
     </span>
     <span class='ocr_line' id='line_1_38' title="bbox 144 2732 1623 2775; baseline 0.003 -14"><span class='ocrx_word' id='word_1_343' title='bbox 144 2732 229 2771; x_wconf 73' lang='lat' dir='ltr'>tius,</span> <span class='ocrx_word' id='word_1_344' title='bbox 247 2732 384 2763; x_wconf 85' lang='lat' dir='ltr'>scilicet</span> <span class='ocrx_word' id='word_1_345' title='bbox 401 2732 637 2764; x_wconf 69' lang='lat' dir='ltr'>etMedz&#39;eens.</span> <span class='ocrx_word' id='word_1_346' title='bbox 779 2736 815 2767; x_wconf 73' lang='lat'>‘21</span> <span class='ocrx_word' id='word_1_347' title='bbox 834 2735 884 2765; x_wconf 79' lang='lat' dir='ltr'>his</span> <span class='ocrx_word' id='word_1_348' title='bbox 896 2735 1088 2766; x_wconf 75' lang='lat' dir='ltr'>Medic-eus.</span> <span class='ocrx_word' id='word_1_349' title='bbox 1231 2735 1272 2766; x_wconf 68' lang='lat'>26</span> <span class='ocrx_word' id='word_1_350' title='bbox 1286 2735 1379 2766; x_wconf 86' lang='lat' dir='ltr'>misit</span> <span class='ocrx_word' id='word_1_351' title='bbox 1396 2734 1437 2765; x_wconf 86' lang='lat' dir='ltr'>ad</span> <span class='ocrx_word' id='word_1_352' title='bbox 1454 2744 1504 2765; x_wconf 90' lang='lat' dir='ltr'>me</span> <span class='ocrx_word' id='word_1_353' title='bbox 1521 2732 1623 2775; x_wconf 51' lang='lat' dir='ltr'>cett]</span> 
     </span>
     <span class='ocr_line' id='line_1_39' title="bbox 145 2783 1478 2829; baseline 0.003 -15"><span class='ocrx_word' id='word_1_354' title='bbox 145 2783 202 2824; x_wconf 83' lang='lat' dir='ltr'>Cs.</span> <span class='ocrx_word' id='word_1_355' title='bbox 228 2784 331 2816; x_wconf 79' lang='lat' dir='ltr'>Caes.</span> <span class='ocrx_word' id='word_1_356' title='bbox 354 2784 384 2815; x_wconf 81' lang='lat' dir='ltr'>b.</span> <span class='ocrx_word' id='word_1_357' title='bbox 406 2787 475 2815; x_wconf 71' lang='lat' dir='ltr'>eiu.</span> <span class='ocrx_word' id='word_1_358' title='bbox 496 2785 523 2825; x_wconf 83' lang='lat' dir='ltr'>l,</span> <span class='ocrx_word' id='word_1_359' title='bbox 543 2785 598 2823; x_wconf 72' lang='lat'>26,</span> <span class='ocrx_word' id='word_1_360' title='bbox 619 2787 652 2818; x_wconf 76' lang='lat'>2.</span> <span class='ocrx_word' id='word_1_361' title='bbox 827 2786 867 2818; x_wconf 79' lang='lat'>27</span> <span class='ocrx_word' id='word_1_362' title='bbox 888 2786 976 2828; x_wconf 85' lang='lat' dir='ltr'>cum]</span> <span class='ocrx_word' id='word_1_363' title='bbox 997 2787 1051 2829; x_wconf 88' lang='lat' dir='ltr'>qui</span> <span class='ocrx_word' id='word_1_364' title='bbox 1071 2790 1154 2818; x_wconf 80' lang='lat' dir='ltr'>anlc</span> <span class='ocrx_word' id='word_1_365' title='bbox 1173 2797 1265 2819; x_wconf 75' lang='lat' dir='ltr'>corr.</span> <span class='ocrx_word' id='word_1_366' title='bbox 1286 2787 1478 2819; x_wconf 73' lang='lat' dir='ltr'>Mediceus.</span> 
     </span>
    </p>

    <p class='ocr_par' dir='ltr' id='par_1_9' title="bbox 142 2834 1626 2919">
     <span class='ocr_line' id='line_1_40' title="bbox 144 2834 1626 2880; baseline 0.003 -14"><span class='ocrx_word' id='word_1_367' title='bbox 144 2834 185 2866; x_wconf 88' lang='lat'>30</span> <span class='ocrx_word' id='word_1_368' title='bbox 203 2834 342 2877; x_wconf 78' lang='grc' dir='ltr'><em>κέκρικα</em></span> <span class='ocrx_word' id='word_1_369' title='bbox 361 2836 436 2868; x_wconf 79' lang='lat' dir='ltr'>eod.</span> <span class='ocrx_word' id='word_1_370' title='bbox 456 2836 625 2868; x_wconf 80' lang='lat' dir='ltr'>Lambini</span> <span class='ocrx_word' id='word_1_371' title='bbox 634 2850 645 2877; x_wconf 84' lang='grc'>,·</span> <span class='ocrx_word' id='word_1_372' title='bbox 672 2838 898 2870; x_wconf 78' lang='lat' dir='ltr'><em>KEKBIKA</em></span> <span class='ocrx_word' id='word_1_373' title='bbox 927 2839 1189 2871; x_wconf 69' lang='lat' dir='ltr'>Tornaesiauus</span> <span class='ocrx_word' id='word_1_374' title='bbox 1208 2843 1243 2871; x_wconf 76' lang='lat' dir='ltr'>et</span> <span class='ocrx_word' id='word_1_375' title='bbox 1259 2840 1459 2880; x_wconf 77' lang='lat' dir='ltr'>Medz‘eeus,</span> <span class='ocrx_word' id='word_1_376' title='bbox 1487 2840 1626 2873; x_wconf 87' lang='lat' dir='ltr'><em>KEKI-</em></span> 
     </span>
     <span class='ocr_line' id='line_1_41' title="bbox 142 2883 804 2919; baseline 0.005 -5"><span class='ocrx_word' id='word_1_377' title='bbox 142 2883 265 2916; x_wconf 85' lang='lat' dir='ltr'><em>BIKA</em></span> <span class='ocrx_word' id='word_1_378' title='bbox 287 2885 511 2918; x_wconf 71' lang='lat' dir='ltr'>Crasellinas</span> <span class='ocrx_word' id='word_1_379' title='bbox 530 2890 566 2918; x_wconf 77' lang='lat' dir='ltr'>ct</span> <span class='ocrx_word' id='word_1_380' title='bbox 583 2886 804 2919; x_wconf 75' lang='lat' dir='ltr'>decurtatus.</span> 
     </span>
    </p>
   </div>
   <div class='ocr_carea' id='block_1_6' title="bbox 1670 930 1710 963">
    <p class='ocr_par' dir='ltr' id='par_1_10' title="bbox 1670 930 1710 963">
     <span class='ocr_line' id='line_1_42' title="bbox 1670 930 1710 963; baseline -0.025 0"><span class='ocrx_word' id='word_1_381' title='bbox 1670 930 1710 963; x_wconf 90' lang='grc'>10</span> 
     </span>
    </p>
   </div>
   <div class='ocr_carea' id='block_1_7' title="bbox 1670 1268 1709 1301">
    <p class='ocr_par' dir='ltr' id='par_1_11' title="bbox 1670 1268 1709 1301">
     <span class='ocr_line' id='line_1_43' title="bbox 1670 1268 1709 1301; baseline 0 0"><span class='ocrx_word' id='word_1_382' title='bbox 1670 1268 1709 1301; x_wconf 84' lang='grc'>15</span> 
     </span>
    </p>
   </div>
   <div class='ocr_carea' id='block_1_8' title="bbox 1663 1607 1705 1640">
    <p class='ocr_par' dir='ltr' id='par_1_12' title="bbox 1663 1607 1705 1640">
     <span class='ocr_line' id='line_1_44' title="bbox 1663 1607 1705 1640; baseline 0.024 -1"><span class='ocrx_word' id='word_1_383' title='bbox 1663 1607 1705 1640; x_wconf 82' lang='lat'>20</span> 
     </span>
    </p>
   </div>
   <div class='ocr_carea' id='block_1_9' title="bbox 1659 1946 1700 1981">
    <p class='ocr_par' dir='ltr' id='par_1_13' title="bbox 1659 1946 1700 1981">
     <span class='ocr_line' id='line_1_45' title="bbox 1659 1946 1700 1981; baseline -0.049 0"><span class='ocrx_word' id='word_1_384' title='bbox 1659 1946 1700 1981; x_wconf 82' lang='lat'>25</span> 
     </span>
    </p>
   </div>
   <div class='ocr_carea' id='block_1_10' title="bbox 1655 2282 1697 2315">
    <p class='ocr_par' dir='ltr' id='par_1_14' title="bbox 1655 2282 1697 2315">
     <span class='ocr_line' id='line_1_46' title="bbox 1655 2282 1697 2315; baseline 0 0"><span class='ocrx_word' id='word_1_385' title='bbox 1655 2282 1697 2315; x_wconf 87' lang='grc'>30</span> 
     </span>
    </p>
   </div>
  </div>
 </body>
</html>
