1835 3240
64 923 103 954 10

62 1260 101 1292 15

59 1596 102 1630 20

60 2271 103 2304 30

718 186 1039 233 EPISTOLAE
1610 188 1694 231 767

137 316 217 350 tuin
241 307 363 347 ualuit
384 319 470 346 cum
494 312 605 345 uetus
627 305 814 355 amicitia,
830 318 944 357 quam
969 311 1008 343 tu
1030 315 1107 342 non
1128 300 1288 354 ignoras
1309 300 1401 340 mihi
1420 299 1619 353 etQuinto

136 375 250 416 fratri
272 389 358 414 eum
383 371 559 414 Caesare
581 373 721 418 fuisse,
750 379 829 411 tum
854 372 1076 411 humanitas
1099 369 1183 409 eius
1205 381 1250 408 ac
1272 367 1487 408 liberalitas
1509 369 1620 410 breui

136 451 309 497 tempore
333 449 371 482 et
392 442 534 481 litteris
557 448 596 481 et
617 440 752 479 officiis
776 447 979 493 perspecta
1001 438 1111 478 nobis
1135 443 1174 476 et
1196 436 1365 490 cognita.

251 510 365 550 Idem
387 508 484 548 ibid.
510 506 626 557 VII,
652 507 701 556 5,
727 507 778 546 3:
824 506 884 546 De
917 521 991 559 quo
1023 506 1089 545 tibi
1122 504 1277 544 homine
1307 503 1404 543 liaeo
1427 506 1616 557 spondeo,

141 593 218 618 non
239 578 307 617 illo
333 584 467 617 uetere
490 576 610 615 uerbo
634 588 735 624 meo,
757 574 872 627 quod,
891 589 975 613 eum
1000 575 1046 613 ad
1070 581 1106 613 te
1125 574 1170 612 de
1182 571 1334 612 Milone
1354 571 1617 624 scripsissem,

134 645 220 684 iure
243 644 398 693 lusisti,
433 644 501 683 sed
523 654 631 681 more
655 641 835 681 Romano
852 671 860 687 ,
887 656 961 694 quo
985 642 1097 681 modo
1121 640 1299 679 homines
1323 652 1400 678 non
1423 638 1541 691 inepti
1563 639 1621 679 lo-

136 719 328 764 quuntur:
354 710 574 765 probiorem
598 709 792 750 hominem
810 739 820 759 ,
845 709 1048 757 meliorem
1074 708 1216 755 uirum,
1242 705 1508 761 pudentiorem
1532 720 1619 747 esse

136 780 348 819 neminem.

789 847 850 898 (a.
876 840 967 896 55.)

250 915 336 956 Cic.
362 914 430 954 acl.
456 914 571 954 Fam.
597 913 634 963 I,
659 912 700 962 9,
725 911 805 953 20:
841 909 939 951 Cum
963 909 1171 963 Pompeius
1194 911 1248 950 ita
1271 911 1553 962 contendisset,
1578 918 1621 953 ut

137 982 231 1022 nihil
254 995 432 1034 umquam
456 982 602 1034 magis,
638 988 679 1020 ut
701 995 787 1020 eum
811 977 959 1019 Crasso
982 979 1151 1017 redirem
1173 978 1213 1017 in
1235 979 1424 1031 gratiam,
1451 977 1622 1020 Caesar-

137 1063 209 1102 que
241 1063 309 1102 per
338 1050 490 1088 litteras
522 1049 695 1088 maxima
726 1062 768 1088 se
799 1047 978 1087 molestia
1001 1060 1052 1086 ex
1074 1046 1141 1085 illa
1162 1046 1417 1086 contentione
1441 1047 1621 1088 affectum

135 1118 363 1158 ostenderet
384 1123 481 1156 cett.

791 1186 850 1234 (a.
875 1182 965 1237 54.)

250 1251 335 1292 Cic.
361 1251 418 1291 acl
436 1251 550 1292 Fam.
580 1250 696 1301 VII,
721 1250 771 1301 5,
796 1251 846 1290 ⁶2:
894 1250 994 1290 Cum
1027 1251 1073 1289 de
1105 1250 1177 1289 hoc
1209 1250 1293 1303 ipso
1314 1248 1503 1291 Trebatio
1535 1266 1621 1294 cum

134 1317 258 1359 Balbo
282 1326 417 1359 nostro
440 1319 624 1370 loquerer
644 1320 866 1359 accuratius
890 1319 991 1358 domi
1014 1331 1148 1366 meae,
1186 1318 1339 1358 litterae
1362 1319 1455 1359 mihi
1479 1320 1622 1361 dantur

135 1400 155 1426 a
180 1393 232 1436 te,
254 1387 391 1439 quibus
415 1387 455 1426 in
479 1387 669 1426 extremis
693 1388 879 1440 seriptum
905 1392 1012 1426 erat:
1037 1387 1066 1438 †
1090 1383 1164 1424 ίΜ.
1191 1386 1371 1436 itliuium,
1393 1401 1505 1439 quem
1529 1389 1620 1428 mihi

135 1454 398 1504 commendas,
425 1454 488 1494 uel
510 1468 641 1508 regem
666 1452 819 1494 Galliae
845 1455 999 1500 faciam,
1029 1453 1091 1493 uel
1114 1453 1214 1492 hunc
1236 1452 1388 1507 Leptae
1413 1455 1565 1509 delega,
1589 1458 1622 1497 si

136 1522 196 1562 uis
220 1529 285 1571 tu3
312 1523 358 1562 ad
381 1536 441 1562 me
463 1522 579 1562 alium
604 1523 729 1572 mitte,
755 1536 865 1575 quem
889 1521 1053 1562 ornem'.

252 1589 339 1629 Cic.
365 1591 423 1630 ad
447 1588 578 1643 (Lfi‘.
603 1590 664 1640 II,
690 1589 755 1640 15,
787 1592 831 1630 l:
867 1592 919 1629 A.
947 1590 983 1629 d.
1010 1596 1070 1629 llll
1092 1587 1204 1629 Non.
1229 1587 1338 1637 Iun.,
1359 1603 1432 1641 quo
1456 1590 1517 1631 die
1539 1590 1622 1632 Ro-

135 1671 236 1697 mam
268 1657 384 1707 ueni,
418 1657 550 1711 accepi
582 1665 666 1697 tuas
699 1659 853 1698 litteras
885 1658 994 1697 datas
1017 1656 1269 1707 Placentiae,
1305 1657 1444 1698 deinde
1475 1659 1621 1701 alteras

135 1726 322 1778 postridie
360 1726 468 1765 datas
491 1724 749 1766 Blandenone
772 1741 855 1766 cum
881 1725 1068 1766 Caesaris
1091 1725 1233 1765 litteris
1256 1726 1414 1765 refertis
1437 1727 1541 1766 omni
1565 1730 1623 1768 of-

136 1792 247 1842 ficio,
282 1793 510 1847 diligentia,
545 1795 759 1834 suauitate.
804 1792 906 1834 Sunt
936 1794 1012 1833 ista
1044 1793 1197 1846 quidem
1230 1806 1370 1847 magna
1398 1793 1463 1833 uel
1493 1796 1621 1848 potius

135 1861 332 1900 maxima:
370 1861 514 1901 habent
536 1862 637 1901 enim
662 1862 739 1901 uim
762 1876 943 1915 magnam
967 1862 1012 1901 ad
1036 1860 1199 1915 gloriam
1224 1867 1263 1899 et
1284 1861 1330 1900 ad
1352 1875 1541 1902 summam
1566 1864 1622 1903 di-

134 1928 339 1980 gnitatem.
377 1926 455 1968 Sed
480 1929 570 1968 mihi
595 1929 725 1977 crede,
741 1942 851 1980 quem
877 1930 994 1977 nosti,
1014 1930 1113 1982 quod
1137 1929 1174 1968 in
1198 1929 1284 1968 istis
1307 1929 1425 1969 rebus
1449 1944 1521 1983 ego
1540 1932 1623 1985 plu-

136 1995 224 2034 rimi
247 1995 435 2044 aestimo,
471 1995 506 2034 id
529 1996 602 2034 iam
628 1996 750 2035 liabeo
766 2026 775 2044 ,
808 2003 846 2035 te
876 1996 1026 2036 seilicet
1049 1997 1213 2048 primum
1237 2003 1314 2035 tam
1338 1996 1622 2039 inseruientem

137 2063 332 2103 communi
355 2063 558 2115 dignitati,
594 2064 734 2103 deiude
757 2060 944 2103 Caesaris
969 2070 1115 2102 tantum
1138 2064 1176 2102 in
1200 2077 1261 2103 me
1283 2077 1480 2114 amorem,
1511 2079 1623 2118 quem

137 2131 317 2171 omnibus
348 2131 395 2170 iis
430 2131 645 2171 honoribus
662 2161 671 2179 ‚
705 2145 802 2183 quos
835 2143 896 2170 me
918 2144 940 2169 a
962 2144 1005 2170 se
1028 2138 1242 2183 expectare
1263 2131 1371 2181 uult,
1405 2138 1619 2185 antepono.

135 2196 317 2238 Litterae
341 2212 433 2238 uero
458 2199 541 2239 eius
564 2213 641 2239 una
663 2200 776 2238 datae
799 2213 883 2238 cum
909 2199 1008 2248 tuis,
1035 2213 1195 2251 quarum
1218 2198 1372 2238 initium
1397 2206 1480 2249 est,
1507 2214 1622 2252 quam

135 2265 268 2305 suauis
292 2266 327 2305 ei
351 2273 441 2306 tuus
464 2267 656 2307 aduentus
680 2267 796 2306 fuerit
819 2273 859 2306 et
876 2267 1099 2306 recordatio
1119 2266 1264 2306 ueteris
1282 2266 1445 2316 amoris,
1464 2267 1618 2319 deinde,

136 2346 179 2373 se
209 2333 460 2383 effecturum,
495 2342 538 2374 ut
567 2349 639 2389 ego
662 2335 700 2374 in
725 2335 852 2375 medio
875 2334 1008 2374 dolore
1031 2348 1076 2374 ac
1100 2334 1293 2374 desiderio
1316 2333 1371 2374 tui
1394 2341 1457 2385 te,
1491 2350 1577 2376 cum
1600 2350 1622 2377 a

281 2472 299 2502 5
316 2472 368 2502 De
385 2471 521 2503 Milone
543 2472 668 2504 Cicero
686 2472 734 2504 od
755 2472 941 2504 Caesarem
963 2472 1108 2503 uidetur·
1124 2474 1331 2514 scripsisse,
1352 2475 1393 2504 ut
1410 2473 1513 2505 illius
1527 2477 1622 2516 petz·-

138 2524 271 2553 tionem
287 2527 479 2564 praeturae
498 2527 531 2555 ei
548 2525 821 2556 commendaret.
843 2523 937 2556 Nam
956 2534 1034 2555 eum
1048 2524 1138 2555 Milo
1153 2534 1245 2555 cinno
1262 2524 1303 2556 58
1316 2525 1539 2557 tribunatum
1555 2528 1624 2558 ini-

138 2576 218 2613 erit,
231 2584 323 2604 anno
343 2575 383 2607 53
399 2576 624 2607 consulatum
642 2579 798 2618 polim-st,
808 2580 1064 2617 praetermitto
1078 2576 1253 2618 55ftierit
1264 2587 1399 2608 neeesse
1411 2581 1477 2609 est.

140 2624 180 2656 12
199 2634 238 2655 ex
258 2624 317 2655 illa
336 2626 569 2668 contentione]
592 2628 775 2659 Ciceronis
794 2637 872 2658 eum
894 2628 1042 2666 Crasso,
1065 2637 1141 2658 cum
1162 2628 1221 2658 lzie
1241 2627 1429 2659 Gabinium
1448 2639 1524 2659 eum
1545 2640 1622 2661 ron-

139 2676 285 2707 tzimelia
308 2675 490 2707 Ciceronis
508 2677 738 2718 defendis-seb.
926 2677 962 2709 17
983 2688 1026 2708 m.
1047 2677 1189 2709 itfiuiuin
1207 2678 1409 2718 Medicam,-
1427 2677 1472 2709 M.
1494 2678 1620 2712 Orflum

139 2726 333 2765 Victorius,
349 2724 394 2757 M.
408 2725 547 2758 Furium
563 2728 776 2769 Cratander,
793 2726 836 2760 M.
850 2727 972 2759 Rufum
984 2729 1168 2770 ‘antiquus
1181 2729 1280 2761 liber’
1293 2729 1618 2771 apmlsslanutz'um.

281 2778 318 2811 21
343 2778 540 2810 Placentiae
559 2780 749 2821 Mediceas,
776 2780 953 2811 Placentia
971 2779 1023 2811 ed.
1047 2780 1186 2812 Orellz'i.
1325 2781 1369 2815 22
1385 2781 1618 2825 Blandenone]

139 2831 254 2862 Laude
272 2830 378 2863 Nonis
396 2831 577 2873 Sigonius.
739 2833 782 2867 23
802 2832 951 2876 quidem]
972 2832 1028 2864 uel
1046 2833 1129 2866 add.
1148 2832 1341 2865 Medicam.
1507 2835 1549 2869 28
1568 2835 1619 2867 his

139 2882 331 2915 Medz'ceus.
