1835 3240
716 163 1112 203 *87—

175 276 277 314 sicut
300 274 449 326 palmae
475 273 652 325 ramique
676 274 754 314 late
767 275 1061 315 diffundunmr*.
1089 274 1238 315 Notum
1263 284 1323 316 est
1345 278 1496 320 dicendi
1519 295 1658 334 genus,

174 355 247 393 quo
261 342 416 395 proprio
433 341 624 382 uocabulo
638 342 784 381 omisso
804 343 1027 396 figuratum,
1044 344 1106 383 eui
1128 344 1222 383 illud
1241 353 1503 398 comparatur,
1517 350 1663 390 substi-

177 410 322 450 tuitur:
356 410 396 449 in
430 424 504 463 qua
536 423 580 449 re
602 409 678 449 etsi
702 410 918 463 particulae
945 412 1167 464 ‘tamqnam’
1192 418 1231 451 et
1255 412 1394 464 ‘quasi'
1417 416 1573 468 saepius
1596 432 1662 470 po-

174 485 340 527 nuntur,
377 485 506 518 tamen
541 476 673 517 ‘sicut'
703 478 848 530 legitur
871 479 984 518 etiam
1007 480 1106 532 apud
1130 476 1217 519 Cic.
1244 480 1290 520 de
1312 480 1465 520 inuent.
1491 480 1545 531 ΙΙ,
1572 483 1612 532 3,
1637 484 1664 522 8

175 546 325 585 ‘exilis
349 545 495 584 duabus
518 545 688 585 diuersis
717 546 830 585 sicuti
861 547 1046 586 familiis’.
1096 548 1160 586 Ab
1192 562 1342 587 summo
1367 548 1489 601 igitur
1520 564 1660 601 cornu,

172 613 274 666 quod
297 613 440 667 stipitis
463 613 590 653 locum
615 613 787 663 obtinet,
824 615 933 667 quasi
965 615 1115 667 palmae
1136 615 1312 667 ramique
1344 616 1506 656 diss'undi
1529 618 1663 658 (licun-

174 689 251 721 tur.
305 680 409 721 Nam
444 688 483 721 et
511 682 641 734 plures
674 682 823 735 palmae
846 690 964 730 sunt,
996 696 1080 721 cum
1103 681 1129 721 ii
1151 683 1274 730 rami,
1311 683 1373 736 qui
1397 697 1421 723 a
1441 684 1571 738 stipite
1595 700 1664 725 na-

171 757 358 800 seuntur,
384 763 522 789 rursus
545 749 643 789 alios
666 765 796 790 ramos
819 750 1020 798 emittant,
1047 757 1085 789 et
1106 749 1256 803 palmae
1278 766 1357 791 non
1379 752 1530 805 quidem
1554 753 1664 807 ipsae

173 831 241 870 per
263 831 320 866 se,
346 818 413 857 sed
436 832 522 857 cum
544 818 663 858 ramis
686 819 920 858 coniunctae
943 819 1021 858 late
1044 818 1326 860 diffunduntur.

283 883 332 926 C.
357 883 426 933 43,
450 886 474 925 4
497 886 537 925 in
560 887 672 926 codd.
695 887 791 926 baec
813 886 961 939 scripta
983 893 1097 925 sunt:
1126 887 1202 927 ‘Ac
1225 902 1341 941 saepe.
1364 888 1402 928 in
1427 902 1512 928 eum
1535 889 1664 929 locum

171 961 330 994 uentum
356 961 415 994 est
438 960 544 993 tanto
566 954 606 993 in
629 968 765 994 omnes
789 961 920 1008 partes
944 954 1071 994 diuiso
1092 955 1283 1007 equitatu,
1308 963 1350 996 ut
1373 971 1450 996 non
1473 957 1586 997 modo
1604 958 1663 997 ui-

169 1036 254 1062 sum
287 1021 332 1061 ab
366 1036 410 1062 se
440 1022 709 1076 Ambiorigem
742 1023 780 1062 in
806 1024 894 1077 fuga
917 1023 1268 1076 circumspicerent
1289 1025 1429 1077 captiui
1454 1039 1526 1065 nee
1549 1026 1663 1079 plane

169 1091 284 1130 etiam
317 1090 446 1130 abisse
479 1104 531 1130 ex
563 1098 776 1145 conspectu
806 1091 1121 1140 contenderent’,
1156 1099 1251 1131 cett.
1305 1092 1381 1133 Hic
1416 1098 1512 1133 ‘non
1534 1092 1663 1133 modo'

169 1158 215 1198 ab
239 1172 284 1198 eo
309 1159 472 1211 positum
497 1173 586 1199 esse
608 1168 783 1213 apparet,
803 1159 867 1212 qui
886 1173 1166 1213 responsurum
1185 1159 1245 1200 his
1268 1160 1410 1213 aliquid
1432 1162 1471 1201 in
1494 1176 1661 1214 sequen-

171 1227 272 1267 tibus
294 1227 425 1267 uerbis
449 1227 698 1267 existimaret
720 1241 860 1280 neque,
896 1229 1088 1281 quomodo
1111 1229 1237 1269 solum
1272 1230 1415 1269 ‘modo'
1446 1231 1661 1283 diceretur,

170 1296 436 1347 intellegeret.
488 1293 625 1347 Itaque
660 1295 767 1335 ‘non'
801 1303 909 1335 reete
938 1296 978 1335 in
1000 1296 1108 1336 And.
1141 1304 1179 1337 et
1201 1294 1337 1337 Oxou.
1369 1298 1562 1338 sublatum
1586 1306 1660 1340 est.

171 1361 250 1403 Sed
280 1377 350 1402 cur
372 1376 506 1402 omues
530 1362 804 1402 vascosanum
835 1364 962 1404 secuti
996 1365 1394 1418 ‘circumspicerent'
1426 1367 1661 1419 deleuerint,

173 1432 351 1471 idoneam
382 1445 539 1470 causam
575 1445 652 1470 non
685 1431 856 1482 reperio.
912 1428 1068 1484 Captiui
1094 1433 1197 1472 enim
1218 1432 1514 1487 Ambiorigem,
1548 1449 1662 1487 quem

173 1499 286 1538 modo
310 1499 525 1546 uidissent,
559 1498 688 1538 subito
718 1512 738 1537 e
762 1505 973 1551 conspeetu
1007 1499 1178 1539 ablatum
1203 1508 1284 1541 toto
1312 1502 1476 1542 circuitu
1497 1503 1663 1542 circum-

169 1567 258 1607 latis
281 1567 402 1605 oculis
425 1564 665 1618 quaerebant
687 1565 923 1615 mirabundi,
945 1579 1020 1617 quo
1041 1570 1303 1619 peruenisset,
1329 1584 1455 1622 neque
1472 1569 1580 1610 abire
1597 1585 1664 1624 po-

170 1635 293 1675 tuisse
316 1634 387 1674 sibi
411 1634 482 1686 ip<i
506 1633 738 1673 credentes:
765 1640 801 1672 et
827 1633 984 1673 hercule
1007 1635 1220 1675 etiamnum
1243 1650 1285 1676 se
1309 1651 1397 1676 eum
1420 1638 1556 1677 nidere
1579 1638 1662 1678 lon-

168 1702 311 1757 ginquo
334 1703 461 1754 aliquo
484 1701 570 1740 loco
594 1700 901 1740 contendebant.
956 1700 1088 1754 Atque
1116 1704 1253 1743 eodem
1287 1705 1401 1744 inodo
1435 1706 1663 1760 circumspi-

169 1783 259 1810 cere
291 1769 432 1821 aliquid
450 1800 460 1818 ,
492 1776 535 1808 ut
556 1768 907 1822 circumspiciendo
930 1770 1066 1821 quaeri
1089 1770 1232 1824 aliquid
1256 1773 1495 1825 signiticaret
1515 1805 1524 1823 ,
1563 1774 1665 1827 quod

169 1852 241 1878 nos
264 1838 427 1877 dicimus
461 1836 559 1876 ‘sich
581 1836 682 1876 nach
705 1844 829 1877 etwas
854 1838 1049 1887 umsebu',
1089 1836 1243 1879 Caesar
1274 1840 1376 1880 dixit
1407 1841 1492 1881 bor.
1519 1856 1660 1882 comm.

170 1904 244 1954 VI,
280 1904 321 1953 5,
357 1904 381 1944 3
421 1905 589 1957 ‘reliqna
628 1905 713 1945 eius
757 1905 922 1945 consilia
959 1905 1090 1945 animo
1121 1907 1501 1961 circumspiciebat':
1537 1923 1662 1962 neque

170 1971 438 2013 euimCaesar
451 1972 694 2025 Ambiorigis
718 1973 882 2013 consilia
906 1973 1066 2013 tenebat
1087 1981 1126 2014 et
1147 1976 1428 2029 perpendebat,
1453 1978 1538 2027 sed,
1564 1992 1664 2031 quae

170 2054 258 2080 esse
281 2047 458 2093 possent,
493 2040 741 2093 anquirebat.
795 2039 908 2093 Quae
930 2042 1051 2082 uerba
1075 2050 1118 2082 ut
1140 2043 1216 2083 alia
1238 2044 1405 2085 aliorum
1427 2045 1662 2100 scriptorum

169 2108 297 2148 alieno
320 2108 406 2148 loco
430 2122 452 2148 a
473 2107 715 2149 Forcellinio
738 2110 929 2150 collocata
951 2118 1058 2150 sunt.
1093 2109 1243 2151 Eadem
1273 2112 1580 2165 significatione,
1605 2121 1663 2154 at-

169 2190 242 2229 que
264 2176 363 2229 apud
387 2173 602 2217 Caesarem
626 2179 802 2227 ostendi,
839 2179 1001 2218 uerbum
1025 2179 1118 2218 illud
1143 2180 1309 2232 positum
1343 2188 1404 2221 est
1434 2196 1456 2221 a
1480 2178 1567 2221 Cio.
1594 2196 1663 2235 pro

169 2242 307 2296 Quint.
333 2243 403 2292 31,
426 2243 495 2285 96.
522 2245 568 2285 (16
589 2246 666 2299 leg.
694 2260 779 2299 agr.
804 2245 836 2294 l,
863 2246 904 2297 8,
929 2246 1007 2297 233
1034 2245 1132 2287 Sall.
1157 2247 1196 2287 in
1220 2257 1320 2289 orat.
1337 2248 1506 2303 Philippi
1531 2250 1666 2303 p.220

167 2319 206 2352 et
226 2311 370 2353 Cottae
393 2328 428 2366 p.
455 2311 538 2353 246
560 2314 620 2353 6(1.
647 2313 778 2364 Gerl.;
807 2312 930 2368 Verg.
958 2315 1061 2354 Aen.
1087 2313 1186 2365 XII,
1212 2316 1322 2366 8963
1349 2316 1467 2358 Ouid.
1493 2316 1659 2358 Metam.

168 2379 222 2428 V,
246 2380 325 2430 713
361 2378 457 2421 Sen.
492 2381 607 2434 epist.
644 2380 720 2431 Ill,
748 2382 768 2422 1
794 2383 866 2436 (22
891 2415 901 2434 ,
925 2383 977 2434 23
1019 2382 1118 2424 Tac.
1144 2398 1237 2424 ann.
1261 2382 1382 2436 XIV,
1407 2384 1485 2438 353
1518 2385 1659 2427 lustin.

170 2446 223 2495 II,
250 2448 317 2499 12,
340 2448 410 2489 26.
436 2446 600 2500 XXXI,
628 2449 665 2499 1,
691 2448 732 2491 8.

285 2582 379 2624 Lib.
412 2583 507 2634 VII,
542 2584 566 2625 3
600 2586 697 2626 haee
730 2587 939 2640 leguntur:
987 2587 1081 2629 ‘Vbi
1114 2591 1161 2629 'ea
1193 2589 1275 2629 dies
1304 2591 1438 2641 uenit,
1464 2588 1663 2631 Carnutes

175 2648 342 2692 Cotuato
366 2659 405 2692 ct
427 2650 714 2695 Conetodunno
738 2656 916 2705 ducibus,
943 2657 1162 2710 desperatis
1185 2658 1406 2699 hominibus
1422 2691 1431 2708 ,
1458 2657 1663 2698 Genabum

175 2718 287 2771 signo
305 2720 393 2759 dato
416 2726 686 2763 concurrunt'.
739 2723 894 2764 llirtius
919 2723 1031 2774 VIII,
1057 2725 1125 2775 38,
1152 2725 1176 2765 3
1198 2725 1269 2776 ita,
1302 2733 1345 2765 ut
1365 2726 1412 2766 ad
1436 2727 1538 2766 hunc
1561 2724 1663 2767 Cae-

175 2786 275 2825 saris
298 2787 422 2827 locum
444 2791 628 2843 respiciat
650 2792 726 2843 (sic
748 2792 849 2831 euim
875 2793 1034 2833 scribitt
1080 2791 1196 2833 ‘Cum
1228 2794 1269 2833 in
1302 2791 1499 2833 Carnutes
1531 2794 1663 2834 uenis-

176 2861 258 2903 set,
294 2869 458 2907 quorum
485 2858 527 2898 in
558 2859 720 2901 ciuitate
751 2861 955 2915 superiore
986 2862 1269 2903 commentario
1298 2859 1452 2903 Caesar
1479 2862 1664 2916 exposuit
