1835 3240
559 159 742 205 COMM.
765 160 846 203 1111
878 159 1002 204 CAP.
1031 161 1082 203 19
1095 162 1229 203 —21.
1623 165 1706 209 339

154 280 201 321 lis
224 275 399 318 hostibus
421 275 568 316 nostris
602 275 691 316 inde
713 275 1022 316 sumministrata
1044 275 1195 315 auxilia
1215 275 1471 330 intellegebat
1501 286 1563 329 et,
1598 280 1631 321 si
1651 279 1679 321 2

153 353 302 398 tempus
325 343 417 383 anui
439 343 487 383 ad
508 343 649 384 bellum
671 344 886 397 gerendum
910 344 1110 390 deficeret,
1136 349 1267 383 tamen
1290 357 1430 396 magno
1453 345 1526 384 sibi
1545 348 1632 387 usui

154 413 238 452 fore
259 410 540 461 arbitrabatur,
566 412 598 451 si
621 412 735 452 modo
757 412 924 451 insulam
947 411 1096 451 adisset
1117 417 1156 451 et
1178 424 1303 464 genus
1326 409 1523 451 hominum
1547 427 1633 465 per-

152 478 366 533 spexisset,
392 478 492 529 loca,
519 486 670 533 portus,
695 478 823 518 aditus
847 478 1126 532 cognouisset3
1152 492 1249 531 quae
1272 478 1401 518 omnia
1415 479 1496 519 fere
1509 478 1634 521 Gallis

105 554 123 585 5
154 553 267 587 erant
288 546 504 600 incognita.
567 544 709 598 Neque
731 545 833 586 enim
859 552 1005 585 temere
1028 552 1185 599 praeter
1206 553 1448 586 mercatores
1469 547 1535 586 illo
1557 548 1637 587 adit
1658 548 1683 588 3

151 613 372 666 quisquam,
398 628 522 667 neque
545 614 592 654 iis
614 612 711 667 ipsis
735 612 939 668 quiequam
963 620 1121 666 praeter
1142 627 1251 653 oram
1264 613 1495 654 maritimam
1518 623 1636 668 atque

151 695 221 721 eas
242 682 445 735 regiones,
471 694 569 734 quae
591 687 684 720 sunt
706 687 844 720 contra
867 678 1033 730 Gallias,
1058 687 1192 720 notum
1215 687 1289 721 est.
1324 678 1462 734 Itaque
1484 684 1635 724 uocatis
1657 684 1684 724 4

151 749 199 789 ad
221 763 264 790 se
286 749 454 802 undique
476 748 760 788 mercatoribus
783 761 909 801 neque
932 755 1075 801 quanta
1096 755 1203 788 esset
1223 748 1374 789 insulae
1391 750 1634 803 magnitudo,

152 830 278 869 neque
301 831 399 870 quae
427 823 496 856 aut
526 823 695 869 quantae
728 815 911 856 nationes
942 816 1188 865 incolerent,
1223 830 1347 869 neque
1378 831 1491 870 quem
1524 832 1636 859 usum

78 891 119 923 10
149 884 242 924 belli
264 884 453 925 haberent
474 890 540 923 aut
561 883 699 936 quibus
721 884 915 924 institutis
938 890 1167 933 uterentur,
1200 898 1326 937 neque
1348 885 1412 937 qui
1434 893 1568 926 esseut
1588 887 1637 926 ad

155 952 345 991 maiorum
376 951 535 992 nauium
576 952 860 993 multitudinem
894 951 1025 992 idonei
1056 959 1219 1007 portus,
1254 953 1431 1005 reperire
1465 960 1633 1007 poterat.

149 1019 214 1058 Ad
237 1019 332 1059 haec
356 1020 654 1073 cognoscenda,
680 1020 904 1072 priusquam
927 1018 1115 1072 periclum
1140 1019 1314 1068 faceret,
1345 1020 1528 1061 idoneum
1552 1035 1640 1063 esse
1661 1023 1711 1067 21

152 1085 363 1127 arbitratus
396 1085 536 1127 Gaium
568 1086 816 1129 Volusenum
845 1100 933 1126 cum
964 1087 1058 1127 naui
1090 1087 1206 1141 longa
1237 1087 1469 1141 praemittit.
1532 1088 1635 1130 Huic
1657 1091 1684 1132 2

152 1155 326 1204 mandat,
352 1161 393 1194 ut
415 1155 632 1209 exploratis
655 1155 835 1195 omnibus
858 1154 976 1195 rebus
999 1155 1046 1194 ad
1067 1168 1110 1195 se
1133 1169 1247 1208 quam
1272 1155 1437 1209 primum
1459 1165 1638 1197 reuerta-

79 1229 119 1261 15
152 1229 227 1262 tur.
272 1220 361 1276 Ipse
384 1237 470 1262 cum
495 1222 673 1262 omnibus
696 1222 819 1275 copiis
842 1222 881 1262 in
903 1221 1087 1262 Morinos
1111 1222 1388 1276 proficiscitur,
1424 1224 1526 1276 quod
1547 1224 1638 1264 inde
1661 1225 1685 1265 3

153 1296 238 1329 erat
259 1289 514 1330 breuissimus
537 1290 578 1330 in
599 1289 849 1330 Britanniam
873 1291 1074 1331 traiectus.
1139 1289 1227 1330 Huc
1249 1305 1370 1331 naues
1394 1291 1564 1345 undique
1587 1306 1640 1333 ex
1661 1293 1687 1332 4

154 1356 328 1397 finitimis
358 1358 586 1411 regionibus
618 1364 657 1398 et
684 1372 797 1410 quam
829 1359 1034 1411 superiore
1056 1365 1208 1398 aestate
1230 1359 1277 1398 ad
1300 1357 1535 1400 Veneticum
1557 1360 1639 1400 bel-

154 1425 233 1464 lum
257 1425 442 1465 effecerat
463 1426 627 1465 classem
650 1425 755 1466 iubet
785 1425 1016 1466 conuenire.
1070 1424 1231 1466 Interim
1266 1428 1432 1467 consilio
1465 1428 1550 1468 eius
1573 1443 1639 1469 co-
1661 1426 1685 1468 5

156 1493 264 1545 guito
288 1499 326 1532 et
348 1506 416 1545 per
437 1500 678 1534 mercatores
701 1493 850 1547 perlato
874 1494 921 1533 ad
936 1491 1152 1534 Britannos
1166 1508 1188 1534 a
1211 1495 1462 1548 conpluribus
1485 1495 1639 1537 insulae

79 1567 122 1600 20
155 1560 379 1600 ciuitatibus
402 1561 450 1600 ad
472 1575 558 1600 eum
580 1561 698 1613 legati
722 1561 901 1610 ueniunt,
927 1561 991 1613 qui
1014 1562 1275 1615 polliceantur
1292 1562 1450 1603 obsides
1467 1563 1559 1604 dare
1580 1571 1640 1604 at·

154 1640 228 1679 que
249 1626 414 1679 imperio
437 1628 564 1680 populi
586 1627 758 1667 Romani
781 1628 1069 1682 obtemperare.
1123 1627 1276 1681 Quibus
1299 1630 1443 1670 auditis
1465 1631 1639 1672 liberali·
1660 1631 1687 1673 6

155 1701 217 1734 ter
238 1694 432 1747 pollicitus
455 1695 729 1748 hortatusque,
756 1702 798 1735 ut
819 1696 858 1735 iu
880 1709 923 1736 ea
947 1696 1145 1736 sententia
1168 1705 1461 1750 permanerent,
1486 1712 1554 1739 eos
1574 1700 1641 1740 do-

153 1776 257 1802 mum
279 1762 445 1802 remittit
467 1769 506 1803 et
527 1777 612 1803 cum
634 1762 682 1802 iis
707 1777 783 1802 una
807 1761 1043 1813 Commium,
1070 1777 1182 1817 quem
1205 1765 1287 1818 ipse
1300 1764 1556 1806 Atrebatibus
1577 1781 1642 1808 su-
1662 1767 1689 1808 7

156 1830 302 1883 peratis
324 1843 456 1883 regem
479 1830 532 1870 ibi
555 1831 833 1881 constituerat,
859 1831 970 1872 cuius
994 1839 1033 1871 et
1056 1832 1239 1872 uirtutem
1263 1840 1301 1873 et
1323 1833 1529 1874 consilium
1551 1849 1642 1888 pro-

79 1905 122 1939 25
154 1898 270 1939 habat
291 1905 331 1937 et
352 1912 464 1950 quem
487 1898 562 1938 sibi
584 1899 735 1939 fidelem
757 1913 847 1940 esse
876 1900 1143 1940 arbitrabatur
1158 1931 1168 1951 ,
1204 1902 1392 1953 cuiusque
1424 1902 1640 1943 auctoritas

155 1965 197 2006 in
219 1966 278 2007 his
302 1965 530 2019 regionibus
563 1967 693 2021 magui
716 1967 954 2018 habebatur,
992 1968 1124 2008 mittit.
1189 1967 1291 2009 Huic
1322 1969 1509 2024 imperat,
1545 1984 1640 2024 quas
1662 1969 1689 2012 8

302 2127 317 2159 1
339 2127 610 2159 suluministrata
633 2128 672 2159 B.
834 2130 855 2163 2
875 2129 1053 2162 defecerat
1072 2130 1090 2161 b
1106 2140 1134 2161 c.
1319 2129 1337 2161 3
1357 2134 1390 2160 et
1407 2139 1511 2171 genus
1531 2130 1645 2163 ABE

159 2177 362 2219 ‘plerique'5
384 2189 503 2219 genus,
522 2181 654 2221 omisso
674 2185 721 2219 et,
741 2181 838 2222 esu.
1028 2184 1045 2214 5
1061 2182 1119 2213 illo
1140 2182 1212 2213 adit
1225 2184 1337 2222 pallei
1354 2182 1457 2224 dett„
1478 2183 1538 2215 illo
1557 2184 1644 2216 adiit

156 2229 362 2268 ABCDE;
385 2230 471 2261 ‘adit
488 2229 566 2262 illos
587 2231 645 2261 uel
660 2231 738 2262 illos
758 2232 828 2264 adit
850 2232 900 2273 b',
922 2233 994 2264 adit
1012 2233 1054 2264 ad
1074 2234 1153 2265 illos
1174 2233 1277 2274 eset
1295 2233 1430 2275 {forsan
1450 2235 1496 2267 (λ’.

156 2281 175 2312 ὅ
196 2291 302 2323 neque
321 2281 349 2313 is
367 2283 415 2322 E,
436 2293 543 2324 neque
563 2283 663 2325 hiss.
796 2284 814 2316 7
835 2284 966 2317 Gallias
985 2286 1060 2317 AB
1076 2285 1187 2317 CDE
1203 2286 1275 2326 es,
1296 2284 1442 2318 Galliam
1459 2297 1496 2319 a.

157 2332 289 2363 uocatis
307 2332 380 2363 AB
395 2333 525 2373 CDE,
546 2334 701 2365 euocatis
721 2345 741 2366 α
756 2335 849 2377 bes.
1014 2336 1034 2367 S
1054 2336 1201 2377 undique
1219 2346 1287 2367 om.
1312 2336 1353 2368 C.
1540 2339 1579 2372 10
1598 2340 1640 2371 ad

160 2384 319 2415 maiorem
337 2385 385 2424 E,
408 2385 447 2416 ad
466 2386 607 2418 maioris
628 2387 687 2417 bc.
893 2388 929 2419 11
953 2388 1124 2428 nauigium
1146 2389 1163 2419 b
1178 2398 1214 2427 e,
1237 2388 1495 2431 nauigiorums.

299 2436 527 2468 multitudiuis
548 2437 623 2468 boe
641 2441 685 2477 et,
706 2440 879 2478 quiem-1¹.
899 2448 968 2469 sec.
989 2449 1035 2470 m.
1056 2438 1349 2480 111ultitudines,f.
1520 2451 1641 2484 reppe-

164 2484 220 2514 riri
239 2485 288 2524 A,
310 2486 454 2528 reperiri
475 2488 532 2519 bc.
678 2489 718 2522 12
736 2490 899 2532 periclum
919 2490 950 2520 A
967 2494 1005 2521 et
1019 2501 1065 2522 m.
1082 2501 1141 2532 pr.
1162 2491 1204 2522 B.
1371 2491 1410 2523 13
1431 2490 1550 2525 Gaium
1570 2495 1642 2526 AB

166 2536 294 2577 CDE,
315 2537 435 2580 C.su.
580 2549 666 2571 naue
688 2541 719 2572 b.
870 2541 907 2573 14
928 2546 965 2573 ut
983 2542 1055 2574 BE
1071 2541 1149 2573 edd.
1169 2545 1253 2573 ante
1271 2552 1314 2582 u,
1334 2542 1383 2573 uti
1402 2542 1637 2587 (Awssbfu.

303 2588 404 2620 rebus
423 2600 492 2622 om.
512 2590 558 2622 D.
703 2591 742 2623 Ῑῦ
763 2591 947 2623 Britaniam
967 2593 1009 2624 B.
1156 2593 1194 2626 18
1214 2593 1343 2625 fecerat
1362 2595 1486 2635 eset,
1508 2595 1563 2626 ‘ut
1575 2606 1640 2636 pn-

164 2641 218 2675 to,
241 2638 348 2669 bcd'.
483 2641 521 2673 19
542 2641 700 2673 Britanos
719 2642 761 2674 B.
904 2644 1124 2686 conpluribus
1142 2644 1186 2676 B.
1333 2644 1468 2676 insulae
1486 2645 1517 2677 B
1531 2646 1643 2677 CDE

165 2688 368 2730 ‘pler-z'qae',
388 2691 460 2723 eius
478 2692 610 2724 insulae
631 2694 715 2734 (Απ)
729 2696 825 2736 ?su.
966 2695 1009 2729 20
1028 2696 1276 2738 pollicerentur
1296 2698 1369 2728 boe
1508 2698 1552 2731 22
1571 2698 1640 2740 pol-

163 2740 288 2770 licctut·
307 2740 336 2769 b.
505 2753 562 2774 eos
582 2754 649 2774 om.
671 2755 718 2776 m.
735 2755 793 2787 pr.
818 2746 858 2778 (s.
1037 2747 1079 2780 23
1099 2758 1173 2779 cum
1192 2747 1234 2779 iis
1251 2748 1326 2780 AB
1342 2748 1474 2788 CDE,
1495 2758 1567 2779 cum
1587 2748 1638 2780 his

154 2792 224 2832 su.
406 2793 448 2824 25
467 2804 542 2826 esse
562 2805 630 2826 om.
650 2797 726 2829 Ea.
927 2800 969 2831 26
989 2799 1039 2831 his
1060 2800 1146 2842 As,
1169 2800 1233 2832 hiis
1251 2801 1300 2841 E,
1323 2800 1350 2831 is
1370 2801 1399 2831 J}
1416 2800 1455 2831 C.

166 2842 275 2882 magni
295 2841 366 2873 AB
383 2841 581 2887 CEahce,
603 2848 769 2889 magnas.
