1835 3240
679 173 1105 215 ——183—

145 292 307 347 perieris
330 289 478 330 ordinis
497 288 673 329 homines
696 287 814 327 etiam
836 287 990 327 ratione
1013 286 1170 327 adducti
1202 285 1236 325 id
1261 286 1464 326 consilium
1488 288 1626 340 proba-

143 361 251 400 bant.
294 356 404 410 Quae
436 357 664 410 excipiunt,
698 355 756 395 sic
779 355 1020 396 edebantur:
1059 351 1228 394 ‘Contra
1260 367 1304 393 ea
1330 350 1481 393 Caesar
1502 368 1627 407 neque

142 427 238 467 satis
259 426 446 465 militibus
470 423 690 479 perterritis
714 423 932 463 confidebat
953 422 1196 476 spatiumque
1227 421 1551 474 interponendum
1582 423 1629 461 ad

139 494 378 534 recreandos
410 493 561 533 animos
593 491 776 545 putabat,
818 491 1047 543 relictisque
1077 489 1360 529 munitionibus
1392 502 1629 541 magnopere

141 562 199 601 rei
222 562 501 601 frumentariae
524 558 714 600 timebat'.
752 557 945 599 Extrema
970 558 1090 598 uerba
1114 572 1199 598 cum
1223 571 1245 596 a
1266 555 1534 610 superioribus
1552 569 1630 595 non

139 630 341 670 intellecta
372 636 487 682 atque
516 629 613 669 adeo
644 634 830 680 corrupta
862 626 1089 667 existimata
1118 630 1278 674 e'ssent,
1316 631 1424 664 recte
1455 621 1631 663 Iurinius

140 698 290 737 monuit
310 697 469 737 relictas
491 695 733 736 munitiones
757 708 823 735 eas
846 694 936 744 dici,
969 695 1107 747 quibus
1132 690 1284 734 Caesar
1304 690 1533 745 Pompeium
1557 690 1632 730 cir-

142 765 464 806 cumuallauerat.
510 762 620 816 Quas
654 777 738 803 cum
773 763 833 803 hic
865 762 1106 816 perrupisset
1138 775 1265 813 neque
1296 760 1370 800 iam
1394 771 1630 812 permagnus

141 833 225 873 eius
248 833 444 886 equitatus
466 833 641 873 inclusus
665 838 884 880 teneretur,
922 830 1048 870 libere
1070 828 1274 883 pabulandi
1299 835 1336 868 et
1368 824 1630 867 frumentandi

140 902 252 954 copia
267 899 433 941 Caesari
457 907 539 941 erat
553 906 703 953 erepta.
739 895 817 938 Sed
831 899 868 939 iu
884 896 976 938 Par.
991 911 1072 939 sec.
1090 904 1128 936 et
1144 895 1260 937 Leid.
1275 910 1333 949 pr.
1348 894 1631 948 compluribus-

139 984 213 1022 que
236 968 497 1009 deterioribus
521 968 632 1007 codd.
657 966 760 1025 ‘que'
783 966 979 1020 particula
994 997 1004 1015 ,
1029 980 1127 1019 quae
1140 964 1340 1019 participio
1363 963 1542 1003 ‘relictis'
1565 962 1632 1001 ad-

135 1038 240 1078 iecta
263 1044 337 1086 est,
363 1051 442 1077 non
463 1036 622 1089 legitur.
664 1033 803 1087 Itaque
825 1035 988 1075 eundem
1014 1031 1205 1077 Iurinium
1227 1038 1385 1073 secutus
1410 1036 1463 1070 ‘et
1483 1030 1631 1070 relictis

139 1105 443 1145 munitionibus'
479 1103 615 1158 posui,
649 1103 737 1156 quia
770 1103 951 1158 proxima
982 1101 1165 1155 superior
1195 1099 1415 1141 enuntiatio
1448 1097 1632 1138 enclitica

139 1172 329 1225 particula
359 1173 611 1226 adiungitur,
655 1187 730 1225 quo
763 1178 943 1212 extrema
983 1170 1106 1210 uerba
1135 1168 1270 1222 primis
1305 1181 1374 1221 per
1402 1167 1631 1221 particulam

143 1241 293 1293 ‘neque'
316 1240 595 1294 incipientibus
616 1239 859 1293 respondere
882 1238 1004 1293 magis
1028 1243 1252 1291 appareret.

253 1305 302 1348 C.
328 1306 397 1357 75,
432 1306 456 1347 3
478 1308 518 1348 in
543 1308 601 1348 his
625 1308 782 1348 uerbis:
819 1315 829 1331 ⁶
844 1306 987 1360 Neque
1009 1320 1106 1346 uero
1127 1303 1338 1359 Pompeius
1362 1303 1519 1357 cognito
1541 1316 1634 1342 con-

142 1376 229 1415 silio
252 1376 337 1416 eius
359 1389 507 1414 moram
530 1375 645 1415 ullam
669 1374 1171 1427 adinsequendumintulit‚
1195 1373 1262 1413 sed
1278 1373 1412 1412 eadem
1428 1377 1630 1424 spectans,

141 1445 174 1484 si
196 1443 338 1483 itinere
359 1443 565 1496 impeditos
588 1442 818 1495 perterritos
842 1442 1136 1495 deprehendere
1159 1448 1306 1494 posset,
1339 1439 1557 1480 exercitum
1580 1450 1634 1477 ex

141 1511 283 1550 castris
307 1510 456 1550 eduxit'
484 1516 493 1534 ‘
509 1510 655 1550 eadem'
681 1510 774 1549 ferri
797 1509 954 1561 nequit,
989 1523 1075 1548 cum
1099 1521 1224 1561 neque
1246 1509 1452 1560 quicquam
1475 1507 1633 1561 legatur

140 1580 180 1619 in
203 1577 471 1631 superioribus
495 1577 641 1625 uerbis,
678 1577 740 1616 cui
763 1577 824 1624 id,
861 1576 963 1628 quod
983 1574 1194 1629 Pompeius
1215 1575 1442 1629 spectabat,
1478 1588 1633 1628 eompa-

141 1646 221 1685 rari
245 1644 381 1698 possit,
408 1657 532 1697 neque
555 1644 666 1696 plura
688 1644 720 1683 is
742 1643 998 1696 spectauerit,
1033 1643 1103 1682 sed
1126 1657 1239 1683 unam
1263 1657 1348 1683 rem
1363 1673 1373 1692 ,
1408 1656 1505 1695 quae
1528 1641 1633 1682 subi-

141 1713 276 1768 citur.⁴
305 1711 437 1764 ltaque
459 1710 705 1750 scribendum
730 1718 820 1763 puto
854 1710 938 1750 ‘sed
960 1710 998 1750 id
1020 1711 1234 1763 spectans'.
1280 1709 1385 1750 Nam
1411 1715 1512 1751 ‘eam
1536 1711 1632 1750 rem'

141 1782 263 1834 magis
294 1794 364 1834 pro
395 1780 614 1820 litterarum
647 1778 826 1832 uestigiis
867 1792 979 1831 quam
1013 1791 1082 1831 pro
1117 1774 1307 1820 Caesaris
1348 1777 1635 1818 consuetudine

141 1848 340 1904 probabile
363 1855 484 1888 esset.
519 1845 674 1887 Deinde
695 1847 796 1899 quod
819 1861 873 1886 ex
892 1845 989 1887 Par.
1005 1860 1087 1886 sec.
1103 1844 1217 1885 Leid.
1236 1860 1292 1900 pr.
1309 1843 1416 1886 Scal.
1434 1845 1635 1899 tribusque

141 1916 401 1958 deterioribus
413 1914 813 1969 codd.posui‘itinere
834 1913 1041 1968 impeditos
1064 1913 1328 1968 perterritos',
1355 1927 1479 1967 neque
1498 1914 1631 1964 habet,

143 2000 219 2038 quo
239 1984 472 2038 reprehendi
487 1983 624 2037 possit,
655 1989 752 2022 eteo
776 1981 934 2022 nomine
947 1982 1130 2036 uulgatae
1145 1982 1363 2036 scripturae
1379 1987 1434 2023 ‘et
1446 1983 1634 2036 perterri-

144 2052 216 2093 tos⁷
240 2058 436 2106 praestat,
473 2051 575 2104 quod
596 2050 672 2090 iam
695 2065 775 2091 non
809 2049 968 2090 ‘itinere
989 2050 1236 2103 perterritos'
1259 2051 1492 2106 intellegere
1524 2050 1632 2102 licet,

145 2120 183 2160 id
206 2120 306 2174 quod
329 2121 442 2160 fieret
461 2119 722 2172 ineptissime.

257 2185 305 2228 C.
339 2186 411 2237 78,
444 2184 471 2226 6
504 2186 599 2226 haec
628 2186 870 2226 edebantur:
908 2183 1148 2238 ‘Pompeius
1181 2199 1334 2238 quoque
1367 2186 1414 2226 de
1444 2183 1634 2227 Caesaris

141 2255 305 2296 consilio
328 2255 556 2295 coniectura
588 2254 766 2294 iudicans
800 2253 848 2293 ad
870 2251 1096 2307 Scipionem
1130 2253 1419 2307 properandum
1451 2253 1525 2294 sibi
1549 2253 1636 2293 cxi-

142 2323 340 2372 stimabat,
366 2322 399 2363 si
423 2320 576 2363 Caesar
596 2323 674 2362 iter
693 2323 760 2362 illo
785 2321 960 2370 haberet,
988 2328 1030 2360 ut
1051 2320 1264 2361 subsidium
1287 2318 1466 2374 Scipioni
1494 2322 1632 2369 ferret,

142 2392 175 2431 si
205 2391 252 2431 ab
281 2404 351 2431 ora
382 2391 577 2430 maritima
610 2387 866 2442 Corcyraque
897 2388 1100 2428 discedere
1132 2389 1278 2435 nollet,
1322 2389 1424 2442 quod
1457 2388 1636 2442 legiones

144 2458 433 2510 equitatumque
463 2472 515 2498 ex
546 2456 661 2498 Italia
683 2462 939 2510 expectaret,
973 2456 1057 2508 ipse
1087 2463 1129 2496 ut
1152 2457 1332 2497 omnibus
1356 2456 1476 2511 copiis
1498 2454 1636 2496 Domi-

143 2524 237 2564 tium
260 2525 572 2578 aggrederetur'.
613 2524 708 2566 Non
742 2525 840 2578 fugit
871 2523 1148 2564 Marklandum
1182 2521 1426 2578 Corcyram,
1466 2538 1565 2577 quae
1596 2524 1636 2563 in

146 2592 458 2633 aduersariorum
483 2601 569 2633 erat
590 2600 811 2647 potestate,
847 2593 943 2633 nihil
970 2593 1017 2633 ad
1040 2590 1254 2633 Caesarem
1287 2593 1450 2645 eiusque
1480 2590 1637 2632 exerci-

151 2665 229 2697 tum
263 2663 605 2714 transportandum
639 2662 890 2715 pertinuisse.
935 2659 1070 2714 Itaque
1102 2674 1187 2700 cum
1215 2661 1256 2700 in
1289 2660 1401 2700 codd.
1436 2661 1637 2713 legeretur

153 2722 431 2779 ‘Coi-iciaque',
456 2730 585 2770 effecit
608 2730 671 2770 ‘ab
685 2743 754 2770 ora
768 2729 961 2770 maritima
976 2727 1219 2782 Oriciaque'.
1254 2727 1402 2769 Verum
1416 2725 1549 2768 Oricia
1567 2739 1635 2766 ora

148 2793 280 2845 inepte
302 2801 458 2847 praeter
478 2797 712 2838 maritimam
736 2805 1127 2846 commemoraretur,
1153 2796 1263 2848 quasi
1287 2796 1333 2835 ab
1358 2797 1429 2835 hac
1452 2800 1557 2834 esset
1579 2793 1634 2832 di-

149 2873 280 2900 uersa.
306 2858 468 2903 Oricum
488 2871 618 2906 tamen
641 2865 702 2907 bic
725 2865 1111 2907 commemorandum
1135 2864 1255 2905 fuisse
1267 2870 1374 2904 recte
1387 2862 1481 2903 uidit
1496 2859 1634 2901 Mark-
