1835 3240
98 151 183 195 406
631 151 706 193 DE
730 150 918 194 BELLO
942 149 1197 193 GALLICO

174 266 216 306 in
248 262 450 307 Senonum
480 265 619 307 finibus
648 265 813 320 Agedici
844 264 885 303 in
926 263 1100 304 hibernis
1130 266 1353 306 conlocauit
1384 267 1655 318 frumentoque

175 334 373 374 exercitui
397 334 571 388 prouiso,
596 341 639 373 ut
659 333 909 383 instituerat,
933 332 974 373 in
995 330 1149 373 Italiam
1171 333 1218 374 ad
1241 341 1461 374 conuentus
1483 334 1657 388 agendos

175 402 374 456 profectus
398 409 472 442 est.

468 819 523 865 C.
601 820 840 866 IVLII
909 819 1369 867 CAESARIS

285 974 438 1045 DE
504 976 915 1047 BELLO
989 975 1554 1047 GALLICO

516 1122 983 1169 COMMENTARIVS
1015 1123 1316 1168 SEPTIMVS.

288 1392 433 1448 Quieta
455 1394 586 1437 Gallia
608 1393 775 1447 Caesar,
801 1405 843 1438 ut
864 1398 1150 1448 constituerat,
1184 1398 1225 1439 in
1246 1395 1398 1438 Italiam
1421 1396 1469 1436 ad
1491 1409 1664 1436 conuen—

171 1468 235 1503 tus
257 1463 432 1518 agendos
454 1465 730 1518 proficiscitur.
765 1464 824 1506 Ibi
846 1467 1051 1520 cognoscit
1072 1467 1117 1507 de
1129 1463 1259 1507 Clodii
1281 1465 1400 1505 caede
1424 1471 1665 1517 senatusque

172 1530 353 1572 consulto
376 1532 522 1573 certior
544 1534 687 1584 factus,
711 1542 754 1575 ut
775 1549 911 1575 omnes
933 1535 1108 1576 iuniores
1130 1533 1268 1575 Italiae
1291 1534 1573 1582 coniurarent‚
1598 1532 1664 1572 de-

125 1598 153 1639 2
173 1598 317 1640 lectum
340 1607 422 1640 tota
446 1601 649 1654 prouincia
671 1602 815 1644 habere
836 1603 1024 1644 instituit.
1070 1602 1155 1644 Eae
1178 1617 1242 1644 res
1264 1603 1304 1643 in
1327 1600 1495 1643 Galliam
1513 1600 1663 1640 Trans-

172 1667 342 1721 alpinam
367 1670 551 1710 celeriter
571 1671 837 1724 perferuntur.
870 1672 1034 1712 Addunt
1055 1672 1129 1727 ipsi
1152 1679 1191 1712 et
1212 1671 1414 1724 adfingunt
1435 1668 1659 1709 rumoribus
1692 1676 1709 1707 5

174 1733 295 1786 Galli,
321 1737 421 1790 quod
446 1752 510 1778 res
533 1753 698 1792 poscere
720 1739 942 1791 uidebatur,
967 1740 1131 1780 retineri
1153 1739 1303 1780 urbano
1326 1745 1433 1778 motu
1447 1734 1664 1778 Caesarem

129 1802 154 1844 3
176 1817 301 1857 neque
332 1805 373 1844 in
405 1805 524 1846 tantis
560 1806 872 1848 dissensionibus
907 1808 953 1848 ad
986 1808 1205 1849 exercitum
1240 1807 1377 1848 uenire
1401 1819 1531 1860 posse.
1576 1803 1662 1845 Hac

173 1871 331 1927 impulsi
355 1873 590 1923 occasione,
627 1875 691 1928 qui
722 1876 797 1916 iam
830 1883 921 1917 ante
952 1890 994 1917 se
1024 1875 1156 1930 populi
1183 1875 1353 1916 Romani
1384 1873 1548 1928 imperio
1572 1873 1663 1913 sub-

172 1940 298 1981 iectos
322 1940 530 1992 dolerent,
563 1943 727 1984 liberius
750 1951 867 1997 atque
889 1944 1076 1984 audacius
1099 1944 1144 1984 de
1167 1944 1268 1984 bello
1291 1942 1456 1983 consilia
1477 1941 1580 1981 inire
1601 1940 1661 1981 in-

124 2007 152 2047 4
176 2008 338 2061 cipiunt.
377 2007 542 2051 Indictis
564 2010 668 2052 inter
689 2025 732 2052 se
755 2012 951 2066 principes
966 2011 1120 2053 Galliae
1144 2011 1321 2052 conciliis
1344 2010 1595 2051 siluestribus
1618 2023 1663 2049 ac
1697 2016 1737 2048 10

172 2077 336 2117 remotis
358 2077 458 2118 locis
480 2086 698 2132 queruntur
718 2080 764 2121 de
785 2081 956 2121 Acconis
979 2088 1131 2131 morte3
1167 2094 1284 2134 posse
1316 2080 1417 2119 hunc
1450 2093 1583 2119 casum
1614 2078 1662 2117 ad

126 2141 151 2183 5
172 2143 279 2199 ipsos
301 2146 481 2188 recidere
503 2148 798 2189 demonstrant:
830 2149 1072 2189 miserantur
1094 2161 1335 2188 communem
1361 2146 1515 2188 Galliae
1538 2147 1661 2185 fortu-

320 2260 332 2292 1
355 2260 496 2293 Acedici
514 2262 545 2294 B
564 2265 598 2294 et
613 2265 666 2294 sic
680 2266 746 2294 aut
762 2262 902 2303 Agedici
924 2263 1078 2304 ‘aeter-5⁷,
1099 2263 1265 2304 Agedinci
1283 2264 1316 2295 A
1329 2262 1346 2293 b
1360 2272 1377 2293 c·
1389 2272 1417 2293 e.
1583 2271 1660 2291 con-

175 2308 305 2341 locauit
322 2310 364 2342 B.
530 2313 550 2346 2
570 2313 725 2345 exercitu
746 2315 808 2345 bu.
975 2313 1082 2346 lulius
1103 2314 1225 2347 Celsus
1246 2312 1490 2346 Constantinus
1509 2322 1542 2344 u.
1563 2322 1593 2343 e.
1613 2311 1660 2342 le-

173 2372 213 2403 ge
233 2362 313 2404 (sic)
333 2362 395 2395 Gai
417 2363 577 2397 Caesaris
596 2365 679 2398 belli
699 2364 823 2398 Gallici
842 2366 930 2398 liber
946 2377 980 2398 Vl
999 2367 1152 2409 explicit.

316 2499 438 2542 Incipit
457 2500 545 2532 liber
561 2511 608 2533 vu
627 2502 670 2534 B.
810 2504 831 2537 2
850 2503 889 2534 de
910 2502 1020 2534 Clodii
1041 2502 1100 2544 (B)
1124 2501 1250 2541 ‘7nss.',
1274 2502 1314 2533 de
1333 2500 1370 2533 P.
1393 2500 1503 2533 Clodii
1523 2511 1551 2531 e.

171 2556 377 2593 senatusque
397 2552 552 2583 consulto
571 2553 628 2583 Be
649 2553 757 2594 ‘mec'‚
785 2556 962 2594 quotquot
980 2556 1054 2595 ipse
1075 2552 1264 2592 consulas,-
1285 2553 1325 2584 de
1352 2558 1559 2594 senatusque
1581 2562 1661 2583 con-

172 2602 263 2633 sulto
285 2603 461 2644 ‘sortasse
480 2601 520 2634 (Γ
549 2604 663 2635 Aldus
682 2615 715 2636 u.
739 2604 822 2637 l'e'cl.
842 2604 938 2636 plut.
968 2603 1083 2636 Mare.
1104 2614 1132 2634 e.
1162 2603 1194 2635 9.
1398 2603 1416 2635 3
1443 2604 1606 2635 dilectum
1628 2602 1661 2634 A

172 2652 234 2694 (Β)
250 2653 290 2685 C.
478 2655 497 2685 4
516 2654 642 2686 habere
662 2666 729 2688 om.
754 2656 771 2687 b
791 2666 820 2687 c.
1008 2656 1024 2686 5
1044 2653 1267 2697 proferuntur
1287 2655 1323 2686 C.
1485 2655 1661 2695 adfingunt

171 2703 215 2735 B.
419 2704 437 2737 9
456 2705 635 2747 incipiunt]
657 2711 822 2749 ceperunt
842 2706 872 2737 b.
1074 2706 1111 2738 10
1131 2707 1286 2739 consiliis
1306 2707 1336 2738 B
1357 2705 1657 2748 ‘tttss.plerz'q11e'.

318 2755 355 2788 11
379 2762 592 2798 quaeruntur
607 2758 650 2790 B.
801 2768 900 2800 posse
920 2758 1008 2790 hunc
1028 2768 1144 2789 casum
1163 2760 1204 2789 ad
1225 2759 1316 2801 ipsos
1337 2759 1492 2790 recidere
1511 2758 1542 2790 B
1561 2759 1657 2789 “ms-5.

167 2808 326 2850 plurimi
336 2806 356 2849 ⁹,
378 2808 466 2839 hunc
485 2818 601 2840 casum
620 2808 662 2840 ad
680 2808 771 2851 ipsos
791 2808 945 2841 recidere
964 2819 1062 2851 posse
1087 2808 1136 2850 (e)
1154 2809 1269 2841 Aldus
1288 2821 1309 2842 u
1329 2809 1517 2851 (recedere
1535 2819 1579 2841 m.
1598 2818 1657 2850 pr.

172 2859 229 2901 B).
375 2860 415 2894 12
432 2864 624 2892 monstrant
643 2861 674 2892 b.
