1835 3240
108 174 190 216 386
558 225 560 228 ¹
630 170 705 213 DE
735 165 926 213 BELLo
959 162 1211 213 GALLICO

185 294 268 327 tatu
290 291 540 326 consectatus
562 297 703 338 magno
716 295 881 323 numero
903 279 1131 332 interfecto,
1156 283 1406 338 conpluribus
1429 284 1551 337 captis
1564 296 1659 338 pau-

186 355 241 394 cis
264 360 352 408 post
373 353 508 394 diebus
531 352 729 392 ciuitatem
749 350 913 403 recepit.
956 349 1061 390 Nam
1084 345 1298 401 Germani,
1336 352 1398 404 qui
1421 352 1570 392 auxilio
1593 365 1661 392 uc-

137 422 163 463 8
185 422 359 471 mebant,
385 426 566 474 percepta
587 417 856 457 Treuerorum
879 418 969 470 fuga
992 431 1080 457 sese
1099 418 1251 457 domum
1274 432 1438 471 lecepei
1441 426 1523 459 unt
1560 417 1660 459 Cum

184 491 246 530 his
265 488 470 543 propinqui
492 485 764 534 Indutiomari,
790 484 854 537 qui
877 485 1108 524 defectionis
1130 492 1312 525 auctores
1335 486 1661 534 fuerant,con1i-

136 559 162 599 9
185 558 255 598 tati
279 570 347 597 cos
369 568 419 595 ex
442 553 604 593 ciuitate
626 559 902 593 excesserunt
948 550 1213 607 Cingetorigi,
1239 566 1350 605 quem
1374 553 1419 592 ab
1442 553 1553 593 initio
1572 568 1658 607 per-

184 624 377 665 mansisse
407 621 447 661 in
478 620 602 660 officio
631 620 1011 669 demonstrauimus,
1044 621 1284 674 principatus
1314 627 1429 673 atque
1459 621 1661 673 imperium

185 700 244 733 est
269 690 468 730 traditum.

137 761 164 803 9
301 755 468 805 Caesar,
494 762 696 810 postquam
721 768 773 794 ex
794 753 992 807 Menapiis
1013 754 1053 794 in
1066 753 1271 795 Treueros
1295 754 1417 804 uenit,
1443 754 1592 795 duabus
1615 755 1661 795 de

136 827 163 867 2
185 826 312 866 causis
330 824 512 864 Rhenum
534 822 706 863 transire
728 823 958 872 constituit,
983 833 1143 875 quarum
1167 834 1245 862 una
1267 830 1368 871 erat,
1393 823 1493 875 quod
1517 821 1662 861 auxilia

185 900 321 937 contra
345 902 387 932 se
398 891 590 932 Treueris
611 891 819 940 miserant,
844 891 983 940 altera,
1010 904 1058 930 ne
1081 891 1126 930 ad
1146 905 1217 931 eos
1233 889 1443 930 Ambiorix
1465 896 1664 943 receptum

137 962 160 1002 3
184 962 358 1002 haberet.
395 958 470 999 His
492 958 715 999 constitutis
738 958 856 998 rebus
880 959 1034 1012 paulum
1056 968 1174 1012 supra
1197 972 1283 998 eum
1306 959 1451 1006 locum⁷
1477 971 1551 1010 quo
1573 963 1665 996 ante

136 1029 162 1069 4
184 1028 401 1069 exercitum
425 1027 675 1076 traduxerat,
700 1028 831 1067 facere
853 1022 1009 1079 pontem
1036 1025 1221 1066 instituit.
1283 1024 1392 1065 Nota
1415 1031 1529 1077 atque
1550 1024 1665 1064 insti-

185 1104 267 1136 tuta
296 1094 452 1135 ratione
480 1108 620 1147 magno
651 1094 816 1134 militum
856 1093 982 1133 studio
1015 1088 1148 1147 paucis
1182 1093 1318 1133 diebus
1350 1104 1445 1145 opus
1476 1091 1658 1131 efficitur.

137 1164 160 1204 5
182 1163 316 1204 Firmo
338 1163 379 1203 in
399 1161 590 1202 Treueris
613 1162 660 1201 ad
682 1169 839 1215 pontem
861 1161 1057 1214 praesidio
1079 1161 1218 1201 relicto
1234 1192 1243 1210 ,
1270 1174 1318 1200 ne
1341 1160 1425 1212 quis
1447 1159 1494 1199 ab
1517 1158 1575 1198 his
1599 1172 1664 1198 su-

136 1231 162 1272 6
183 1232 263 1272 bito
285 1237 413 1271 motus
435 1236 618 1270 oreretur
632 1259 642 1278 ‚
666 1229 838 1282 reliquas
861 1229 992 1282 copias
1015 1229 1306 1281 equitatumque
1328 1227 1511 1266 traducit.
1554 1225 1663 1271 Vbii,

184 1300 245 1352 qni
269 1305 361 1338 ante
383 1297 539 1337 obsides
561 1296 752 1336 dederant
773 1304 889 1349 atque
911 1296 951 1336 in
973 1296 1208 1335 deditionem
1233 1291 1447 1343 uenerant,
1472 1293 1664 1345 purgandi

184 1367 243 1407 sui
266 1378 383 1405 causa
408 1365 456 1404 ad
479 1377 566 1404 eum
587 1363 740 1417 legatos
761 1363 948 1413 mittunt,
982 1363 1046 1416 qui
1077 1363 1245 1402 doceant
1275 1373 1402 1414 neque
1433 1360 1583 1400 auxilia
1613 1373 1665 1399 ex

135 1435 160 1475 7
183 1448 254 1475 sna
276 1433 437 1473 ciuitate
455 1432 498 1472 -in
521 1430 726 1472 Treueros
747 1431 890 1481 missa,
914 1443 1042 1484 neque
1064 1429 1112 1473 ab
1133 1443 1176 1470 se
1198 1430 1312 1469 fidem
1333 1429 1503 1469 laesam:
1530 1433 1668 1480 petunt

184 1510 299 1555 atque
323 1507 461 1550 orant,
493 1507 538 1540 ut
568 1499 643 1540 sibi
665 1504 816 1553 parcat,
841 1512 891 1539 ne
913 1498 1108 1538 communi
1129 1498 1219 1538 odio
1243 1495 1530 1537 Germanorum
1553 1495 1667 1534 inno-

1698 896 1737 928 10

1698 1232 1737 1264 15

185 1576 320 1610 centes
342 1582 411 1623 pro
433 1567 667 1608 nocentibus
689 1579 836 1620 poenas
857 1567 1053 1620 pendant3
1087 1566 1121 1606 si
1144 1565 1309 1619 amplius
1331 1563 1507 1603 obsidum
1529 1562 1663 1612 uellet,
1697 1567 1740 1601 20

136 1638 162 1679 8
184 1638 277 1678 dare
298 1636 546 1692 pollicentur.
605 1632 777 1688 Cognita
799 1631 954 1674 Caesar
975 1647 1093 1674 causa
1115 1633 1262 1687 reperit
1283 1631 1330 1672 ab
1353 1629 1495 1671 Sueuis
1518 1630 1668 1670 auxilia

184 1707 305 1746 missa
336 1716 456 1753 esse3
490 1702 697 1743 Vbiorum.
717 1699 1029 1742 satisfactionem
1069 1700 1235 1754 accipit,
1269 1699 1395 1738 aditus
1425 1698 1594 1750 uiasque
1623 1698 1665 1737 in

108 1774 164 1818 10
185 1771 341 1814 Sueuos
364 1770 566 1825 perquirit.
629 1768 792 1810 Interim
826 1769 961 1822 paucis
985 1775 1073 1822 post
1094 1766 1228 1807 diebus
1252 1767 1293 1807 fit
1313 1767 1360 1806 ab
1385 1762 1496 1806 Vbiis
1520 1765 1667 1805 certior

185 1839 340 1881 Sueuos
362 1851 498 1878 omnes
519 1838 560 1878 in
582 1851 701 1877 unum
733 1837 859 1877 locum
879 1836 1026 1890 'copias
1049 1848 1191 1889 cogere
1213 1842 1329 1887 atque
1350 1834 1398 1874 iis
1421 1829 1664 1881 nationibus,

330 1975 344 2007 1
367 1973 587 2016 conpluribus
604 1974 647 2006 B.
783 1972 805 2005 3
825 1972 1054 2005 Treuerorum
1074 1968 1117 2004 B.
1260 1966 1355 2002 domo
1377 1966 1408 2001 b.
1571 1976 1666 1999 rece-

186 2030 308 2069 perunt
326 2026 355 2057 B
375 2024 572 2067 ‘plot-ique,
594 2023 813 2055 contu-lerunt
831 2034 886 2055 ce.
1068 2023 1088 2055 4
1108 2023 1159 2054 his
1179 2022 1209 2053 B
1227 2021 1306 2053 edd.
1326 2024 1410 2052 ante
1428 2019 1524 2060 Ald„
1546 2018 1588 2050 iis
1605 2018 1667 2050 Al-

185 2078 249 2109 dus
270 2087 302 2107 ll.
444 2073 667 2106 Indutiomari
687 2072 760 2115 (B),
783 2072 1008 2105 induciomari
1028 2083 1063 2104 u.
1229 2077 1364 2103 actores
1381 2071 1427 2102 D.
1595 2067 1667 2099 fue-

185 2133 263 2161 runt
284 2129 314 2159 b.
472 2129 492 2159 ⁴5
511 2130 738 2158 excesserunt
756 2136 772 2157 e
790 2129 825 2157 et
839 2128 890 2157 sic
910 2125 981 2156 ‘uel
997 2127 1219 2156 excesserant
1236 2133 1324 2155 mss:
1339 2120 1522 2164 plerz'que',
1544 2127 1666 2152 exces-

186 2185 301 2214 serant
318 2179 348 2211 B
366 2179 445 2211 edd.
465 2182 550 2212 ante
566 2178 674 2218 Ald.;
693 2188 877 2210 excessere
895 2177 1008 2209 Aldus
1027 2175 1267 2208 21.ss
1287 2174 1460 2207 Treueros
1478 2174 1521 2205 B.

186 2233 204 2264 9
224 2232 352 2264 Renum
371 2231 415 2263 B.
646 2239 712 2262 una
732 2235 808 2261 erat
824 2230 855 2262 B
876 2230 997 2260 ‘'ceten‘
1011 2228 1157 2273 omnes’‚
1178 2232 1251 2260 erat
1269 2227 1381 2259 altera
1399 2237 1416 2257 e
1434 2225 1527 2257 And.
1551 2226 1664 2257 Omon.

333 2281 369 2313 10
388 2276 552 2312 Treueris
572 2276 614 2313 B.
753 2282 793 2313 ad
814 2291 871 2312 605
883 2269 1058 2312 Ambiorix
1076 2253 1248 2322 receptum
1268 2280 1297 2310 B
1311 2279 1398 2318 ΟΠ,-
1418 2277 1593 2309 Ambiorix
1612 2287 1665 2308 re-

186 2337 319 2374 ceptum
339 2332 379 2363 ad
399 2342 457 2363 eos
478 2342 506 2372 e,
527 2331 701 2363 Ambiorix
721 2332 764 2363 ad
783 2342 841 2363 eos
861 2336 1035 2373 receptum
1054 2341 1075 2362 u
1095 2332 1158 2362 et‘
1161 2334 1213 2362 sic
1230 2341 1314 2362 mss.
1320 2330 1354 2361 '?
1466 2329 1499 2360 11
1522 2327 1663 2370 pauloe.

330 2384 370 2416 12
390 2384 576 2416 exercitum
596 2394 664 2415 om.
688 2384 718 2415 b.
849 2383 904 2417 ‚14
919 2381 1081 2414 Treueris
1095 2382 1137 2413 B.
1278 2381 1321 2412 ad
1339 2384 1472 2422 pontem
1490 2377 1664 2420 praesidio

186 2436 215 2467 B
236 2436 330 2466 ‘HIS-9.
348 2434 530 2476 plurimff,
551 2433 720 2476 praesidio
740 2433 781 2464 ad
800 2438 936 2475 pontem
955 2432 1003 2474 (e)
1014 2443 1049 2464 u.
1198 2432 1251 2463 his
1271 2432 1301 2463 B
1317 2430 1445 2469 Aldus,
1466 2429 1507 2460 iis
1526 2429 1567 2460 P.
1587 2429 1664 2461 Μα-

185 2490 309 2520 nutius
328 2498 361 2518 ιι.
592 2486 632 2518 15
652 2490 811 2517 oreretur
827 2486 859 2518 A
877 2488 911 2517 et
927 2495 974 2516 m.
988 2494 1048 2526 pr.
1068 2484 1099 2515 B
1115 2487 1234 2525 atque,
1255 2486 1297 2514 nt
1314 2482 1469 2521 uidetur,
1491 2490 1520 2511 e.

186 2539 243 2570 ubi
270 2538 280 2569 i
298 2538 337 2577 B,
360 2537 415 2568 ubi
438 2537 532 2568 ‘mss.
547 2535 736 2577 plerique'.
911 2535 950 2567 17
970 2533 1100 2566 auxilia
1119 2543 1159 2564 ex
1177 2542 1238 2564 sua
1256 2532 1395 2564 ciuitate
1415 2532 1445 2563 B
1466 2530 1663 2572 ‘plere‘que’‚

239 2585 269 2593 v

187 2616 228 2638 ex
247 2614 309 2636 sua
328 2604 469 2636 ciuitate
489 2602 618 2633 auxilia
637 2602 732 2643 (e)u.
870 2601 912 2633 18
931 2600 1103 2632 Treueros
1125 2599 1163 2630 B.
1304 2598 1347 2630 20
1366 2608 1470 2640 penas
1485 2608 1532 2629 m.
1550 2607 1608 2639 pr.
1623 2597 1664 2628 B.

329 2655 495 2687 obsidium
512 2654 545 2685 A
558 2664 584 2684 e.
720 2653 828 2684 uellet
844 2653 875 2683 B
896 2649 1068 2692 ‘relz'quz'’,
1091 2651 1175 2682 uelit
1194 2651 1211 2682 b
1223 2661 1277 2682 ee.
1297 2651 1336 2682 P.
1352 2651 1408 2683 83.
1547 2650 1586 2684 21
1609 2649 1667 2680 da-

188 2710 217 2741 ri
239 2709 255 2740 b
268 2719 324 2740 ee.
465 2705 613 2747 repperit
631 2704 673 2735 B.
814 2703 855 2737 22
874 2701 1037 2733 Vbiorum
1049 2701 1142 2733 And.
1161 2701 1289 2741 oscon„
1311 2701 1368 2732 ubi
1387 2702 1504 2732 horum
1523 2701 1664 2742 reliqui.

330 2758 455 2801 accipit
473 2757 548 2789 cod.
571 2756 706 2795 Vrsini,
729 2755 861 2796 accepit
878 2754 1020 2795 reliqui.
1041 2753 1079 2784 P.
1100 2753 1153 2785 59.
1295 2753 1336 2785 23
1357 2752 1486 2784 Suebos
1504 2751 1546 2784 B.

189 2811 331 2854 inquirit
342 2810 387 2842 D,
551 2808 594 2840 24
613 2806 744 2838 Suebos
765 2805 807 2837 B.
971 2814 1072 2836 unum
1092 2804 1124 2835 in
1140 2804 1248 2836 locum
1264 2805 1281 2835 b
1293 2803 1347 2846 (6)
1360 2814 1394 2835 u.
1550 2802 1665 2845 copias

189 2872 290 2904 agere
310 2862 339 2893 b.
480 2864 579 2901 atque
598 2858 650 2889 his
665 2857 706 2889 B.
