1835 3240
106 192 191 236 732
618 197 790 239 BELLI
824 194 1225 239 HISPANIENSIS

185 306 334 348 uiribus
367 321 420 349 ex
449 310 688 352 aduersariis
722 311 796 350 sibi
825 323 958 364 parem
991 323 1080 351 esse
1111 310 1305 351 neminem
1335 313 1487 366 agitare
1518 314 1659 367 eoepit.

138 373 163 413 4
184 373 284 425 Hie,
318 383 359 416 ut
390 377 515 418 fertur
544 378 711 418 Achillis
743 376 1047 431 Memnonisque
1081 391 1343 432 congressuS,
1377 378 1429 433 Q.
1452 380 1663 435 Pompeius

182 441 328 497 Niger,
352 458 471 498 eques
491 444 694 485 Romanus
716 443 935 487 Italicensis
950 478 960 496 ,
995 459 1048 486 ex
1069 446 1154 487 acie
1182 453 1316 487 nostra
1339 447 1386 488 ad
1408 450 1663 502 congredien-

138 507 163 549 5
185 509 272 550 dum
306 525 539 566 progressus
573 520 647 552 est.
692 511 890 565 Quoniam
923 514 1109 554 ferocitas
1138 512 1287 554 Antisti
1309 515 1481 555 omnium
1510 525 1662 558 mentes

135 575 162 617 6
183 586 431 619 conuerterat
454 579 500 619 ab
523 594 642 633 opere
663 581 711 621 ad
733 582 984 635 spectandum
999 612 1009 632 ,
1043 582 1148 622 acies
1170 589 1264 622 sunt
1284 582 1511 636 dispositae.
1553 584 1659 625 Nam
1691 593 1708 624 5

182 645 289 686 inter
310 646 521 687 bellatores
545 647 739 702 principes
762 650 878 690 dubia
900 657 986 690 erat
1008 650 1134 703 posita
1155 650 1339 700 uictoria,
1365 657 1407 690 ut
1423 665 1541 704 prope
1555 652 1663 692 uide-

182 720 294 753 retur
316 714 429 753 finem
452 714 620 755 bellandi
644 716 807 757 duorum
832 717 1013 757 dirimere
1044 731 1185 771 pugna.
1236 716 1294 758 Ita
1326 718 1430 758 auidi
1457 718 1662 772 eupidique

181 781 211 832 -l-
227 794 384 820 suarum
405 782 569 835 quisque
591 797 644 824 ex
666 785 834 838 partium
860 785 1032 825 uirorum
1053 786 1322 837 fautorumque
1339 787 1524 826 uoluntas
1546 786 1664 827 habe-

133 846 160 886 7
179 846 308 887 batur.
355 846 530 900 Quorum
562 851 707 892 uirtute
739 853 883 900 alacri,
921 867 1006 893 cum
1038 853 1084 892 ad
1115 853 1373 893 dimicandum
1396 854 1436 893 in
1458 854 1660 907 planiciem

181 928 224 955 se
247 916 524 967 contulissent,
549 926 825 974 scutorumque
848 921 971 960 laudis
994 920 1166 974 insignia
1187 922 1439 974 praefulgens
1461 936 1558 975 opus
1577 936 1664 962 cae·
1698 930 1737 962 10

182 982 302 1022 latum
327 1014 525 1025 ......
551 1001 712 1039 quorum
737 1003 864 1043 pugna
887 996 993 1029 esset
1010 1002 1127 1042 prope
1149 989 1325 1041 profecto
1348 990 1561 1043 dirempta,
1586 990 1662 1030 nisi

182 1057 344 1105 propter
365 1052 538 1105 equitum
561 1069 810 1103 concessum,
836 1064 876 1096 ut
898 1070 1015 1109 supra
1038 1056 1416 1106 demonstrauimus,
1449 1057 1578 1097 leuem
1599 1071 1662 1098 ar-

182 1125 373 1159 maturam
395 1122 578 1174 praesidii
601 1137 718 1164 causa
742 1138 818 1164 non
842 1124 957 1178 longe
980 1124 1026 1163 ab
1049 1137 1166 1176 opere
1193 1154 1389 1164 ......
1416 1131 1546 1164 castra
1569 1139 1661 1164 eon-

132 1183 157 1224 8
179 1186 322 1226 stituit.
366 1187 422 1229 Vt
443 1197 601 1230 nostros
624 1192 776 1246 equites
797 1192 836 1231 in
856 1198 1030 1244 receptu,
1057 1191 1145 1230 (lum
1168 1192 1214 1230 ad
1238 1198 1366 1231 castra
1387 1192 1570 1241 redeunt,
1595 1193 1662 1232 ad-

178 1255 347 1294 uersarii
377 1257 552 1309 cupidius
583 1265 677 1298 sunt
706 1259 900 1308 insecuti,
936 1259 1111 1298 uniuersi
1144 1259 1316 1298 clamore
1346 1258 1448 1298 facto
1478 1259 1663 1312 impetum
1696 1267 1735 1299 v15

177 1320 382 1362 dederunt.
426 1321 487 1364 Ita
508 1333 611 1365 metu
634 1327 857 1380 perterriti,
893 1341 977 1367 cum
1001 1326 1039 1366 in
1063 1327 1155 1379 suga
1178 1335 1327 1374 essent,
1351 1327 1484 1367 multis
1506 1327 1662 1367 amissis

100 1386 155 1431 '26
176 1388 216 1428 in
238 1397 370 1431 castra
390 1404 434 1431 se
454 1393 663 1447 recipiunt.
710 1392 864 1436 Caesar
895 1394 942 1435 ob
975 1396 1158 1435 uirtutem
1181 1403 1333 1435 turmae
1356 1392 1573 1435 Cassianae
1595 1396 1662 1435 do-

176 1457 287 1497 nauit
316 1458 424 1499 milia
443 1467 526 1500 XIII
557 1469 596 1502 et
628 1464 830 1516 praefecto
860 1470 1019 1516 torques
1050 1477 1193 1504 aureos
1215 1469 1243 1502 V
1277 1470 1316 1503 et
1336 1463 1414 1503 leui
1435 1470 1660 1503 armaturae

128 1521 156 1562 2
178 1524 282 1565 milia
303 1532 384 1566 XII.
437 1526 525 1569 Hoe
558 1530 619 1570 die
649 1530 703 1570 A.
728 1529 902 1572 Baebius
936 1538 975 1571 et
1009 1529 1056 1572 C.
1080 1529 1241 1571 Flauius
1274 1538 1313 1571 et
1342 1531 1393 1572 A.
1419 1529 1657 1577 Trebellius,

176 1593 326 1644 equites
349 1593 520 1637 Romani
541 1598 761 1649 Astenses‚
796 1606 963 1653 argento
985 1614 1104 1654 prope
1127 1599 1218 1640 tecti
1240 1599 1352 1652 equis
1374 1599 1421 1639 ad
1445 1597 1658 1640 Caesarem
1689 1605 1731 1638 20

127 1657 151 1698 3
175 1662 497 1716 transfugerunt3
532 1666 595 1720 qui
618 1667 900 1708 nuntiauerunt
921 1668 1072 1721 equites
1094 1667 1296 1708 Romanos
1319 1667 1550 1708 coniurasse
1579 1681 1660 1707 om-

173 1742 261 1776 nes,
287 1731 349 1783 qui
372 1731 410 1772 in
434 1733 575 1773 castris
596 1732 760 1788 Pompei
783 1742 933 1784 essent,
961 1743 1001 1775 ut
1022 1736 1297 1776 transitionem
1320 1737 1518 1776 facerent:
1553 1734 1659 1774 serui

174 1795 317 1837 indicio
336 1813 471 1841 omncs
493 1801 533 1840 iu
551 1802 767 1843 custodiam
787 1816 874 1843 esse
889 1803 1108 1853 coniectos,
1135 1817 1155 1843 e
1171 1803 1311 1856 quibus
1325 1803 1534 1843 occasione
1546 1807 1658 1855 capta

127 1862 154 1902 4
179 1877 221 1904 se
246 1867 522 1920 transfugisse.
566 1867 665 1909 Item
688 1870 760 1910 hoc
782 1871 843 1911 die
864 1871 1020 1911 litterae
1041 1878 1132 1912 sunt
1153 1872 1385 1925 deprensae,
1410 1883 1506 1924 quas
1529 1870 1657 1909 mitte-

129 1930 153 1971 5
175 1932 241 1973 hat
262 1932 485 1976 Vrsaonem
510 1935 585 1977 Cn.
611 1937 847 1991 Pompeius:
886 1936 946 1979 ί5.
962 1938 1015 1980 V.
1032 1938 1082 1979 G.
1100 1938 1151 1978 E.
1169 1938 1218 1980 V.
1257 1937 1364 1988 Etsi,
1388 1943 1503 1992 prout
1524 1943 1661 1977 nostra
1691 1943 1733 1977 25

319 2070 331 2101 1
355 2080 430 2103 esse
448 2082 516 2104 om.
540 2073 572 2105 b.
735 2077 755 2110 2
775 2074 815 2117 Q]
836 2085 921 2117 quae
939 2086 973 2107 α.
1130 2074 1148 2105 3
1168 2074 1209 2105 ad
1229 2073 1517 2114 congrediendum
1536 2083 1605 2105 om.
1626 2074 1655 2104 b.

193 2150 195 2153 ,
315 2122 333 2152 4
354 2124 604 2165 congressuss.
755 2131 808 2157 est
826 2137 892 2158 om.
915 2127 982 2168 af.
1132 2124 1258 2155 Antisti
1277 2125 1344 2166 (cs.
1482 2125 1499 2155 5
1520 2124 1572 2154 De
1590 2122 1657 2166 §§6

172 2188 212 2192 ——
227 2172 246 2202 S
265 2171 339 2204 uid.
359 2173 400 2205 P.
420 2175 499 2207 241.
638 2177 811 2219 Squisque
831 2188 872 2209 cx
893 2178 1038 2219 partium
1057 2187 1089 2216 a,
1113 2177 1255 2219 quisque
1275 2177 1419 2218 partium
1439 2181 1657 2218 expertorum

173 2232 194 2252 u
213 2233 293 2254 enm
311 2224 378 2255 leae
395 2229 651 2259 annotatione:
675 2227 763 2270 ‘pro'
783 2228 845 2269 (?)
865 2230 1018 2270 ‘quisque
1038 2231 1071 2259 z'n
1087 2229 1211 2260 l’etazc.
1233 2231 1269 2259 et
1287 2228 1304 2258 b
1323 2238 1378 2259 ex.
1399 2228 1507 2259 Deest
1525 2229 1559 2258 in
1573 2226 1654 2258 Ι”ν.ς.

171 2283 213 2304 ac
228 2274 343 2307 Dora.
364 2277 605 2319 expertorum'.
747 2279 914 2311 factorum
933 2280 1000 2311 uol.
1022 2280 1054 2312 Ι).
1195 2280 1213 2311 9
1231 2279 1392 2310 uirtutem
1411 2289 1444 2310 a.
1585 2278 1656 2319 pla-

173 2323 288 2357 nitiem
307 2324 375 2368 (a).
518 2329 556 2361 10
569 2330 716 2371 insignia
735 2341 755 2362 a
772 2332 830 2371 bc,
848 2330 991 2372 insignis
1012 2342 1045 2362 a.
1190 2330 1225 2362 11
1241 2330 1409 2361 lacunam
1428 2339 1491 2370 ego
1511 2330 1654 2360 notaui.

315 2379 448 2422 direpta
466 2391 486 2412 a
501 2382 530 2413 b.
674 2383 715 2415 12
735 2384 843 2415 leuem
864 2389 1070 2415 armaturam
1090 2393 1110 2414 a
1133 2383 1216 2414 ‘moi
1233 2382 1362 2414 omnes'
1383 2384 1529 2423 praeter
1546 2389 1656 2410 unum

171 2427 257 2468 det„
278 2430 365 2462 leuis
385 2437 559 2464 armatura
577 2443 612 2464 u.
779 2434 817 2466 13
838 2434 1005 2466 lacunam
1023 2443 1087 2475 ego
1106 2435 1245 2465 nolani.
1395 2436 1510 2463 castra
1529 2431 1656 2462 consti-

171 2480 237 2512 tuit
254 2492 273 2512 a
288 2483 305 2513 b
321 2493 351 2523 c,
364 2488 555 2516 castrorum
575 2485 790 2517 constitisset
808 2496 842 2517 τι.
985 2486 1026 2518 14
1038 2485 1146 2516 nostri
1166 2484 1265 2516 codd.
1279 2495 1287 2522 ,-
1302 2482 1397 2524 quod
1414 2482 1655 2524 recipiendum

171 2535 206 2563 et
221 2532 278 2564 ln'c
295 2543 433 2575 quoque
452 2535 611 2577 defectas
628 2537 808 2568 notandus
826 2536 948 2568 uidere?
960 2539 1091 2578 potest.
1234 2535 1273 2567 16
1287 2535 1455 2566 dederant
1469 2544 1489 2565 ιι
1504 2534 1521 2564 b
1534 2534 1552 2566 3
1566 2534 1652 2565 (lete.

314 2586 354 2618 18
373 2590 407 2616 et
425 2586 523 2626 (ante
541 2588 611 2619 leui
631 2599 677 2620 an
695 2593 778 2620 (nale
797 2589 972 2631 praesecto
986 2589 1015 2628 Υ)
1034 2598 1100 2620 om.
1124 2588 1155 2619 b.
1334 2587 1371 2619 19
1391 2598 1437 2618 xn
1457 2598 1542 2629 egam
1563 2587 1655 2619 ωδ

170 2646 204 2676 α,
224 2646 241 2667 ο
256 2639 392 2679 —cch3
412 2648 469 2669 xcx
485 2639 503 2669 b
516 2649 557 2678 e,-
575 2640 725 2671 xAlclas
745 2651 778 2671 u.
932 2640 1057 2671 Bobius
1076 2649 1110 2669 (ι.
1259 2638 1502 2671 2011astenses
1520 2649 1541 2669 a
1555 2638 1650 2670 ‘ms-s.

172 2691 207 2719 et
223 2688 300 2720 edd.
320 2688 417 2729 qddss
558 2691 653 2731 equis
675 2691 914 2733 mandor—pius
933 2691 1009 2731 (secl
1027 2690 1116 2722 [clem
1137 2690 1228 2721 male
1249 2690 1377 2731 tectis),
1398 2690 1532 2732 equites
1551 2690 1652 2722 codd.

311 2739 352 2772 2²1
373 2739 577 2781 refugerunt
596 2742 626 2773 b.
768 2743 1015 2774 nuntiauerunt
1032 2740 1125 2782 asS
1144 2740 1231 2772 dett.
1252 2740 1432 2782 Selmena„
1454 2741 1655 2773 nuntiarunt

166 2793 288 2832 prima
307 2802 328 2823 u
346 2794 422 2823 siue
439 2796 684 2825 annotatione.
837 2796 880 2829 22
900 2793 1033 2836 Pompei
1051 2803 1084 2825 a.
1234 2794 1276 2826 23
1296 2794 1456 2826 oeasione
1474 2804 1508 2826 a.

169 2843 213 2876 24
231 2843 418 2886 deprensae
437 2855 457 2876 a
477 2845 509 2885 b,
530 2845 763 2886 deprehensae
785 2855 818 2876 n.
975 2843 1096 2886 quibus
1117 2846 1145 2875 lt.
1298 2845 1497 2878 mittebatur
1514 2855 1651 2877 saonem

171 2906 191 2927 (ι
209 2899 253 2936 et,
276 2899 340 2938 qui
356 2907 526 2937 sasoucm,
550 2898 579 2929 b.
722 2898 763 2928 25
784 2908 810 2929 s.
833 2906 863 2929 a,
885 2906 914 2936 g.
938 2907 970 2927 a.
