1835 3240
598 171 783 215 COMM.
808 172 846 215 V
877 170 1002 214 CAP.
1028 171 1167 213 1—2.
1623 178 1705 222 349

151 272 674 340 formamque'l‘iemonstrat.
719 286 783 327 Ad
813 286 1058 326 celeritatem
1097 286 1290 326 onerandi
1329 286 1629 332 subductiones-

148 370 222 410 que
252 355 364 410 paulo
396 354 490 394 facit
511 354 765 404 humiliores,
801 368 914 407 quam
937 353 1076 406 quibus
1097 352 1139 392 in
1170 360 1307 393 nostro
1340 355 1439 393 mari
1461 357 1516 395 uti
1538 371 1631 398 con-

147 423 362 472 sueuimus‚
387 429 503 475 atque
525 423 563 463 id
585 436 631 462 eo
655 422 794 476 magis,
819 424 920 474 quod
942 430 1104 476 propter
1130 422 1292 462 crebras
1305 423 1632 464 commutationes

145 497 322 531 aestuum
345 490 472 530 minus
495 504 657 543 magnos
678 490 731 529 ibi
753 490 893 530 fluctus
917 490 1001 530 fieri
1035 495 1301 544 cognouerat,
1334 490 1381 529 ad
1412 503 1532 530 onera
1549 522 1558 540 ‚
1584 493 1632 531 ad

99 568 117 599 5
148 558 436 599 multitudinem
468 558 730 598 iumentorum
762 558 1106 611 transportandam
1152 557 1266 610 paulo
1297 557 1483 606 latiores,
1518 572 1631 611 quam

68 903 109 935 10

70 1240 109 1272 15

68 1576 112 1611 20

146 626 282 679 quibus
305 626 346 666 in
366 626 529 679 reliquis
551 625 696 665 utimur
720 625 909 665 maribus.
973 623 1056 665 Has
1088 639 1224 664 omnes
1247 625 1443 665 actuarias
1465 625 1631 679 imperat
1653 626 1678 666 3

144 694 247 744 fieri,
273 708 387 747 quam
409 694 457 733 ad
478 707 561 733 rem
584 693 745 732 multum
770 692 966 732 humilitas
990 692 1164 732 adiuuat.
1204 690 1282 742 Ea,
1307 706 1407 745 quae
1429 700 1521 733 sunt
1544 694 1630 734 usui
1651 693 1678 734 4

144 762 192 801 ad
214 762 422 802 armandas
445 774 582 809 naues,
609 774 661 801 ex
673 759 863 812 Hispania
886 760 1086 813 adportari
1107 759 1231 798 iubet.
1256 757 1345 813 lpse
1369 761 1629 801 conuentibus
1652 760 1677 801 5

144 827 297 869 Galliae
310 828 506 870 citerioris
528 828 699 881 peractis
722 828 760 867 in
774 825 972 881 Illyricum
996 826 1272 880 proficiscitur,
1299 829 1399 879 quod
1423 826 1629 869 aPirustis

142 896 354 936 finitumam
378 903 528 949 partem
551 895 780 948 prouinciae
802 894 1097 935 incursionibus
1129 894 1279 934 uastari
1312 895 1506 935 audiebat.
1565 895 1628 936 Eo
1649 895 1676 937 6

145 978 229 1004 cum
253 964 444 1013 uenisset,
470 963 697 1002 ciuitatibus
720 962 861 1002 milites
883 963 1050 1016 imperat
1075 969 1300 1014 certumque
1322 962 1361 1001 in
1385 963 1511 1003 locum
1535 979 1629 1004 con-

142 1031 282 1072 uenire
304 1031 426 1071 iubet.
490 1028 579 1082 Qua
613 1044 655 1070 re
688 1030 868 1070 nuntiata
888 1028 1074 1070 Pirustae
1096 1030 1248 1083 legatos
1271 1030 1317 1069 ad
1341 1043 1427 1069 eum
1452 1032 1625 1083 mittunt,
1649 1032 1676 1073 7

144 1098 209 1151 qui
241 1099 403 1139 doceant
437 1098 533 1138 nibil
563 1112 697 1138 earum
731 1112 863 1138 rerum
888 1097 1042 1152 publico
1064 1098 1206 1137 factum
1231 1097 1422 1147 consilio,
1463 1112 1630 1152 seseque

142 1172 303 1219 paratos
335 1180 423 1206 esse
454 1167 724 1207 demonstrant
752 1166 930 1206 omnibus
963 1166 1185 1206 rationibus
1218 1166 1264 1205 de
1296 1165 1450 1205 iniuriis
1473 1167 1628 1207 satisfa-

143 1246 248 1273 cere.
292 1232 485 1288 Percepta
507 1234 685 1274 oratione
709 1248 841 1274 eorum
866 1231 1019 1274 Caesar
1044 1234 1201 1273 obsides
1223 1233 1390 1286 imperat
1413 1247 1560 1286 eosque
1582 1234 1629 1274 ad
1650 1233 1676 1275 8

145 1307 291 1341 certam
323 1302 422 1341 diem
454 1302 593 1342 adduci
626 1301 757 1352 iubet3
793 1302 868 1341 nisi
899 1302 954 1342 ita
977 1302 1166 1351 fecerint,
1192 1314 1281 1341 sese
1302 1301 1405 1341 bello
1429 1301 1628 1342 ciuitatem

144 1376 443 1422 persecuturum
468 1370 725 1409 demonstrat.
784 1368 837 1409 Iis
860 1370 907 1409 ad
930 1369 1030 1409 diem
1054 1369 1255 1419 adductis,
1279 1376 1322 1408 ut
1344 1368 1625 1422 imperauerat,
1649 1368 1676 1410 9

145 1436 314 1476 arbitros
346 1436 453 1476 inter
484 1437 663 1477 ciuitates
687 1438 775 1485 dat,
811 1437 875 1489 qui
896 1436 1001 1477 litem
1026 1443 1248 1477 aestument
1269 1450 1511 1489 poenamque
1534 1451 1628 1477 con-

145 1504 324 1544 stituant.
387 1503 460 1544 His
493 1505 684 1545 confectis
714 1504 831 1545 rebus
854 1505 1193 1557 conuentibusque
1216 1505 1385 1558 peractis
1408 1504 1446 1543 in
1471 1505 1629 1545 citerio-
1649 1505 1677 1549 2

143 1585 226 1611 rem
250 1570 418 1612 Galliam
439 1573 655 1613 reuertitur
676 1579 793 1625 atque
814 1571 905 1612 inde
927 1573 975 1612 ad
997 1572 1219 1612 exercitum
1242 1572 1520 1625 proficiscitur.
1565 1572 1626 1612 Eo
1648 1572 1675 1614 2

143 1652 229 1678 cum
253 1639 453 1690 uenisset,
489 1640 665 1680 circuitis
698 1640 878 1680 omnibus
900 1640 1075 1680 hibernis
1099 1639 1290 1693 singulari
1313 1639 1477 1679 militum
1499 1640 1628 1680 studio

141 1705 182 1745 in
205 1720 355 1747 summa
384 1708 555 1747 omnium
584 1721 713 1747 rerum
743 1707 877 1761 inopia
908 1707 1068 1747 circiter
1096 1714 1309 1747 sexcentas
1342 1707 1426 1747 eius
1449 1708 1625 1760 generis,

143 1773 254 1813 cuius
276 1788 395 1829 supra
417 1776 771 1815 demonstrauimus
786 1806 796 1825 ,
831 1789 954 1815 naues
987 1782 1026 1816 et
1058 1775 1198 1829 longas
1220 1781 1365 1815 XXVIII
1396 1775 1550 1816 inuenit
1571 1776 1629 1816 in-

143 1848 315 1882 structas
339 1856 465 1896 neque
498 1843 660 1883 multum
692 1843 832 1883 abesse
854 1843 900 1882 ab
924 1857 996 1892 e0‚
1033 1843 1125 1896 quin
1156 1843 1290 1896 paucis
1323 1842 1458 1883 diebus
1490 1843 1629 1884 deduci

143 1910 310 1961 possint.
353 1908 613 1952 Conlaudatis
635 1911 822 1952 militibus
846 1916 963 1964 atque
985 1911 1032 1951 iis
1047 1942 1057 1961 ,
1084 1911 1147 1964 qui
1170 1911 1330 1965 negotio
1353 1913 1624 1964 praefuerant,
1650 1910 1676 1952 3

144 1976 235 2028 quid
258 1978 340 2017 lieri
363 1978 482 2029 uelit,
517 1979 691 2020 ostendit
718 1987 834 2033 atque
865 1993 1002 2019 omnes
1025 1979 1073 2019 ad
1094 1986 1249 2033 portum
1271 1977 1388 2019 Itium
1410 1979 1629 2020 conuenire

287 2147 301 2179 1
324 2148 558 2182 demonstrant
576 2161 612 2191 c,
633 2150 882 2182 demonstrauit
900 2151 930 2182 b.
1073 2152 1095 2183 4
1112 2150 1154 2182 ad
1173 2159 1292 2190 onera,
1313 2148 1355 2180 ad
1373 2149 1627 2182 multitudinem

142 2198 194 2239 B,-
220 2199 262 2230 ad
281 2210 385 2232 onera
404 2203 496 2233 etad
515 2203 768 2235 multitudinem
786 2213 828 2244 u,
853 2203 918 2235 sed
946 2203 1050 2234 ‘mss.
1078 2205 1203 2234 carent
1222 2206 1278 2242 et,
1298 2201 1369 2232 aliz·
1385 2200 1439 2241 ad,
1460 2203 1497 2232 in
1518 2202 1535 2233 b
1555 2202 1624 2234 ac'.

288 2251 305 2283 5
324 2252 424 2293 paulo
443 2253 586 2285 altiores
607 2254 653 2285 be
677 2254 790 2295 (paulo
815 2253 960 2285 latiores
979 2254 1087 2284 eliam
1104 2253 1281 2284 Priscian.
1296 2262 1334 2293 p.
1357 2251 1422 2284 770
1441 2252 1512 2293 Ρ.).

143 2310 241 2342 quam
260 2302 380 2344 quibus
399 2304 432 2335 iu
450 2305 593 2347 reliquis
614 2305 742 2337 utimur
759 2305 910 2338 maribus
922 2306 1100 2337 Priscian.
1117 2304 1177 2347 (B)
1200 2305 1295 2336 ‘mssa
1316 2306 1388 2336 mei
1399 2305 1626 2346 quindecim,

145 2360 241 2392 quam
259 2353 380 2395 quibus
399 2354 432 2386 in
452 2355 594 2397 reliquis
612 2356 765 2388 maribus
784 2356 834 2388 uti
851 2357 1083 2388 adsueuerant
1102 2355 1216 2387 bede.
1363 2354 1382 2387 7
1395 2355 1581 2388 adiuuabat
1596 2357 1627 2389 b.

283 2405 304 2438 8
322 2405 497 2448 adportari
515 2408 558 2439 B.
700 2408 718 2440 9
738 2418 757 2439 a
774 2408 896 2450 piratis
915 2408 938 2439 d
955 2412 991 2440 et
1002 2418 1070 2450 pro
1089 2417 1169 2439 uar-
1191 2407 1271 2438 leet.
1293 2416 1323 2438 c.
1496 2407 1537 2440 10
1556 2408 1630 2439 fini-

145 2458 266 2487 tulnam
285 2458 371 2489 AD.
513 2470 551 2491 eo
571 2461 794 2493 conuenisset
811 2471 858 2492 m.
874 2470 934 2501 pr.
955 2460 997 2492 B.
1142 2459 1184 2494 12
1201 2459 1243 2491 ad
1262 2468 1336 2490 eum
1355 2458 1487 2499 legatos
1512 2459 1544 2490 b.

148 2504 185 2537 13
207 2506 289 2538 nihil
307 2518 421 2541 eorum
440 2510 576 2552 publico
594 2512 642 2543 D.
784 2511 874 2542 facto
896 2511 927 2543 b.
1069 2520 1173 2552 seque
1194 2510 1225 2542 b.
1377 2509 1416 2542 14
1435 2509 1629 2542 rationibus

146 2565 214 2587 ⁰⁷71·
235 2566 264 2587 θ·
451 2561 489 2593 15
511 2567 672 2605 percepta
689 2562 762 2595 AB
777 2562 846 2594 CD
861 2587 870 2602 ,
892 2566 1034 2604 accepta
1054 2562 1072 2593 b
1085 2561 1177 2593 cde.
1200 2560 1284 2593 Vid.
1305 2560 1375 2600 VJ,
1393 2560 1427 2600 8,
1448 2559 1481 2593 7.

147 2606 276 2638 ratione
295 2618 409 2641 eorum
429 2611 446 2643 l>
460 2623 519 2645 ce.
746 2614 786 2646 17
806 2613 848 2645 iis
867 2613 898 2644 B
915 2613 1052 2651 Aldus,
1073 2613 1126 2645 his
1145 2612 1224 2645 edd.
1243 2615 1326 2644 ante
1344 2611 1427 2643 Ald.
1446 2611 1571 2654 Steph.
1594 2623 1625 2644 ιι.

287 2659 328 2692 ‘18
347 2661 519 2696 ciuitatem
537 2666 581 2697 A.
723 2670 918 2697 aestument
935 2665 1059 2697 ABD.
1209 2665 1249 2697 19
1269 2664 1310 2696 iis
1329 2662 1420 2694 conf.
1440 2663 1484 2695 B.

146 2711 389 2753 conuentisque
407 2715 497 2746 AD.
660 2716 822 2759 peractis]
843 2717 976 2759 paratis
996 2717 1026 2748 b.
1205 2717 1245 2751 21
1268 2726 1341 2748 cum
1360 2715 1576 2757 peruenisset
1596 2715 1627 2746 b.

288 2762 473 2796 circumitis
494 2766 524 2797 b.
634 2768 677 2802 22
696 2773 872 2800 sescentas
889 2778 937 2798 m.
951 2777 1011 2809 pr.
1030 2767 1074 2799 B.
1192 2767 1236 2802 23
1250 2766 1363 2806 cuius]
1384 2775 1466 2807 quas
1487 2766 1518 2796 b.

146 2810 265 2851 longas
285 2812 539 2855 duodetriginta
559 2816 618 2848 bc.
781 2818 824 2852 24
843 2818 898 2859 qui
916 2827 963 2848 m.
980 2827 1038 2858 pr.
1061 2817 1103 2848 B.
1306 2817 1347 2852 25
1366 2816 1499 2859 possint
1516 2815 1591 2847 AB
1604 2814 1632 2847 C

144 2861 175 2893 1)
189 2872 205 2892 e
226 2861 426 2904 ‘plerique’,
448 2870 588 2905 possent
605 2876 627 2897 ιι
782 2867 996 2899 conlaudatis
1016 2868 1057 2898 B.
