1835 3240
106 192 189 235 448
632 192 706 235 DE
738 192 929 235 BELLO
963 191 1214 236 GALLICO

133 307 161 349 2
182 319 268 346 mae
300 306 430 346 fossae
463 306 571 346 labra
604 307 810 347 distarent.
873 306 1063 360 Reliquas
1102 322 1237 349 omnes
1266 308 1503 348 munitiones
1534 308 1581 348 ab
1616 322 1662 349 ea

181 375 286 414 fossa
310 374 428 429 pedes
451 374 758 427 quadringentos
780 375 965 425 reduxit,
999 376 1038 415 id
1069 375 1141 416 hoc
1163 376 1344 425 consilio,
1370 377 1551 429 quoniam
1576 383 1661 415 tan-

180 449 260 481 tum
284 449 393 482 esset
414 442 638 481 necessario
663 443 829 494 spatium
854 444 1071 497 conplexus
1087 474 1097 492 ,
1133 457 1206 483 nec
1237 444 1351 483 facile
1374 451 1493 483 totum
1518 458 1661 497 corpus

181 523 328 549 corona
350 510 513 549 militum
536 509 778 562 cingeretur,
816 525 865 550 ne
889 511 934 551 de
956 511 1160 564 inprouiso
1183 517 1250 551 aut
1272 517 1389 551 noctu
1411 512 1458 551 ad
1479 512 1662 551 munitio-

180 591 250 617 nes
274 577 440 617 hostium
465 577 671 616 multitudo
695 578 911 627 aduolaret,
937 586 1005 618 aut
1024 579 1194 619 interdiu
1218 579 1295 618 tela
1316 579 1356 618 in
1378 586 1536 619 nostros
1552 579 1658 633 operi

133 643 158 685 3
182 644 399 685 destinatos
434 644 616 685 conicere
647 653 822 699 possent.
888 646 974 687 Hoc
1005 647 1231 687 intermisso
1261 647 1390 701 spatio
1421 647 1514 686 duas
1538 647 1663 686 fossas

182 712 400 765 quindecim
424 713 543 766 pedes
567 713 682 762 latas,
709 715 843 754 eadem
858 714 1062 755 altitudine
1084 715 1290 768 perduxit3
1318 728 1478 767 quarum
1501 714 1663 753 interio-

182 793 263 819 rem
288 780 573 833 campestribus
596 795 640 821 ac
665 782 847 822 demissis
870 782 966 822 locis
989 796 1087 836 aqua
1121 797 1174 822 ex
1195 783 1351 822 flumine
1374 782 1548 822 deriuata
1573 795 1666 821 con-

133 848 159 887 4
184 847 317 901 plenit.
362 846 461 887 Post
492 862 559 888 eas
592 863 774 902 aggerem
807 864 853 890 ac
885 850 1028 891 uallum
1063 850 1264 890 duodecim
1296 851 1434 903 pedum
1467 849 1663 889 extruxit.

183 914 284 955 Huic
316 915 477 955 loricam
510 917 727 970 pinnasque
758 919 903 958 adiecit
933 919 1147 972 grandibus
1180 919 1308 958 ceruis
1341 917 1600 957 eminentibus
1623 917 1668 956 ad

183 983 462 1024 commissuras
486 985 704 1038 pluteorum
727 992 842 1039 atque
865 987 1022 1040 aggeris
1039 1018 1048 1035 ‚
1082 987 1145 1040 qui
1169 1000 1375 1026 ascensum
1399 986 1567 1026 hostium
1591 991 1669 1024 tar-

184 1051 350 1101 darent,
375 1059 415 1091 et
438 1059 565 1092 turres
589 1060 670 1092 toto
693 1068 811 1107 opere
835 1055 1114 1104 circumdedit,
1154 1069 1252 1108 quae
1275 1055 1394 1108 pedes
1416 1059 1547 1093 LXXX
1567 1053 1670 1092 inter

106 1118 162 1163 ’73
183 1133 226 1160 se
249 1120 458 1159 distarent.
504 1119 605 1160 Erat
637 1122 771 1162 eodem
807 1129 979 1176 tempore
1009 1130 1047 1163 et
1076 1123 1278 1162 materiari
1307 1129 1346 1162 et
1377 1120 1608 1161 frumentari
1631 1126 1670 1159 et

183 1194 312 1227 tantas
335 1188 573 1228 munitiones
594 1189 676 1229 fieri
700 1204 864 1230 necesse
888 1191 1096 1230 deminutis
1120 1191 1267 1230 nostris
1291 1190 1413 1243 copiis
1429 1220 1438 1238 ,
1465 1202 1563 1243 quae
1586 1188 1669 1227 lon-

183 1255 271 1308 gius
293 1255 340 1295 ab
363 1256 503 1295 castris
518 1257 893 1309 progrediebantur3
919 1272 963 1297 ac
979 1270 1403 1310 nonnumquamopera
1425 1263 1563 1295 nostra
1576 1253 1671 1294 Gat-

182 1323 209 1362 li
234 1329 425 1375 temptare
447 1330 564 1376 atque
586 1325 831 1377 eruptionem
862 1339 913 1365 ex
945 1325 1085 1379 oppido
1117 1326 1291 1379 pluribus
1314 1324 1436 1378 portis
1459 1337 1609 1363 summa
1630 1322 1671 1361 ui

134 1390 162 1431 2
185 1392 318 1430 faeere
341 1391 600 1431 conabantur.
647 1390 780 1444 Quare
815 1394 861 1433 ad
895 1394 990 1434 haec
1025 1408 1163 1433 rursus
1186 1407 1302 1447 opera
1327 1391 1545 1432 addendum
1568 1387 1671 1431 Cae-

183 1472 249 1498 sar
270 1459 446 1512 putauit,
482 1473 558 1511 quo
590 1460 744 1501 minore
774 1476 936 1502 numero
960 1462 1123 1502 militum
1146 1462 1384 1501 munitiones
1404 1458 1559 1500 defendi
1582 1471 1671 1514 pos-

184 1533 286 1566 sent.
320 1524 457 1580 Itaque
477 1528 628 1568 truncis
652 1529 834 1569 arborum
857 1531 1060 1570 admodum
1084 1530 1204 1570 firmis
1226 1530 1346 1570 ramis
1369 1527 1532 1569 abscisis
1555 1533 1671 1579 atque

1703 923 1743 956 10

1705 1261 1743 1293 15

184 1594 321 1634 horum
347 1595 547 1635 delibratis
581 1610 625 1636 ac
659 1598 882 1650 praeacutis
915 1598 1182 1638 cacuminibus
1205 1605 1417 1652 perpetuae
1438 1597 1568 1637 fossae
1591 1593 1673 1647 qui-
1703 1599 1746 1633 20

138 1662 163 1703 3
187 1677 258 1703 nos
281 1663 399 1716 pedes
422 1664 523 1704 altae
547 1664 806 1705 ducebantur.
864 1665 951 1706 Huc
974 1667 1028 1706 illi
1052 1667 1204 1721 stipites
1229 1665 1387 1706 demissi
1411 1672 1449 1705 et
1469 1664 1516 1704 ab
1539 1663 1672 1703 infimo

136 1730 163 1770 4
185 1731 368 1778 reuincti‚
392 1745 441 1772 ne
463 1731 602 1772 reuelli
625 1741 802 1786 possent,
827 1735 874 1774 ab
897 1735 1017 1774 ramis
1040 1735 1277 1775 eminebant.
1329 1732 1452 1786 Quini
1476 1737 1589 1772 erant
1610 1744 1672 1770 or-

185 1799 295 1839 dines
318 1800 515 1840 coniuncti
537 1800 642 1840 inter
663 1815 706 1841 se
738 1810 854 1855 atque
886 1802 1088 1857 inplicati3
1123 1818 1198 1856 quo
1231 1802 1292 1856 qui
1322 1802 1593 1846 intrauerant,
1627 1812 1670 1838 se

184 1973 228 2010 et.
251 1972 315 2012 qvi
330 1981 471 2011 sumina,
494 1973 532 2012 b;
553 1983 681 2005 summa
702 1974 796 2006 labra
816 1975 878 2007 (Ze.
1024 1976 1037 2008 1
1057 1975 1268 2007 distarentB
1282 1977 1316 2006 et
1332 1974 1475 2016 relz'qm',
1498 1971 1672 2004 distabant

183 2021 274 2053 cde.
429 2024 600 2055 mutiones
620 2025 662 2056 B.
817 2027 837 2060 2
857 2027 959 2068 pedes
980 2028 1247 2069 quadringentos
1267 2026 1296 2058 B
1315 2030 1350 2057 et
1368 2025 1424 2067 (de
1442 2025 1588 2067 quibus,
1610 2033 1673 2054 nn-

180 2083 318 2104 merum
338 2072 474 2105 It'llerz's
492 2084 536 2104 (ιη
557 2078 642 2106 nola
661 2079 832 2117 scriplum
847 2077 1013 2118 habeant,
1035 2088 1103 2109 non
1119 2076 1276 2119 constal)
1291 2077 1321 2108 A
1336 2077 1418 2115 CD5
1438 2075 1579 2118 pedibus
1591 2083 1670 2105 cccc

186 2135 202 2155 e
220 2125 346 2156 Aldus.
520 2125 539 2157 3
559 2127 705 2167 spatium
725 2138 740 2157 e
755 2128 772 2158 b
791 2128 943 2168 (sedhic
961 2134 1045 2171 spat.
1071 2139 1201 2160 necess.
1224 2128 1351 2169 esset);
1373 2128 1483 2169 spatio
1501 2126 1573 2158 AB
1586 2125 1667 2157 CD.

327 2177 513 2218 conplexus
533 2177 576 2209 B.
719 2190 778 2210 nec
803 2180 904 2212 facile
922 2182 953 2213 B
967 2193 982 2212 e
1000 2182 1144 2222 reliqui,
1166 2192 1206 2212 ne
1226 2181 1328 2213 facile
1350 2181 1367 2211 b
1382 2191 1398 2210 c
1411 2180 1444 2211 d.
1598 2188 1671 2209 cor-

182 2238 244 2270 pus
265 2227 328 2269 (B)
347 2228 504 2268 relt'qm'5
526 2239 594 2260 om.
616 2239 644 2269 e,
665 2240 746 2271 opus
767 2231 784 2261 b
800 2231 862 2262 ecl.
1011 2233 1031 2264 4
1051 2242 1176 2263 corona
1195 2232 1338 2262 militum
1359 2231 1418 2273 (B)
1441 2229 1670 2261 Gualtlzerm-

183 2290 249 2311 nus
276 2279 398 2320 Steplz.
428 2278 556 2310 Graeu.
586 2283 622 2311 et
644 2283 721 2312 sine
747 2285 985 2315 annotatione
1012 2294 1051 2325 u,
1081 2284 1226 2316 milituln
1252 2294 1377 2315 corona
1401 2283 1561 2325 reliquae
1589 2282 1668 2314 edd.

183 2335 267 2363 ante
285 2342 318 2363 u.
483 2332 658 2374 inprouiso
678 2333 718 2365 Β.
886 2335 941 2377 ad]
962 2336 993 2367 in
1016 2337 1073 2367 be.
1215 2337 1233 2368 6
1253 2337 1386 2368 coicere
1405 2336 1447 2367 B.
1590 2335 1609 2367 7
1628 2345 1673 2366 xv

183 2383 260 2425 (B),
280 2394 348 2415 om.
369 2384 443 2414 Ac.
586 2384 606 2416 8
625 2384 774 2416 dimissis
794 2385 824 2417 B
845 2385 1043 2427 ‘ple1·1'que'.
1187 2387 1361 2430 conpleuit
1378 2386 1420 2418 B.
1544 2386 1562 2417 9
1582 2390 1673 2428 post-

183 2447 222 2469 ea
240 2446 316 2476 agg.
338 2436 368 2466 b.
551 2436 676 2467 uallem
698 2437 728 2467 b.
883 2449 930 2469 xn
951 2438 1023 2479 (B),
1044 2449 1089 2469 xv
1110 2439 1149 2470 C.
1315 2438 1467 2470 extruxit
1489 2438 1527 2469 B.

187 2488 228 2520 10
248 2488 391 2519 luricam
413 2488 443 2518 b.
584 2498 780 2529 pennasque
803 2488 842 2519 C.
984 2490 1168 2529 grandibus
1189 2490 1325 2521 aceruis
1336 2490 1381 2521 D.
1524 2490 1672 2520 eminen-

185 2540 345 2581 tibusque
364 2538 397 2578 d,
419 2548 488 2569 non
509 2548 537 2568 e.
684 2539 718 2571 11
742 2541 877 2580 aggeris
898 2551 925 2581 e,
947 2542 1242 2582 aggeresB‘mss.
1262 2542 1401 2573 malli'.
1543 2540 1615 2583 qui]
1638 2546 1674 2573 ut

186 2591 251 2624 bcl.
394 2599 573 2620 ascensum
592 2589 633 2620 B.
813 2591 854 2623 12
874 2596 986 2624 turres
1006 2603 1048 2624 ex
1066 2598 1137 2624 toto
1155 2603 1202 2624 m.
1216 2603 1277 2635 pr.
1300 2594 1330 2624 b.
1497 2592 1536 2625 13
1556 2592 1673 2624 eodem

188 2644 246 2683 be,
269 2651 307 2672 eo
326 2640 356 2672 B
374 2643 411 2672 et
425 2641 566 2682 reliqui.
711 2642 749 2674 15
770 2653 1017 2686 nonnumquam
1035 2645 1077 2676 B.
1230 2644 1361 2687 nostra]
1382 2645 1401 2676 fi
1420 2655 1581 2687 suprasc.
1601 2655 1669 2676 see.

185 2703 233 2725 m.
254 2696 351 2724 secta
367 2691 409 2723 B.
585 2691 623 2723 18
643 2692 729 2733 quod
748 2693 876 2725 minore
894 2694 940 2725 D.
1107 2695 1146 2727 10
1165 2696 1297 2727 truncis
1317 2696 1474 2727 arborum
1493 2697 1672 2728 admodum

187 2743 293 2775 firmis
312 2742 417 2774 ramis
436 2751 516 2783 ego,
547 2742 677 2773 truncis
701 2743 859 2774 arborum
885 2749 944 2775 aut
962 2745 1140 2777 admodum
1159 2746 1264 2778 firmis
1284 2747 1386 2778 ramis
1406 2746 1504 2778 codd.
1535 2747 1575 2778 P.
1598 2747 1673 2780 104.

330 2795 373 2829 20
394 2794 583 2825 dolabratis
602 2804 680 2825 cum
700 2805 770 2826 uno
789 2799 823 2826 et
841 2796 957 2828 altero
976 2797 1045 2828 det.
1068 2808 1102 2828 v.
1291 2809 1330 2831 ac
1346 2800 1542 2841 praeacutis
1561 2800 1673 2832 ACD

191 2847 249 2886 be,
271 2850 371 2887 atque
391 2845 586 2887 praeacutis
605 2845 694 2884 (B)?
876 2847 915 2879 21
939 2848 1109 2880 ducuntur
1129 2850 1159 2881 b.
1348 2850 1467 2882 demisi
1484 2851 1528 2882 B.

190 2899 233 2930 22
253 2902 350 2929 erant
371 2897 388 2927 b
403 2898 490 2937 cde,
513 2908 581 2929 om.
603 2897 633 2928 B
654 2898 828 2939 ‘rele·qmss'.
970 2900 1012 2934 23
1033 2901 1203 2943 (inplicati
1222 2901 1265 2942 B)
1285 2901 1476 2944 complicati
1497 2902 1528 2935 b.
