<?xml version="1.0" encoding="UTF-8"?>
<!DOCTYPE html PUBLIC "-//W3C//DTD XHTML 1.0 Transitional//EN"
    "http://www.w3.org/TR/xhtml1/DTD/xhtml1-transitional.dtd">
<html xmlns="http://www.w3.org/1999/xhtml" xml:lang="en" lang="en">
 <head>
  <title>
</title>
<meta http-equiv="Content-Type" content="text/html;charset=utf-8" />
  <meta name='ocr-system' content='tesseract 3.04.00' />
  <meta name='ocr-capabilities' content='ocr_page ocr_carea ocr_par ocr_line ocrx_word'/>
</head>
<body>
  <div class='ocr_page' id='page_1' title='image "./commentarii00caesuoft_0409.png"; bbox 0 0 1835 3240; ppageno 0'>
   <div class='ocr_carea' id='block_1_1' title="bbox 78 904 118 936">
    <p class='ocr_par' dir='ltr' id='par_1_1' title="bbox 78 904 118 936">
     <span class='ocr_line' id='line_1_1' title="bbox 78 904 118 936; baseline 0 0"><span class='ocrx_word' id='word_1_1' title='bbox 78 904 118 936; x_wconf 86' lang='lat'>10</span> 
     </span>
    </p>
   </div>
   <div class='ocr_carea' id='block_1_2' title="bbox 78 1243 115 1275">
    <p class='ocr_par' dir='ltr' id='par_1_2' title="bbox 78 1243 115 1275">
     <span class='ocr_line' id='line_1_2' title="bbox 78 1243 115 1275; baseline -0.027 0"><span class='ocrx_word' id='word_1_2' title='bbox 78 1243 115 1275; x_wconf 85' lang='lat'>15</span> 
     </span>
    </p>
   </div>
   <div class='ocr_carea' id='block_1_3' title="bbox 74 1579 116 1613">
    <p class='ocr_par' dir='ltr' id='par_1_3' title="bbox 74 1579 116 1613">
     <span class='ocr_line' id='line_1_3' title="bbox 74 1579 116 1613; baseline -0.048 0"><span class='ocrx_word' id='word_1_3' title='bbox 74 1579 116 1613; x_wconf 81' lang='lat'>20</span> 
     </span>
    </p>
   </div>
   <div class='ocr_carea' id='block_1_4' title="bbox 587 170 1716 222">
    <p class='ocr_par' dir='ltr' id='par_1_4' title="bbox 587 170 1716 222">
     <span class='ocr_line' id='line_1_4' title="bbox 587 170 1716 222; baseline 0.006 -7"><span class='ocrx_word' id='word_1_4' title='bbox 587 171 772 216; x_wconf 84' lang='lat' dir='ltr'><strong>COMM.</strong></span> <span class='ocrx_word' id='word_1_5' title='bbox 796 172 857 217; x_wconf 89' lang='lat' dir='ltr'>VI</span> <span class='ocrx_word' id='word_1_6' title='bbox 877 170 999 216; x_wconf 84' lang='lat' dir='ltr'>CAP.</span> <span class='ocrx_word' id='word_1_7' title='bbox 1022 172 1219 217; x_wconf 72' lang='grc'><strong>31-33,</strong></span> <span class='ocrx_word' id='word_1_8' title='bbox 1634 177 1716 222; x_wconf 82' lang='grc'>399</span> 
     </span>
    </p>
   </div>
   <div class='ocr_carea' id='block_1_5' title="bbox 148 276 1713 2037">
    <p class='ocr_par' dir='ltr' id='par_1_5' title="bbox 148 276 1713 2037">
     <span class='ocr_line' id='line_1_5' title="bbox 161 276 1638 339; baseline 0 -6"><span class='ocrx_word' id='word_1_9' title='bbox 161 290 372 333; x_wconf 79' lang='lat' dir='ltr'>Caesarem</span> <span class='ocrx_word' id='word_1_10' title='bbox 394 289 586 328; x_wconf 86' lang='lat' dir='ltr'>miserunt</span> <span class='ocrx_word' id='word_1_11' title='bbox 609 295 760 329; x_wconf 87' lang='lat' dir='ltr'>oratum</span> <span class='ocrx_word' id='word_1_12' title='bbox 778 320 788 339; x_wconf 88' lang='lat'>,</span> <span class='ocrx_word' id='word_1_13' title='bbox 814 301 863 328; x_wconf 94' lang='lat' dir='ltr'>ne</span> <span class='ocrx_word' id='word_1_14' title='bbox 885 301 928 328; x_wconf 89' lang='lat' dir='ltr'>se</span> <span class='ocrx_word' id='word_1_15' title='bbox 949 288 989 328; x_wconf 92' lang='lat' dir='ltr'>in</span> <span class='ocrx_word' id='word_1_16' title='bbox 1013 276 1182 328; x_wconf 85' lang='lat' dir='ltr'>hostium</span> <span class='ocrx_word' id='word_1_17' title='bbox 1205 299 1369 327; x_wconf 84' lang='lat' dir='ltr'>numero</span> <span class='ocrx_word' id='word_1_18' title='bbox 1392 288 1552 331; x_wconf 83' lang='lat' dir='ltr'>duceret</span> <span class='ocrx_word' id='word_1_19' title='bbox 1572 306 1638 333; x_wconf 88' lang='lat' dir='ltr'>ne-</span> 
     </span>
     <span class='ocr_line' id='line_1_6' title="bbox 158 353 1639 409; baseline 0.001 -11"><span class='ocrx_word' id='word_1_20' title='bbox 158 372 203 398; x_wconf 91' lang='lat' dir='ltr'>ue</span> <span class='ocrx_word' id='word_1_21' title='bbox 233 357 403 397; x_wconf 90' lang='lat' dir='ltr'>omnium</span> <span class='ocrx_word' id='word_1_22' title='bbox 426 354 715 397; x_wconf 89' lang='lat' dir='ltr'>Germanorum</span> <span class='ocrx_word' id='word_1_23' title='bbox 733 388 742 406; x_wconf 89' lang='lat'>,</span> <span class='ocrx_word' id='word_1_24' title='bbox 779 356 843 409; x_wconf 88' lang='lat' dir='ltr'>qui</span> <span class='ocrx_word' id='word_1_25' title='bbox 876 363 1010 396; x_wconf 79' lang='lat' dir='ltr'><strong>essent</strong></span> <span class='ocrx_word' id='word_1_26' title='bbox 1037 356 1139 396; x_wconf 86' lang='lat' dir='ltr'>citra</span> <span class='ocrx_word' id='word_1_27' title='bbox 1160 353 1368 403; x_wconf 74' lang='lat' dir='ltr'>Rhenum,</span> <span class='ocrx_word' id='word_1_28' title='bbox 1402 369 1518 395; x_wconf 86' lang='lat' dir='ltr'>unam</span> <span class='ocrx_word' id='word_1_29' title='bbox 1552 372 1639 400; x_wconf 87' lang='lat' dir='ltr'>esse</span> 
     </span>
     <span class='ocr_line' id='line_1_7' title="bbox 157 423 1640 478; baseline 0 -13"><span class='ocrx_word' id='word_1_30' title='bbox 157 438 310 466; x_wconf 86' lang='lat' dir='ltr'>eausam</span> <span class='ocrx_word' id='word_1_31' title='bbox 334 424 546 464; x_wconf 86' lang='lat' dir='ltr'>iudicaret:</span> <span class='ocrx_word' id='word_1_32' title='bbox 588 424 684 464; x_wconf 91' lang='lat' dir='ltr'>nihil</span> <span class='ocrx_word' id='word_1_33' title='bbox 714 437 756 464; x_wconf 92' lang='lat' dir='ltr'>se</span> <span class='ocrx_word' id='word_1_34' title='bbox 788 424 834 464; x_wconf 92' lang='lat' dir='ltr'>de</span> <span class='ocrx_word' id='word_1_35' title='bbox 862 424 964 464; x_wconf 91' lang='lat' dir='ltr'>bello</span> <span class='ocrx_word' id='word_1_36' title='bbox 996 424 1258 478; x_wconf 84' lang='lat' dir='ltr'>cogitauisse,</span> <span class='ocrx_word' id='word_1_37' title='bbox 1292 423 1396 462; x_wconf 89' lang='lat' dir='ltr'>nulla</span> <span class='ocrx_word' id='word_1_38' title='bbox 1420 423 1640 478; x_wconf 79' lang='lat' dir='ltr'>Ambiorigi</span> 
     </span>
     <span class='ocr_line' id='line_1_8' title="bbox 156 489 1687 544; baseline 0.001 -11"><span class='ocrx_word' id='word_1_39' title='bbox 156 492 303 533; x_wconf 85' lang='lat' dir='ltr'>auxilia</span> <span class='ocrx_word' id='word_1_40' title='bbox 332 491 501 532; x_wconf 83' lang='lat' dir='ltr'>misisse.</span> <span class='ocrx_word' id='word_1_41' title='bbox 547 489 699 532; x_wconf 87' lang='lat' dir='ltr'>Caesar</span> <span class='ocrx_word' id='word_1_42' title='bbox 732 492 937 544; x_wconf 84' lang='lat' dir='ltr'>explorata</span> <span class='ocrx_word' id='word_1_43' title='bbox 970 505 1012 531; x_wconf 91' lang='lat' dir='ltr'>re</span> <span class='ocrx_word' id='word_1_44' title='bbox 1044 492 1276 544; x_wconf 78' lang='lat' dir='ltr'>quaestione</span> <span class='ocrx_word' id='word_1_45' title='bbox 1307 491 1576 544; x_wconf 88' lang='lat' dir='ltr'>captiuorum,</span> <span class='ocrx_word' id='word_1_46' title='bbox 1608 494 1640 532; x_wconf 90' lang='lat' dir='ltr'>si</span> <span class='ocrx_word' id='word_1_47' title='bbox 1661 494 1687 534; x_wconf 77' lang='lat'><strong>2</strong></span> 
     </span>
     <span class='ocr_line' id='line_1_9' title="bbox 156 558 1638 613; baseline 0 -14"><span class='ocrx_word' id='word_1_48' title='bbox 156 560 219 613; x_wconf 90' lang='lat' dir='ltr'>qui</span> <span class='ocrx_word' id='word_1_49' title='bbox 240 560 287 599; x_wconf 90' lang='lat' dir='ltr'>ad</span> <span class='ocrx_word' id='word_1_50' title='bbox 311 573 378 599; x_wconf 89' lang='lat' dir='ltr'>eos</span> <span class='ocrx_word' id='word_1_51' title='bbox 400 558 610 599; x_wconf 85' lang='lat' dir='ltr'>Eburones</span> <span class='ocrx_word' id='word_1_52' title='bbox 634 573 686 599; x_wconf 86' lang='lat' dir='ltr'>ex</span> <span class='ocrx_word' id='word_1_53' title='bbox 709 560 799 612; x_wconf 86' lang='lat' dir='ltr'>fuga</span> <span class='ocrx_word' id='word_1_54' title='bbox 820 559 1116 608; x_wconf 85' lang='lat' dir='ltr'>conuenissent,</span> <span class='ocrx_word' id='word_1_55' title='bbox 1142 560 1188 599; x_wconf 87' lang='lat' dir='ltr'>ad</span> <span class='ocrx_word' id='word_1_56' title='bbox 1211 573 1253 599; x_wconf 90' lang='lat' dir='ltr'>se</span> <span class='ocrx_word' id='word_1_57' title='bbox 1276 566 1316 598; x_wconf 84' lang='lat' dir='ltr'>ut</span> <span class='ocrx_word' id='word_1_58' title='bbox 1337 559 1638 609; x_wconf 82' lang='lat' dir='ltr'>reducerentur,</span> 
     </span>
     <span class='ocr_line' id='line_1_10' title="bbox 153 626 1635 681; baseline 0.001 -15"><span class='ocrx_word' id='word_1_59' title='bbox 153 628 383 680; x_wconf 81' lang='lat' dir='ltr'>imperauit3</span> <span class='ocrx_word' id='word_1_60' title='bbox 425 628 457 667; x_wconf 88' lang='lat' dir='ltr'>si</span> <span class='ocrx_word' id='word_1_61' title='bbox 488 627 542 668; x_wconf 84' lang='lat' dir='ltr'>ita</span> <span class='ocrx_word' id='word_1_62' title='bbox 573 627 786 673; x_wconf 76' lang='lat' dir='ltr'>fecissent,</span> <span class='ocrx_word' id='word_1_63' title='bbox 823 626 919 666; x_wconf 89' lang='lat' dir='ltr'>fines</span> <span class='ocrx_word' id='word_1_64' title='bbox 953 640 1088 666; x_wconf 88' lang='lat' dir='ltr'>eorum</span> <span class='ocrx_word' id='word_1_65' title='bbox 1121 640 1163 666; x_wconf 90' lang='grc'>58</span> <span class='ocrx_word' id='word_1_66' title='bbox 1193 627 1429 667; x_wconf 89' lang='lat' dir='ltr'>uiolaturum</span> <span class='ocrx_word' id='word_1_67' title='bbox 1460 627 1635 681; x_wconf 89' lang='lat' dir='ltr'>negauit.</span> 
     </span>
     <span class='ocr_line' id='line_1_11' title="bbox 152 694 1686 749; baseline 0.001 -15"><span class='ocrx_word' id='word_1_68' title='bbox 152 694 254 734; x_wconf 88' lang='lat' dir='ltr'>Tum</span> <span class='ocrx_word' id='word_1_69' title='bbox 279 695 400 748; x_wconf 89' lang='lat' dir='ltr'>copiis</span> <span class='ocrx_word' id='word_1_70' title='bbox 422 695 461 734; x_wconf 89' lang='lat' dir='ltr'>in</span> <span class='ocrx_word' id='word_1_71' title='bbox 484 695 554 735; x_wconf 83' lang='lat' dir='ltr'>tris</span> <span class='ocrx_word' id='word_1_72' title='bbox 577 701 709 748; x_wconf 85' lang='lat' dir='ltr'>partes</span> <span class='ocrx_word' id='word_1_73' title='bbox 723 694 942 734; x_wconf 76' lang='lat' dir='ltr'>distributis</span> <span class='ocrx_word' id='word_1_74' title='bbox 964 694 1226 748; x_wconf 84' lang='lat' dir='ltr'>inpedimenta</span> <span class='ocrx_word' id='word_1_75' title='bbox 1250 695 1420 734; x_wconf 87' lang='lat' dir='ltr'>omnium</span> <span class='ocrx_word' id='word_1_76' title='bbox 1442 695 1638 749; x_wconf 84' lang='lat' dir='ltr'>legionum</span> <span class='ocrx_word' id='word_1_77' title='bbox 1661 695 1686 736; x_wconf 89' lang='grc'><strong>3</strong></span> 
     </span>
     <span class='ocr_line' id='line_1_12' title="bbox 151 761 1686 804; baseline 0.001 -2"><span class='ocrx_word' id='word_1_78' title='bbox 151 763 398 803; x_wconf 79' lang='lat' dir='ltr'><strong>Aduatucam</strong></span> <span class='ocrx_word' id='word_1_79' title='bbox 423 763 602 803; x_wconf 85' lang='lat' dir='ltr'>eontulit.</span> <span class='ocrx_word' id='word_1_80' title='bbox 648 761 690 801; x_wconf 92' lang='lat' dir='ltr'>Id</span> <span class='ocrx_word' id='word_1_81' title='bbox 713 762 865 802; x_wconf 79' lang='lat' dir='ltr'>castelli</span> <span class='ocrx_word' id='word_1_82' title='bbox 891 770 1132 803; x_wconf 81' lang='lat' dir='ltr'>nmnenest.</span> <span class='ocrx_word' id='word_1_83' title='bbox 1179 761 1263 801; x_wconf 90' lang='lat' dir='ltr'>Hoc</span> <span class='ocrx_word' id='word_1_84' title='bbox 1296 764 1378 803; x_wconf 90' lang='lat' dir='ltr'>fere</span> <span class='ocrx_word' id='word_1_85' title='bbox 1411 770 1472 803; x_wconf 92' lang='lat' dir='ltr'>est</span> <span class='ocrx_word' id='word_1_86' title='bbox 1493 763 1534 802; x_wconf 90' lang='lat' dir='ltr'>in</span> <span class='ocrx_word' id='word_1_87' title='bbox 1556 777 1638 804; x_wconf 91' lang='lat' dir='ltr'>me-</span> <span class='ocrx_word' id='word_1_88' title='bbox 1659 764 1686 803; x_wconf 86' lang='lat'>4</span> 
     </span>
     <span class='ocr_line' id='line_1_13' title="bbox 152 820 1637 883; baseline 0.001 -14"><span class='ocrx_word' id='word_1_89' title='bbox 152 830 224 869; x_wconf 87' lang='lat' dir='ltr'>diis</span> <span class='ocrx_word' id='word_1_90' title='bbox 247 829 476 870; x_wconf 86' lang='lat' dir='ltr'>Eburonum</span> <span class='ocrx_word' id='word_1_91' title='bbox 498 830 638 870; x_wconf 86' lang='lat' dir='ltr'>finibus</span> <span class='ocrx_word' id='word_1_92' title='bbox 654 861 664 879; x_wconf 95' lang='lat'>,</span> <span class='ocrx_word' id='word_1_93' title='bbox 697 830 760 869; x_wconf 90' lang='lat' dir='ltr'>ubi</span> <span class='ocrx_word' id='word_1_94' title='bbox 782 828 964 870; x_wconf 85' lang='lat' dir='ltr'>Titurius</span> <span class='ocrx_word' id='word_1_95' title='bbox 987 837 1103 883; x_wconf 90' lang='lat' dir='ltr'>atque</span> <span class='ocrx_word' id='word_1_96' title='bbox 1128 820 1418 870; x_wconf 83' lang='lat' dir='ltr'>Aurunculeius</span> <span class='ocrx_word' id='word_1_97' title='bbox 1441 830 1637 871; x_wconf 81' lang='lat' dir='ltr'>hiemandi</span> 
     </span>
     <span class='ocr_line' id='line_1_14' title="bbox 150 897 1683 951; baseline 0.002 -15"><span class='ocrx_word' id='word_1_98' title='bbox 150 911 267 937; x_wconf 82' lang='lat' dir='ltr'>causa</span> <span class='ocrx_word' id='word_1_99' title='bbox 290 899 564 938; x_wconf 86' lang='lat' dir='ltr'>consederant.</span> <span class='ocrx_word' id='word_1_100' title='bbox 604 897 721 937; x_wconf 88' lang='lat' dir='ltr'>Hunc</span> <span class='ocrx_word' id='word_1_101' title='bbox 744 912 831 937; x_wconf 89' lang='lat' dir='ltr'>cum</span> <span class='ocrx_word' id='word_1_102' title='bbox 853 898 1016 950; x_wconf 89' lang='lat' dir='ltr'>reliquis</span> <span class='ocrx_word' id='word_1_103' title='bbox 1039 897 1157 938; x_wconf 86' lang='lat' dir='ltr'>rebus</span> <span class='ocrx_word' id='word_1_104' title='bbox 1180 899 1305 937; x_wconf 86' lang='lat' dir='ltr'>locum</span> <span class='ocrx_word' id='word_1_105' title='bbox 1330 899 1528 951; x_wconf 89' lang='lat' dir='ltr'>probarat,</span> <span class='ocrx_word' id='word_1_106' title='bbox 1554 905 1636 939; x_wconf 86' lang='lat' dir='ltr'>tum</span> <span class='ocrx_word' id='word_1_107' title='bbox 1659 897 1683 939; x_wconf 87' lang='lat'>5</span> 
     </span>
     <span class='ocr_line' id='line_1_15' title="bbox 151 965 1638 1019; baseline 0.001 -15"><span class='ocrx_word' id='word_1_108' title='bbox 151 966 252 1017; x_wconf 89' lang='lat' dir='ltr'>quod</span> <span class='ocrx_word' id='word_1_109' title='bbox 274 966 487 1018; x_wconf 88' lang='lat' dir='ltr'>superioris</span> <span class='ocrx_word' id='word_1_110' title='bbox 514 966 611 1005; x_wconf 64' lang='lat' dir='ltr'>&gt;anni</span> <span class='ocrx_word' id='word_1_111' title='bbox 644 965 883 1005; x_wconf 84' lang='lat' dir='ltr'>munitiones</span> <span class='ocrx_word' id='word_1_112' title='bbox 915 966 1095 1019; x_wconf 78' lang='lat' dir='ltr'>integrae</span> <span class='ocrx_word' id='word_1_113' title='bbox 1129 966 1365 1015; x_wconf 84' lang='lat' dir='ltr'>manebant,</span> <span class='ocrx_word' id='word_1_114' title='bbox 1400 973 1441 1005; x_wconf 87' lang='lat' dir='ltr'>ut</span> <span class='ocrx_word' id='word_1_115' title='bbox 1472 967 1638 1006; x_wconf 88' lang='lat' dir='ltr'>militum</span> 
     </span>
     <span class='ocr_line' id='line_1_16' title="bbox 149 1025 1638 1087; baseline 0.002 -15"><span class='ocrx_word' id='word_1_116' title='bbox 149 1032 322 1072; x_wconf 87' lang='lat' dir='ltr'>laborem</span> <span class='ocrx_word' id='word_1_117' title='bbox 345 1025 585 1073; x_wconf 76' lang='lat' dir='ltr'>stibleuaret.</span> <span class='ocrx_word' id='word_1_118' title='bbox 640 1032 847 1073; x_wconf 80' lang='lat' dir='ltr'>Praesidio</span> <span class='ocrx_word' id='word_1_119' title='bbox 869 1033 1145 1086; x_wconf 81' lang='lat' dir='ltr'>inpedimentis</span> <span class='ocrx_word' id='word_1_120' title='bbox 1169 1033 1364 1087; x_wconf 83' lang='lat' dir='ltr'>legionem</span> <span class='ocrx_word' id='word_1_121' title='bbox 1389 1035 1638 1086; x_wconf 85' lang='lat' dir='ltr'>quartamde-</span> 
     </span>
     <span class='ocr_line' id='line_1_17' title="bbox 149 1100 1638 1155; baseline 0.002 -16"><span class='ocrx_word' id='word_1_122' title='bbox 149 1100 285 1140; x_wconf 87' lang='lat' dir='ltr'>cimam</span> <span class='ocrx_word' id='word_1_123' title='bbox 309 1101 483 1153; x_wconf 81' lang='lat' dir='ltr'>reliquit,</span> <span class='ocrx_word' id='word_1_124' title='bbox 508 1115 625 1141; x_wconf 84' lang='lat' dir='ltr'>unam</span> <span class='ocrx_word' id='word_1_125' title='bbox 649 1114 701 1140; x_wconf 78' lang='lat' dir='ltr'>ex</span> <span class='ocrx_word' id='word_1_126' title='bbox 724 1101 782 1141; x_wconf 87' lang='lat' dir='ltr'>his</span> <span class='ocrx_word' id='word_1_127' title='bbox 806 1100 930 1141; x_wconf 84' lang='lat' dir='ltr'>tribus</span> <span class='ocrx_word' id='word_1_128' title='bbox 947 1132 956 1149; x_wconf 87' lang='lat'>,</span> <span class='ocrx_word' id='word_1_129' title='bbox 983 1116 1077 1154; x_wconf 90' lang='lat' dir='ltr'>quas</span> <span class='ocrx_word' id='word_1_130' title='bbox 1101 1116 1294 1155; x_wconf 81' lang='lat' dir='ltr'>proxume</span> <span class='ocrx_word' id='word_1_131' title='bbox 1317 1102 1561 1155; x_wconf 84' lang='lat' dir='ltr'>conscriptas</span> <span class='ocrx_word' id='word_1_132' title='bbox 1585 1115 1638 1143; x_wconf 75' lang='lat' dir='ltr'>ex</span> 
     </span>
     <span class='ocr_line' id='line_1_18' title="bbox 149 1165 1684 1222; baseline 0.003 -16"><span class='ocrx_word' id='word_1_133' title='bbox 149 1165 263 1207; x_wconf 86' lang='lat' dir='ltr'>Italia</span> <span class='ocrx_word' id='word_1_134' title='bbox 287 1169 533 1209; x_wconf 79' lang='lat' dir='ltr'>traduxerat.</span> <span class='ocrx_word' id='word_1_135' title='bbox 578 1168 628 1208; x_wconf 81' lang='lat' dir='ltr'>Ei</span> <span class='ocrx_word' id='word_1_136' title='bbox 651 1169 794 1222; x_wconf 89' lang='lat' dir='ltr'>legioni</span> <span class='ocrx_word' id='word_1_137' title='bbox 818 1168 1040 1221; x_wconf 84' lang='lat' dir='ltr'>castrisque</span> <span class='ocrx_word' id='word_1_138' title='bbox 1063 1167 1250 1221; x_wconf 82' lang='lat' dir='ltr'>Quintum</span> <span class='ocrx_word' id='word_1_139' title='bbox 1276 1168 1449 1210; x_wconf 88' lang='lat' dir='ltr'>Tullium</span> <span class='ocrx_word' id='word_1_140' title='bbox 1474 1166 1636 1210; x_wconf 76' lang='lat' dir='ltr'>Cicero·</span> <span class='ocrx_word' id='word_1_141' title='bbox 1658 1169 1684 1210; x_wconf 87' lang='grc'><strong>6</strong></span> 
     </span>
     <span class='ocr_line' id='line_1_19' title="bbox 148 1236 1713 1290; baseline 0.002 -15"><span class='ocrx_word' id='word_1_142' title='bbox 148 1249 233 1275; x_wconf 90' lang='lat' dir='ltr'>nem</span> <span class='ocrx_word' id='word_1_143' title='bbox 258 1236 433 1289; x_wconf 79' lang='lat' dir='ltr'>praeficit</span> <span class='ocrx_word' id='word_1_144' title='bbox 455 1237 722 1290; x_wconf 83' lang='lat' dir='ltr'>ducentosque</span> <span class='ocrx_word' id='word_1_145' title='bbox 745 1237 896 1290; x_wconf 85' lang='lat' dir='ltr'>equites</span> <span class='ocrx_word' id='word_1_146' title='bbox 919 1237 1121 1276; x_wconf 85' lang='lat' dir='ltr'>adtribuit.</span> <span class='ocrx_word' id='word_1_147' title='bbox 1184 1236 1336 1278; x_wconf 87' lang='lat' dir='ltr'>Partito</span> <span class='ocrx_word' id='word_1_148' title='bbox 1368 1237 1549 1277; x_wconf 83' lang='lat' dir='ltr'>exercitu</span> <span class='ocrx_word' id='word_1_149' title='bbox 1570 1237 1638 1278; x_wconf 81' lang='lat' dir='ltr'>Ti·</span> <span class='ocrx_word' id='word_1_150' title='bbox 1658 1238 1713 1282; x_wconf 83' lang='lat'>33</span> 
     </span>
     <span class='ocr_line' id='line_1_20' title="bbox 149 1302 1637 1358; baseline 0.002 -16"><span class='ocrx_word' id='word_1_151' title='bbox 149 1310 227 1342; x_wconf 87' lang='lat' dir='ltr'>tum</span> <span class='ocrx_word' id='word_1_152' title='bbox 251 1302 469 1343; x_wconf 88' lang='lat' dir='ltr'>Labienum</span> <span class='ocrx_word' id='word_1_153' title='bbox 504 1319 589 1344; x_wconf 91' lang='lat' dir='ltr'>cum</span> <span class='ocrx_word' id='word_1_154' title='bbox 621 1305 841 1358; x_wconf 85' lang='lat' dir='ltr'>legionibus</span> <span class='ocrx_word' id='word_1_155' title='bbox 874 1304 998 1344; x_wconf 80' lang='lat' dir='ltr'>tribus</span> <span class='ocrx_word' id='word_1_156' title='bbox 1031 1305 1077 1344; x_wconf 87' lang='lat' dir='ltr'>ad</span> <span class='ocrx_word' id='word_1_157' title='bbox 1101 1303 1303 1346; x_wconf 85' lang='lat' dir='ltr'>Oceanum</span> <span class='ocrx_word' id='word_1_158' title='bbox 1335 1319 1477 1346; x_wconf 88' lang='lat' dir='ltr'>uersus</span> <span class='ocrx_word' id='word_1_159' title='bbox 1508 1306 1637 1346; x_wconf 89' lang='lat' dir='ltr'>ineas</span> 
     </span>
     <span class='ocr_line' id='line_1_21' title="bbox 150 1371 1684 1425; baseline 0.003 -15"><span class='ocrx_word' id='word_1_160' title='bbox 150 1377 297 1424; x_wconf 86' lang='lat' dir='ltr'>partes,</span> <span class='ocrx_word' id='word_1_161' title='bbox 321 1385 420 1424; x_wconf 87' lang='lat' dir='ltr'>quae</span> <span class='ocrx_word' id='word_1_162' title='bbox 444 1371 650 1425; x_wconf 88' lang='lat' dir='ltr'>Menapios</span> <span class='ocrx_word' id='word_1_163' title='bbox 673 1373 908 1424; x_wconf 87' lang='lat' dir='ltr'>adtingunt,</span> <span class='ocrx_word' id='word_1_164' title='bbox 935 1373 1129 1425; x_wconf 87' lang='lat' dir='ltr'>proficisci</span> <span class='ocrx_word' id='word_1_165' title='bbox 1153 1373 1284 1423; x_wconf 75' lang='lat' dir='ltr'>iubet3</span> <span class='ocrx_word' id='word_1_166' title='bbox 1318 1371 1461 1413; x_wconf 87' lang='lat' dir='ltr'>Gaium</span> <span class='ocrx_word' id='word_1_167' title='bbox 1483 1373 1636 1414; x_wconf 88' lang='lat' dir='ltr'>Trebo-</span> <span class='ocrx_word' id='word_1_168' title='bbox 1658 1374 1684 1415; x_wconf 78' lang='grc'>,2</span> 
     </span>
     <span class='ocr_line' id='line_1_22' title="bbox 151 1438 1636 1495; baseline 0.002 -17"><span class='ocrx_word' id='word_1_169' title='bbox 151 1438 255 1478; x_wconf 89' lang='lat' dir='ltr'>nium</span> <span class='ocrx_word' id='word_1_170' title='bbox 279 1454 364 1479; x_wconf 86' lang='lat' dir='ltr'>eum</span> <span class='ocrx_word' id='word_1_171' title='bbox 387 1440 471 1493; x_wconf 84' lang='lat' dir='ltr'>pari</span> <span class='ocrx_word' id='word_1_172' title='bbox 492 1441 689 1494; x_wconf 88' lang='lat' dir='ltr'>legionum</span> <span class='ocrx_word' id='word_1_173' title='bbox 713 1453 876 1479; x_wconf 87' lang='lat' dir='ltr'>numero</span> <span class='ocrx_word' id='word_1_174' title='bbox 898 1440 945 1480; x_wconf 90' lang='lat' dir='ltr'>ad</span> <span class='ocrx_word' id='word_1_175' title='bbox 969 1454 1051 1480; x_wconf 88' lang='lat' dir='ltr'>eam</span> <span class='ocrx_word' id='word_1_176' title='bbox 1075 1442 1293 1495; x_wconf 79' lang='lat' dir='ltr'>regionem,</span> <span class='ocrx_word' id='word_1_177' title='bbox 1319 1455 1418 1494; x_wconf 90' lang='lat' dir='ltr'>quae</span> <span class='ocrx_word' id='word_1_178' title='bbox 1439 1441 1486 1480; x_wconf 90' lang='lat' dir='ltr'>ad</span> <span class='ocrx_word' id='word_1_179' title='bbox 1501 1442 1636 1482; x_wconf 86' lang='lat' dir='ltr'>Adua-</span> 
     </span>
     <span class='ocr_line' id='line_1_23' title="bbox 151 1507 1681 1562; baseline 0.003 -17"><span class='ocrx_word' id='word_1_180' title='bbox 151 1513 261 1546; x_wconf 81' lang='lat' dir='ltr'>tucos</span> <span class='ocrx_word' id='word_1_181' title='bbox 285 1507 464 1557; x_wconf 87' lang='lat' dir='ltr'>adiaeet,</span> <span class='ocrx_word' id='word_1_182' title='bbox 502 1508 809 1562; x_wconf 86' lang='lat' dir='ltr'>depopulandam</span> <span class='ocrx_word' id='word_1_183' title='bbox 833 1507 975 1557; x_wconf 80' lang='lat' dir='ltr'>mittit3</span> <span class='ocrx_word' id='word_1_184' title='bbox 1010 1508 1093 1562; x_wconf 87' lang='lat' dir='ltr'>ipse</span> <span class='ocrx_word' id='word_1_185' title='bbox 1126 1523 1211 1548; x_wconf 90' lang='lat' dir='ltr'>cum</span> <span class='ocrx_word' id='word_1_186' title='bbox 1245 1509 1405 1562; x_wconf 90' lang='lat' dir='ltr'>reliquis</span> <span class='ocrx_word' id='word_1_187' title='bbox 1440 1509 1564 1550; x_wconf 88' lang='lat' dir='ltr'>tribus</span> <span class='ocrx_word' id='word_1_188' title='bbox 1587 1509 1634 1550; x_wconf 88' lang='lat' dir='ltr'>ad</span> <span class='ocrx_word' id='word_1_189' title='bbox 1657 1509 1681 1549; x_wconf 87' lang='lat'><strong>3</strong></span> 
     </span>
     <span class='ocr_line' id='line_1_24' title="bbox 148 1572 1637 1629; baseline 0.005 -17"><span class='ocrx_word' id='word_1_190' title='bbox 148 1573 290 1614; x_wconf 87' lang='lat' dir='ltr'>flumen</span> <span class='ocrx_word' id='word_1_191' title='bbox 313 1572 509 1625; x_wconf 89' lang='lat' dir='ltr'>Scaldem,</span> <span class='ocrx_word' id='word_1_192' title='bbox 535 1577 635 1628; x_wconf 86' lang='lat' dir='ltr'>quod</span> <span class='ocrx_word' id='word_1_193' title='bbox 658 1576 785 1615; x_wconf 83' lang='lat' dir='ltr'>influit</span> <span class='ocrx_word' id='word_1_194' title='bbox 806 1575 845 1615; x_wconf 88' lang='lat' dir='ltr'>in</span> <span class='ocrx_word' id='word_1_195' title='bbox 868 1573 1022 1615; x_wconf 89' lang='lat' dir='ltr'>Mosam</span> <span class='ocrx_word' id='word_1_196' title='bbox 1041 1607 1050 1626; x_wconf 91' lang='lat'>,</span> <span class='ocrx_word' id='word_1_197' title='bbox 1088 1583 1371 1629; x_wconf 82' lang='lat' dir='ltr'>extremasque</span> <span class='ocrx_word' id='word_1_198' title='bbox 1392 1576 1637 1619; x_wconf 86' lang='lat' dir='ltr'>Arduennae</span> 
     </span>
     <span class='ocr_line' id='line_1_25' title="bbox 148 1642 1635 1697; baseline 0.003 -17"><span class='ocrx_word' id='word_1_199' title='bbox 148 1642 270 1694; x_wconf 91' lang='lat' dir='ltr'>partis</span> <span class='ocrx_word' id='word_1_200' title='bbox 293 1642 351 1682; x_wconf 90' lang='lat' dir='ltr'>ire</span> <span class='ocrx_word' id='word_1_201' title='bbox 375 1644 592 1693; x_wconf 81' lang='lat' dir='ltr'>constituit,</span> <span class='ocrx_word' id='word_1_202' title='bbox 619 1657 695 1696; x_wconf 90' lang='lat' dir='ltr'>quo</span> <span class='ocrx_word' id='word_1_203' title='bbox 718 1657 803 1682; x_wconf 90' lang='lat' dir='ltr'>cum</span> <span class='ocrx_word' id='word_1_204' title='bbox 828 1643 960 1695; x_wconf 86' lang='lat' dir='ltr'>paucis</span> <span class='ocrx_word' id='word_1_205' title='bbox 983 1643 1176 1696; x_wconf 90' lang='lat' dir='ltr'>equitibus</span> <span class='ocrx_word' id='word_1_206' title='bbox 1199 1645 1416 1697; x_wconf 83' lang='lat' dir='ltr'>profectum</span> <span class='ocrx_word' id='word_1_207' title='bbox 1434 1644 1635 1685; x_wconf 87' lang='lat' dir='ltr'>Ambiori-</span> 
     </span>
     <span class='ocr_line' id='line_1_26' title="bbox 148 1709 1681 1764; baseline 0.003 -16"><span class='ocrx_word' id='word_1_208' title='bbox 148 1721 232 1761; x_wconf 87' lang='lat' dir='ltr'>gem</span> <span class='ocrx_word' id='word_1_209' title='bbox 265 1709 462 1750; x_wconf 88' lang='lat' dir='ltr'>audiebat.</span> <span class='ocrx_word' id='word_1_210' title='bbox 516 1709 738 1751; x_wconf 83' lang='lat' dir='ltr'>Discedens</span> <span class='ocrx_word' id='word_1_211' title='bbox 770 1717 858 1764; x_wconf 88' lang='lat' dir='ltr'>post</span> <span class='ocrx_word' id='word_1_212' title='bbox 889 1710 988 1750; x_wconf 87' lang='lat' dir='ltr'>diem</span> <span class='ocrx_word' id='word_1_213' title='bbox 1021 1712 1228 1764; x_wconf 90' lang='lat' dir='ltr'>septimum</span> <span class='ocrx_word' id='word_1_214' title='bbox 1260 1725 1348 1751; x_wconf 90' lang='lat' dir='ltr'>sese</span> <span class='ocrx_word' id='word_1_215' title='bbox 1379 1725 1633 1753; x_wconf 89' lang='lat' dir='ltr'>reuersurum</span> <span class='ocrx_word' id='word_1_216' title='bbox 1655 1713 1681 1753; x_wconf 91' lang='grc'><strong>4</strong></span> 
     </span>
     <span class='ocr_line' id='line_1_27' title="bbox 149 1778 1635 1833; baseline 0.003 -17"><span class='ocrx_word' id='word_1_217' title='bbox 149 1778 374 1827; x_wconf 69' lang='lat' dir='ltr'>eonfirmatg</span> <span class='ocrx_word' id='word_1_218' title='bbox 408 1792 521 1831; x_wconf 87' lang='lat' dir='ltr'>quam</span> <span class='ocrx_word' id='word_1_219' title='bbox 545 1779 591 1818; x_wconf 88' lang='lat' dir='ltr'>ad</span> <span class='ocrx_word' id='word_1_220' title='bbox 614 1779 712 1819; x_wconf 89' lang='lat' dir='ltr'>diem</span> <span class='ocrx_word' id='word_1_221' title='bbox 737 1779 770 1818; x_wconf 89' lang='lat' dir='ltr'>ei</span> <span class='ocrx_word' id='word_1_222' title='bbox 794 1778 955 1832; x_wconf 83' lang='lat' dir='ltr'>legioni,</span> <span class='ocrx_word' id='word_1_223' title='bbox 981 1792 1081 1831; x_wconf 90' lang='lat' dir='ltr'>quae</span> <span class='ocrx_word' id='word_1_224' title='bbox 1102 1779 1142 1818; x_wconf 89' lang='lat' dir='ltr'>in</span> <span class='ocrx_word' id='word_1_225' title='bbox 1166 1779 1361 1833; x_wconf 86' lang='lat' dir='ltr'>praesidio</span> <span class='ocrx_word' id='word_1_226' title='bbox 1383 1780 1635 1833; x_wconf 83' lang='lat' dir='ltr'>relinqueba-</span> 
     </span>
     <span class='ocr_line' id='line_1_28' title="bbox 151 1844 1681 1901; baseline 0.004 -18"><span class='ocrx_word' id='word_1_227' title='bbox 151 1851 210 1884; x_wconf 88' lang='lat' dir='ltr'>tur</span> <span class='ocrx_word' id='word_1_228' title='bbox 225 1876 235 1894; x_wconf 89' lang='lat'>,</span> <span class='ocrx_word' id='word_1_229' title='bbox 270 1846 402 1886; x_wconf 88' lang='lat' dir='ltr'>deberi</span> <span class='ocrx_word' id='word_1_230' title='bbox 426 1847 660 1887; x_wconf 85' lang='lat' dir='ltr'>frumentum</span> <span class='ocrx_word' id='word_1_231' title='bbox 684 1846 847 1886; x_wconf 88' lang='lat' dir='ltr'>sciebat.</span> <span class='ocrx_word' id='word_1_232' title='bbox 912 1844 1129 1887; x_wconf 88' lang='lat' dir='ltr'>Labienum</span> <span class='ocrx_word' id='word_1_233' title='bbox 1152 1846 1478 1901; x_wconf 88' lang='lat' dir='ltr'>Treboniumque</span> <span class='ocrx_word' id='word_1_234' title='bbox 1502 1849 1634 1889; x_wconf 88' lang='lat' dir='ltr'>horta-</span> <span class='ocrx_word' id='word_1_235' title='bbox 1656 1847 1681 1889; x_wconf 82' lang='lat'>5</span> 
     </span>
     <span class='ocr_line' id='line_1_29' title="bbox 148 1912 1635 1968; baseline 0.004 -17"><span class='ocrx_word' id='word_1_236' title='bbox 148 1919 225 1962; x_wconf 88' lang='lat' dir='ltr'>tur,</span> <span class='ocrx_word' id='word_1_237' title='bbox 252 1912 283 1952; x_wconf 94' lang='lat' dir='ltr'>si</span> <span class='ocrx_word' id='word_1_238' title='bbox 306 1913 758 1966; x_wconf 86' lang='lat' dir='ltr'>reipublicaecommodo</span> <span class='ocrx_word' id='word_1_239' title='bbox 776 1916 907 1954; x_wconf 90' lang='lat' dir='ltr'>facere</span> <span class='ocrx_word' id='word_1_240' title='bbox 928 1915 1097 1968; x_wconf 81' lang='lat' dir='ltr'>possint,</span> <span class='ocrx_word' id='word_1_241' title='bbox 1123 1915 1168 1955; x_wconf 82' lang='lat' dir='ltr'>ad</span> <span class='ocrx_word' id='word_1_242' title='bbox 1193 1929 1279 1956; x_wconf 89' lang='lat' dir='ltr'>eum</span> <span class='ocrx_word' id='word_1_243' title='bbox 1304 1916 1403 1956; x_wconf 86' lang='lat' dir='ltr'>diem</span> <span class='ocrx_word' id='word_1_244' title='bbox 1426 1924 1635 1957; x_wconf 89' lang='lat' dir='ltr'>reuertan-</span> 
     </span>
     <span class='ocr_line' id='line_1_30' title="bbox 151 1978 1635 2037; baseline 0.004 -19"><span class='ocrx_word' id='word_1_245' title='bbox 151 1986 235 2030; x_wconf 85' lang='lat' dir='ltr'>tur,</span> <span class='ocrx_word' id='word_1_246' title='bbox 273 1986 314 2020; x_wconf 88' lang='lat' dir='ltr'>ut</span> <span class='ocrx_word' id='word_1_247' title='bbox 342 1995 480 2022; x_wconf 91' lang='lat' dir='ltr'>rursus</span> <span class='ocrx_word' id='word_1_248' title='bbox 504 1983 788 2023; x_wconf 87' lang='lat' dir='ltr'>communicato</span> <span class='ocrx_word' id='word_1_249' title='bbox 811 1983 977 2023; x_wconf 89' lang='lat' dir='ltr'>consilio</span> <span class='ocrx_word' id='word_1_250' title='bbox 1001 1983 1297 2037; x_wconf 82' lang='lat' dir='ltr'>exploratisque</span> <span class='ocrx_word' id='word_1_251' title='bbox 1320 1978 1489 2025; x_wconf 83' lang='lat' dir='ltr'>hostium</span> <span class='ocrx_word' id='word_1_252' title='bbox 1511 1985 1635 2025; x_wconf 86' lang='lat' dir='ltr'>ratio-</span> 
     </span>
    </p>
   </div>
   <div class='ocr_carea' id='block_1_6' title="bbox 147 2139 1635 2803">
    <p class='ocr_par' dir='ltr' id='par_1_6' title="bbox 147 2139 1635 2288">
     <span class='ocr_line' id='line_1_31' title="bbox 291 2139 1488 2183; baseline 0.003 -12"><span class='ocrx_word' id='word_1_253' title='bbox 291 2139 303 2171; x_wconf 83' lang='lat'>1</span> <span class='ocrx_word' id='word_1_254' title='bbox 327 2140 465 2172; x_wconf 88' lang='lat' dir='ltr'>mittunt</span> <span class='ocrx_word' id='word_1_255' title='bbox 484 2142 514 2172; x_wconf 87' lang='lat' dir='ltr'>b.</span> <span class='ocrx_word' id='word_1_256' title='bbox 656 2142 675 2174; x_wconf 82' lang='lat'><strong>3</strong></span> <span class='ocrx_word' id='word_1_257' title='bbox 694 2142 890 2183; x_wconf 83' lang='lat' dir='ltr'>Ambiorige</span> <span class='ocrx_word' id='word_1_258' title='bbox 908 2153 954 2174; x_wconf 87' lang='lat' dir='ltr'>m.</span> <span class='ocrx_word' id='word_1_259' title='bbox 972 2151 1032 2183; x_wconf 76' lang='lat' dir='ltr'>pr.</span> <span class='ocrx_word' id='word_1_260' title='bbox 1050 2142 1091 2173; x_wconf 92' lang='lat' dir='ltr'>B.</span> <span class='ocrx_word' id='word_1_261' title='bbox 1234 2144 1254 2175; x_wconf 81' lang='lat'><strong>4</strong></span> <span class='ocrx_word' id='word_1_262' title='bbox 1272 2143 1427 2174; x_wconf 85' lang='lat' dir='ltr'>mississe</span> <span class='ocrx_word' id='word_1_263' title='bbox 1446 2143 1488 2175; x_wconf 92' lang='lat' dir='ltr'>B.</span> 
     </span>
     <span class='ocr_line' id='line_1_32' title="bbox 147 2190 1635 2236; baseline 0.003 -14"><span class='ocrx_word' id='word_1_264' title='bbox 147 2190 165 2222; x_wconf 89' lang='lat'>7</span> <span class='ocrx_word' id='word_1_265' title='bbox 184 2190 246 2222; x_wconf 88' lang='lat' dir='ltr'>tris</span> <span class='ocrx_word' id='word_1_266' title='bbox 264 2191 308 2230; x_wconf 83' lang='lat' dir='ltr'>A,</span> <span class='ocrx_word' id='word_1_267' title='bbox 331 2201 401 2222; x_wconf 77' lang='lat' dir='ltr'>non</span> <span class='ocrx_word' id='word_1_268' title='bbox 420 2196 506 2223; x_wconf 87' lang='lat' dir='ltr'>tres.</span> <span class='ocrx_word' id='word_1_269' title='bbox 648 2193 879 2235; x_wconf 83' lang='lat' dir='ltr'>inpedimenta</span> <span class='ocrx_word' id='word_1_270' title='bbox 897 2193 939 2225; x_wconf 82' lang='lat' dir='ltr'>B.</span> <span class='ocrx_word' id='word_1_271' title='bbox 1082 2192 1101 2224; x_wconf 81' lang='lat'>9</span> <span class='ocrx_word' id='word_1_272' title='bbox 1121 2193 1238 2236; x_wconf 85' lang='lat' dir='ltr'>atque]</span> <span class='ocrx_word' id='word_1_273' title='bbox 1259 2198 1293 2225; x_wconf 85' lang='lat' dir='ltr'>et</span> <span class='ocrx_word' id='word_1_274' title='bbox 1313 2194 1343 2224; x_wconf 90' lang='lat' dir='ltr'>b.</span> <span class='ocrx_word' id='word_1_275' title='bbox 1503 2194 1543 2226; x_wconf 83' lang='lat'>10</span> <span class='ocrx_word' id='word_1_276' title='bbox 1560 2204 1635 2236; x_wconf 88' lang='lat' dir='ltr'>pro-</span> 
     </span>
     <span class='ocr_line' id='line_1_33' title="bbox 148 2242 1631 2288; baseline 0.002 -14"><span class='ocrx_word' id='word_1_277' title='bbox 148 2243 244 2275; x_wconf 79' lang='lat' dir='ltr'>barat</span> <span class='ocrx_word' id='word_1_278' title='bbox 262 2244 292 2275; x_wconf 88' lang='lat' dir='ltr'><em>B</em></span> <span class='ocrx_word' id='word_1_279' title='bbox 313 2244 407 2275; x_wconf 81' lang='lat' dir='ltr'>‘7nss.</span> <span class='ocrx_word' id='word_1_280' title='bbox 428 2242 473 2284; x_wconf 86' lang='lat'>4‘,</span> <span class='ocrx_word' id='word_1_281' title='bbox 494 2244 653 2286; x_wconf 85' lang='lat' dir='ltr'>probaret</span> <span class='ocrx_word' id='word_1_282' title='bbox 673 2246 767 2277; x_wconf 53' lang='lat' dir='ltr'>‘mss</span> <span class='ocrx_word' id='word_1_283' title='bbox 791 2245 840 2287; x_wconf 79' lang='lat'>6’3</span> <span class='ocrx_word' id='word_1_284' title='bbox 860 2246 1028 2288; x_wconf 86' lang='lat' dir='ltr'>probabat</span> <span class='ocrx_word' id='word_1_285' title='bbox 1047 2255 1110 2277; x_wconf 77' lang='lat' dir='ltr'>eu.</span> <span class='ocrx_word' id='word_1_286' title='bbox 1320 2249 1400 2277; x_wconf 87' lang='lat' dir='ltr'>tuuc</span> <span class='ocrx_word' id='word_1_287' title='bbox 1419 2246 1449 2277; x_wconf 90' lang='lat' dir='ltr'><em>B</em></span> <span class='ocrx_word' id='word_1_288' title='bbox 1470 2246 1566 2277; x_wconf 59' lang='lat' dir='ltr'>‘ms-s.</span> <span class='ocrx_word' id='word_1_289' title='bbox 1590 2247 1631 2278; x_wconf 90' lang='lat'>5&#39;.</span> 
     </span>
    </p>

    <p class='ocr_par' dir='ltr' id='par_1_7' title="bbox 291 2295 1633 2338">
     <span class='ocr_line' id='line_1_34' title="bbox 291 2295 1633 2338; baseline 0.002 -12"><span class='ocrx_word' id='word_1_290' title='bbox 291 2295 329 2327; x_wconf 74' lang='lat'>1⁶2</span> <span class='ocrx_word' id='word_1_291' title='bbox 350 2296 590 2338; x_wconf 86' lang='lat' dir='ltr'>inpedimentis</span> <span class='ocrx_word' id='word_1_292' title='bbox 610 2297 651 2328; x_wconf 87' lang='lat' dir='ltr'>B.</span> <span class='ocrx_word' id='word_1_293' title='bbox 750 2297 789 2329; x_wconf 84' lang='lat'>13</span> <span class='ocrx_word' id='word_1_294' title='bbox 810 2307 850 2328; x_wconf 89' lang='lat' dir='ltr'>ex</span> <span class='ocrx_word' id='word_1_295' title='bbox 872 2297 923 2327; x_wconf 91' lang='lat' dir='ltr'>his</span> <span class='ocrx_word' id='word_1_296' title='bbox 942 2296 972 2328; x_wconf 92' lang='lat' dir='ltr'><em>B</em></span> <span class='ocrx_word' id='word_1_297' title='bbox 989 2295 1067 2327; x_wconf 80' lang='lat' dir='ltr'>edd.</span> <span class='ocrx_word' id='word_1_298' title='bbox 1084 2297 1239 2336; x_wconf 77' lang='lat' dir='ltr'>priores,</span> <span class='ocrx_word' id='word_1_299' title='bbox 1262 2307 1303 2328; x_wconf 81' lang='lat' dir='ltr'>ex</span> <span class='ocrx_word' id='word_1_300' title='bbox 1322 2297 1363 2327; x_wconf 90' lang='lat' dir='ltr'>iis</span> <span class='ocrx_word' id='word_1_301' title='bbox 1377 2296 1580 2338; x_wconf 73' lang='lat' dir='ltr'>Stephanus</span> <span class='ocrx_word' id='word_1_302' title='bbox 1597 2307 1633 2329; x_wconf 81' lang='lat' dir='ltr'>u.</span> 
     </span>
    </p>

    <p class='ocr_par' dir='ltr' id='par_1_8' title="bbox 148 2348 1633 2803">
     <span class='ocr_line' id='line_1_35' title="bbox 290 2348 1632 2392; baseline 0.004 -15"><span class='ocrx_word' id='word_1_303' title='bbox 290 2357 450 2388; x_wconf 78' lang='lat' dir='ltr'>proxume</span> <span class='ocrx_word' id='word_1_304' title='bbox 468 2348 511 2379; x_wconf 85' lang='lat' dir='ltr'>B.</span> <span class='ocrx_word' id='word_1_305' title='bbox 656 2349 697 2381; x_wconf 88' lang='grc'>14</span> <span class='ocrx_word' id='word_1_306' title='bbox 717 2348 876 2390; x_wconf 83' lang='lat' dir='ltr'>Quintum</span> <span class='ocrx_word' id='word_1_307' title='bbox 897 2348 938 2389; x_wconf 85' lang='lat' dir='ltr'>B,</span> <span class='ocrx_word' id='word_1_308' title='bbox 960 2348 1000 2390; x_wconf 83' lang='lat' dir='ltr'>Q.</span> <span class='ocrx_word' id='word_1_309' title='bbox 1019 2358 1052 2379; x_wconf 83' lang='lat' dir='ltr'>u.</span> <span class='ocrx_word' id='word_1_310' title='bbox 1197 2349 1235 2380; x_wconf 88' lang='lat'>15</span> <span class='ocrx_word' id='word_1_311' title='bbox 1256 2349 1412 2391; x_wconf 83' lang='lat' dir='ltr'>praeficit</span> <span class='ocrx_word' id='word_1_312' title='bbox 1429 2349 1530 2392; x_wconf 81' lang='lat' dir='ltr'><em>A(B)</em></span> <span class='ocrx_word' id='word_1_313' title='bbox 1547 2350 1632 2392; x_wconf 81' lang='lat' dir='ltr'>CD,</span> 
     </span>
     <span class='ocr_line' id='line_1_36' title="bbox 149 2395 1487 2441; baseline 0.003 -15"><span class='ocrx_word' id='word_1_314' title='bbox 149 2395 314 2437; x_wconf 73' lang='lat' dir='ltr'>praefecit</span> <span class='ocrx_word' id='word_1_315' title='bbox 333 2409 360 2429; x_wconf 83' lang='lat' dir='ltr'>e.</span> <span class='ocrx_word' id='word_1_316' title='bbox 526 2399 750 2440; x_wconf 81' lang='lat' dir='ltr'>ducentisque</span> <span class='ocrx_word' id='word_1_317' title='bbox 768 2409 815 2430; x_wconf 86' lang='grc' dir='ltr'>77ι.</span> <span class='ocrx_word' id='word_1_318' title='bbox 833 2408 889 2439; x_wconf 81' lang='lat' dir='ltr'>pr.</span> <span class='ocrx_word' id='word_1_319' title='bbox 909 2399 950 2430; x_wconf 89' lang='lat' dir='ltr'>B.</span> <span class='ocrx_word' id='word_1_320' title='bbox 1133 2399 1280 2441; x_wconf 82' lang='lat' dir='ltr'>equites]</span> <span class='ocrx_word' id='word_1_321' title='bbox 1301 2400 1331 2431; x_wconf 86' lang='lat' dir='ltr'>ei</span> <span class='ocrx_word' id='word_1_322' title='bbox 1350 2400 1432 2432; x_wconf 82' lang='lat' dir='ltr'>add.</span> <span class='ocrx_word' id='word_1_323' title='bbox 1456 2400 1487 2431; x_wconf 89' lang='lat' dir='ltr'>b.</span> 
     </span>
     <span class='ocr_line' id='line_1_37' title="bbox 148 2446 1633 2492; baseline 0.005 -17"><span class='ocrx_word' id='word_1_324' title='bbox 148 2446 310 2479; x_wconf 83' lang='lat' dir='ltr'>adtribuit</span> <span class='ocrx_word' id='word_1_325' title='bbox 325 2449 366 2480; x_wconf 88' lang='lat' dir='ltr'>B.</span> <span class='ocrx_word' id='word_1_326' title='bbox 507 2451 700 2492; x_wconf 82' lang='lat' dir='ltr'>partitoque</span> <span class='ocrx_word' id='word_1_327' title='bbox 719 2450 874 2481; x_wconf 83' lang='lat' dir='ltr'>exercitu</span> <span class='ocrx_word' id='word_1_328' title='bbox 892 2449 934 2489; x_wconf 80' lang='lat' dir='ltr'>A,</span> <span class='ocrx_word' id='word_1_329' title='bbox 957 2449 1113 2491; x_wconf 83' lang='lat' dir='ltr'>parthico</span> <span class='ocrx_word' id='word_1_330' title='bbox 1133 2449 1289 2481; x_wconf 83' lang='lat' dir='ltr'>exercitu</span> <span class='ocrx_word' id='word_1_331' title='bbox 1308 2450 1353 2481; x_wconf 89' lang='lat' dir='ltr'>D.</span> <span class='ocrx_word' id='word_1_332' title='bbox 1519 2449 1633 2483; x_wconf 90' lang='lat' dir='ltr'>Titum</span> 
     </span>
     <span class='ocr_line' id='line_1_38' title="bbox 149 2496 1632 2545; baseline 0.001 -11"><span class='ocrx_word' id='word_1_333' title='bbox 149 2497 187 2534; x_wconf 70' lang='grc' dir='ltr'>Β,</span> <span class='ocrx_word' id='word_1_334' title='bbox 211 2496 250 2528; x_wconf 82' lang='grc' dir='ltr'>Τ.</span> <span class='ocrx_word' id='word_1_335' title='bbox 271 2508 304 2529; x_wconf 73' lang='lat' dir='ltr'>u.</span> <span class='ocrx_word' id='word_1_336' title='bbox 469 2501 508 2533; x_wconf 79' lang='lat'>17</span> <span class='ocrx_word' id='word_1_337' title='bbox 529 2503 709 2542; x_wconf 80' lang='lat' dir='ltr'>adtingunt</span> <span class='ocrx_word' id='word_1_338' title='bbox 727 2502 769 2533; x_wconf 87' lang='lat' dir='ltr'>B.</span> <span class='ocrx_word' id='word_1_339' title='bbox 935 2500 1055 2533; x_wconf 87' lang='lat' dir='ltr'>Gaium</span> <span class='ocrx_word' id='word_1_340' title='bbox 1075 2501 1117 2540; x_wconf 85' lang='grc' dir='ltr'>Β,</span> <span class='ocrx_word' id='word_1_341' title='bbox 1139 2500 1177 2534; x_wconf 92' lang='lat' dir='ltr'>C.</span> <span class='ocrx_word' id='word_1_342' title='bbox 1198 2512 1235 2534; x_wconf 79' lang='lat' dir='ltr'>u.</span> <span class='ocrx_word' id='word_1_343' title='bbox 1426 2503 1467 2535; x_wconf 79' lang='lat'>18</span> <span class='ocrx_word' id='word_1_344' title='bbox 1485 2513 1571 2545; x_wconf 84' lang='lat' dir='ltr'>quae</span> <span class='ocrx_word' id='word_1_345' title='bbox 1591 2504 1632 2535; x_wconf 88' lang='lat' dir='ltr'>ad</span> 
     </span>
     <span class='ocr_line' id='line_1_39' title="bbox 148 2548 1633 2596; baseline 0.005 -18"><span class='ocrx_word' id='word_1_346' title='bbox 148 2548 342 2581; x_wconf 86' lang='lat' dir='ltr'>Aduatucos</span> <span class='ocrx_word' id='word_1_347' title='bbox 359 2551 430 2582; x_wconf 89' lang='lat' dir='ltr'>BD</span> <span class='ocrx_word' id='word_1_348' title='bbox 452 2552 606 2594; x_wconf 72' lang='lat' dir='ltr'>‘reliqui&#39;</span> <span class='ocrx_word' id='word_1_349' title='bbox 626 2557 662 2584; x_wconf 75' lang='lat' dir='ltr'>et</span> <span class='ocrx_word' id='word_1_350' title='bbox 676 2563 724 2584; x_wconf 86' lang='lat' dir='ltr'>m.</span> <span class='ocrx_word' id='word_1_351' title='bbox 743 2563 811 2584; x_wconf 80' lang='lat' dir='ltr'>sec.</span> <span class='ocrx_word' id='word_1_352' title='bbox 833 2552 869 2592; x_wconf 84' lang='lat' dir='ltr'>C,</span> <span class='ocrx_word' id='word_1_353' title='bbox 891 2563 977 2595; x_wconf 88' lang='lat' dir='ltr'>quae</span> <span class='ocrx_word' id='word_1_354' title='bbox 991 2552 1190 2585; x_wconf 86' lang='lat' dir='ltr'>Aduatucos</span> <span class='ocrx_word' id='word_1_355' title='bbox 1209 2564 1256 2585; x_wconf 86' lang='lat' dir='ltr'>m.</span> <span class='ocrx_word' id='word_1_356' title='bbox 1272 2563 1332 2595; x_wconf 73' lang='lat' dir='ltr'>pr.</span> <span class='ocrx_word' id='word_1_357' title='bbox 1350 2553 1401 2593; x_wconf 84' lang='lat' dir='ltr'>C‚·</span> <span class='ocrx_word' id='word_1_358' title='bbox 1421 2564 1506 2596; x_wconf 89' lang='lat' dir='ltr'>quae</span> <span class='ocrx_word' id='word_1_359' title='bbox 1517 2555 1633 2586; x_wconf 86' lang='lat' dir='ltr'>Adua-</span> 
     </span>
     <span class='ocr_line' id='line_1_40' title="bbox 150 2601 1632 2647; baseline 0.005 -17"><span class='ocrx_word' id='word_1_360' title='bbox 150 2601 237 2631; x_wconf 77' lang='lat' dir='ltr'>tucis</span> <span class='ocrx_word' id='word_1_361' title='bbox 257 2602 273 2632; x_wconf 81' lang='lat' dir='ltr'>b</span> <span class='ocrx_word' id='word_1_362' title='bbox 287 2612 303 2632; x_wconf 85' lang='lat' dir='ltr'>c</span> <span class='ocrx_word' id='word_1_363' title='bbox 316 2602 338 2633; x_wconf 82' lang='lat' dir='ltr'>d</span> <span class='ocrx_word' id='word_1_364' title='bbox 354 2606 398 2643; x_wconf 76' lang='lat' dir='ltr'>et,</span> <span class='ocrx_word' id='word_1_365' title='bbox 421 2606 484 2645; x_wconf 82' lang='lat' dir='ltr'>qui</span> <span class='ocrx_word' id='word_1_366' title='bbox 499 2605 694 2647; x_wconf 75' lang='lat' dir='ltr'>Atuatucis,</span> <span class='ocrx_word' id='word_1_367' title='bbox 716 2616 744 2637; x_wconf 88' lang='lat' dir='ltr'>e.</span> <span class='ocrx_word' id='word_1_368' title='bbox 887 2606 929 2639; x_wconf 81' lang='lat'>20</span> <span class='ocrx_word' id='word_1_369' title='bbox 951 2605 1123 2636; x_wconf 74' lang='lat' dir='ltr'>&lt;scaldem</span> <span class='ocrx_word' id='word_1_370' title='bbox 1142 2605 1201 2636; x_wconf 75' lang='lat' dir='ltr'>vel</span> <span class='ocrx_word' id='word_1_371' title='bbox 1215 2605 1364 2637; x_wconf 81' lang='lat' dir='ltr'>Scaldim</span> <span class='ocrx_word' id='word_1_372' title='bbox 1383 2616 1467 2638; x_wconf 75' lang='grc'><strong>77755.</strong></span> <span class='ocrx_word' id='word_1_373' title='bbox 1488 2605 1632 2638; x_wconf 81' lang='lat' dir='ltr'>omnes&#39;:</span> 
     </span>
     <span class='ocr_line' id='line_1_41' title="bbox 152 2650 1631 2699; baseline 0.005 -18"><span class='ocrx_word' id='word_1_374' title='bbox 152 2650 305 2683; x_wconf 81' lang='lat' dir='ltr'>Scaldem</span> <span class='ocrx_word' id='word_1_375' title='bbox 325 2653 396 2694; x_wconf 81' lang='lat' dir='ltr'>(B),</span> <span class='ocrx_word' id='word_1_376' title='bbox 419 2654 555 2687; x_wconf 85' lang='lat' dir='ltr'>Scaldin</span> <span class='ocrx_word' id='word_1_377' title='bbox 575 2667 604 2688; x_wconf 84' lang='lat' dir='ltr'>e.</span> <span class='ocrx_word' id='word_1_378' title='bbox 746 2656 785 2691; x_wconf 79' lang='lat'>21</span> <span class='ocrx_word' id='word_1_379' title='bbox 807 2657 914 2699; x_wconf 86' lang='lat' dir='ltr'>partis</span> <span class='ocrx_word' id='word_1_380' title='bbox 934 2657 1006 2688; x_wconf 78' lang='lat' dir='ltr'>AB</span> <span class='ocrx_word' id='word_1_381' title='bbox 1022 2657 1070 2696; x_wconf 67' lang='lat'>(1,</span> <span class='ocrx_word' id='word_1_382' title='bbox 1092 2665 1163 2688; x_wconf 75' lang='lat' dir='ltr'>non</span> <span class='ocrx_word' id='word_1_383' title='bbox 1182 2661 1310 2699; x_wconf 86' lang='lat' dir='ltr'>partes.</span> <span class='ocrx_word' id='word_1_384' title='bbox 1466 2659 1510 2692; x_wconf 75' lang='grc'>22</span> <span class='ocrx_word' id='word_1_385' title='bbox 1529 2658 1631 2689; x_wconf 89' lang='lat' dir='ltr'>aude-</span> 
     </span>
     <span class='ocr_line' id='line_1_42' title="bbox 150 2702 1630 2743; baseline 0.006 -11"><span class='ocrx_word' id='word_1_386' title='bbox 150 2702 207 2732; x_wconf 88' lang='lat' dir='ltr'>bat</span> <span class='ocrx_word' id='word_1_387' title='bbox 224 2712 269 2734; x_wconf 84' lang='lat' dir='ltr'>m.</span> <span class='ocrx_word' id='word_1_388' title='bbox 285 2712 344 2743; x_wconf 84' lang='lat' dir='ltr'>pr.</span> <span class='ocrx_word' id='word_1_389' title='bbox 364 2705 406 2736; x_wconf 88' lang='lat' dir='ltr'>B.</span> <span class='ocrx_word' id='word_1_390' title='bbox 569 2708 777 2740; x_wconf 84' lang='lat' dir='ltr'>descendens</span> <span class='ocrx_word' id='word_1_391' title='bbox 796 2708 827 2740; x_wconf 93' lang='lat' dir='ltr'><em>B</em></span> <span class='ocrx_word' id='word_1_392' title='bbox 847 2709 940 2740; x_wconf 68' lang='lat' dir='ltr'>‘ms-9.</span> <span class='ocrx_word' id='word_1_393' title='bbox 963 2707 1005 2739; x_wconf 87' lang='lat'>3⁷.</span> <span class='ocrx_word' id='word_1_394' title='bbox 1177 2710 1220 2742; x_wconf 81' lang='lat'>24</span> <span class='ocrx_word' id='word_1_395' title='bbox 1240 2709 1357 2741; x_wconf 87' lang='lat' dir='ltr'>deberi</span> <span class='ocrx_word' id='word_1_396' title='bbox 1378 2709 1581 2741; x_wconf 70' lang='lat' dir='ltr'>frumentum</span> <span class='ocrx_word' id='word_1_397' title='bbox 1599 2709 1630 2741; x_wconf 80' lang='lat' dir='ltr'><em>B</em></span> 
     </span>
     <span class='ocr_line' id='line_1_43' title="bbox 150 2753 1629 2803; baseline 0.007 -22"><span class='ocrx_word' id='word_1_398' title='bbox 150 2753 227 2784; x_wconf 76' lang='lat' dir='ltr'>edd.</span> <span class='ocrx_word' id='word_1_399' title='bbox 248 2758 331 2785; x_wconf 82' lang='lat' dir='ltr'>ante</span> <span class='ocrx_word' id='word_1_400' title='bbox 348 2765 382 2796; x_wconf 66' lang='grc' dir='ltr'>τι,</span> <span class='ocrx_word' id='word_1_401' title='bbox 405 2755 608 2790; x_wconf 81' lang='lat' dir='ltr'>frumentum</span> <span class='ocrx_word' id='word_1_402' title='bbox 627 2759 744 2790; x_wconf 83' lang='lat' dir='ltr'>deberi</span> <span class='ocrx_word' id='word_1_403' title='bbox 764 2760 810 2799; x_wconf 83' lang='lat' dir='ltr'>(e)</span> <span class='ocrx_word' id='word_1_404' title='bbox 830 2762 865 2790; x_wconf 79' lang='lat' dir='ltr'>et</span> <span class='ocrx_word' id='word_1_405' title='bbox 883 2760 991 2790; x_wconf 60' lang='lat' dir='ltr'>facile</span> <span class='ocrx_word' id='word_1_406' title='bbox 1011 2769 1044 2789; x_wconf 80' lang='lat' dir='ltr'>n.</span> <span class='ocrx_word' id='word_1_407' title='bbox 1201 2759 1242 2791; x_wconf 83' lang='lat'>25</span> <span class='ocrx_word' id='word_1_408' title='bbox 1263 2760 1311 2791; x_wconf 88' lang='lat' dir='ltr'>rei</span> <span class='ocrx_word' id='word_1_409' title='bbox 1329 2771 1406 2803; x_wconf 82' lang='lat' dir='ltr'>pop.</span> <span class='ocrx_word' id='word_1_410' title='bbox 1428 2760 1466 2792; x_wconf 90' lang='lat' dir='ltr'>Ri</span> <span class='ocrx_word' id='word_1_411' title='bbox 1484 2762 1517 2792; x_wconf 76' lang='lat' dir='ltr'><em>A</em></span> <span class='ocrx_word' id='word_1_412' title='bbox 1533 2761 1629 2801; x_wconf 76' lang='lat' dir='ltr'>CD,</span> 
     </span>
    </p>
   </div>
   <div class='ocr_carea' id='block_1_7' title="bbox 151 2802 1630 2885">
    <p class='ocr_par' dir='ltr' id='par_1_9' title="bbox 151 2802 1630 2885">
     <span class='ocr_line' id='line_1_44' title="bbox 151 2802 1630 2852; baseline 0.008 -19"><span class='ocrx_word' id='word_1_413' title='bbox 151 2804 199 2834; x_wconf 84' lang='lat' dir='ltr'>rei</span> <span class='ocrx_word' id='word_1_414' title='bbox 218 2802 242 2834; x_wconf 94' lang='lat' dir='ltr'>P</span> <span class='ocrx_word' id='word_1_415' title='bbox 258 2803 283 2835; x_wconf 81' lang='lat' dir='ltr'>R</span> <span class='ocrx_word' id='word_1_416' title='bbox 301 2805 341 2837; x_wconf 88' lang='lat' dir='ltr'>B.</span> <span class='ocrx_word' id='word_1_417' title='bbox 574 2820 647 2841; x_wconf 90' lang='lat' dir='ltr'>eum</span> <span class='ocrx_word' id='word_1_418' title='bbox 667 2810 697 2841; x_wconf 93' lang='lat' dir='ltr'><em>B</em></span> <span class='ocrx_word' id='word_1_419' title='bbox 717 2811 811 2842; x_wconf 59' lang='grc'><strong>(77755.</strong></span> <span class='ocrx_word' id='word_1_420' title='bbox 829 2810 1014 2852; x_wconf 74' lang='lat' dir='ltr'>plm‘z&#39;mz‘⁷‚</span> <span class='ocrx_word' id='word_1_421' title='bbox 1035 2820 1108 2842; x_wconf 85' lang='lat' dir='ltr'>eam</span> <span class='ocrx_word' id='word_1_422' title='bbox 1125 2811 1239 2842; x_wconf 71' lang='lat' dir='ltr'>Aldus</span> <span class='ocrx_word' id='word_1_423' title='bbox 1260 2822 1292 2842; x_wconf 79' lang='lat' dir='ltr'>u.</span> <span class='ocrx_word' id='word_1_424' title='bbox 1496 2812 1538 2847; x_wconf 81' lang='lat'>26</span> <span class='ocrx_word' id='word_1_425' title='bbox 1557 2822 1630 2845; x_wconf 86' lang='lat' dir='ltr'>rur-</span> 
     </span>
     <span class='ocr_line' id='line_1_45' title="bbox 152 2855 274 2885; baseline 0 0"><span class='ocrx_word' id='word_1_426' title='bbox 152 2864 223 2885; x_wconf 86' lang='lat' dir='ltr'>sum</span> <span class='ocrx_word' id='word_1_427' title='bbox 244 2855 274 2885; x_wconf 79' lang='lat' dir='ltr'>b.</span> 
     </span>
    </p>
   </div>
  </div>
 </body>
</html>
