1835 3240
697 195 809 201 —
869 169 950 210 163
1011 196 1122 202 ---

169 298 286 341 cyrae
314 297 393 324 non
423 283 550 323 minus
583 283 852 324 necessarium
885 298 974 324 esse
1006 283 1251 325 existimauit
1283 285 1328 326 de
1359 289 1564 340 repentino
1587 290 1652 330 ad-

168 360 286 394 uentu
308 349 495 392 Caesaris
516 348 745 405 Pompeium
769 352 855 392 lieri
877 352 1085 392 certiorem
1100 382 1110 401 ,
1148 352 1200 392 uti
1225 352 1272 392 ad
1293 353 1330 392 id
1354 355 1557 394 consilium
1589 372 1653 397 ca-

167 434 257 475 pere
280 426 428 474 posset,
454 425 661 472 antequam
685 420 732 460 de
755 420 948 470 mandatis
971 420 1033 475 agi
1055 419 1263 473 inciperet,
1291 427 1406 473 atque
1424 422 1547 462 eidem
1562 438 1652 463 con-

164 489 313 528 tinuato
337 494 451 528 nocte
474 502 518 527 ac
551 487 611 527 die
638 487 781 527 itinere
804 494 920 540 atque
952 488 1132 527 omnibus
1156 488 1278 541 copiis
1300 489 1459 529 mutatis
1482 491 1529 529 ad
1553 491 1653 531 cele-

163 556 320 595 ritatem
353 556 534 595 iumentis
567 555 614 594 ad
646 553 878 608 Pompeium
912 556 1138 605 contendit,
1184 563 1225 596 ut
1262 557 1402 598 adesse
1438 554 1653 598 Caesarem

163 622 394 663 nuntiaret'.
444 622 518 663 Hic
549 621 732 663 Bibulum
765 629 956 676 perpetuo
992 624 1075 663 fere
1107 638 1243 663 errore
1267 639 1335 678 pro
1358 624 1533 665 Vibullio
1556 627 1653 666 scri-

164 697 270 744 ptum
293 705 381 731 esse
404 691 631 745 superiores
655 691 900 745 grammatici
922 698 1167 741 statuerant,
1202 692 1466 732 recentiorum
1498 693 1651 746 quidam

162 766 277 799 acute
299 758 373 799 sibi
395 757 577 799 Bibulum
601 759 823 799 defendisse
845 759 922 799 uisi
943 767 1050 800 sunt.
1096 758 1145 798 [li
1167 760 1377 800 commenti
1400 767 1491 800 sunt
1512 759 1652 801 Vibul—

162 826 255 866 lium
278 841 299 866 a
322 823 496 867 Caesare
519 827 750 880 peruenisse
774 828 820 867 ad
843 825 1026 867 Bibulum
1059 827 1170 880 eique
1194 829 1375 868 mandata
1398 829 1649 882 exposuisse,

162 895 301 935 deinde
335 909 420 934 cum
452 895 499 935 iis
530 895 722 935 mandalis
755 893 940 935 Bibulum
973 896 1021 936 ad
1043 893 1271 949 Pompeium
1306 910 1393 936 esse
1415 897 1648 950 profectum.

164 962 272 1002 Haec
295 962 470 1016 pluribus
493 963 737 1016 argumentis
760 970 869 1003 recte
900 965 1086 1004 refutauit
1117 963 1403 1019 Elberlingius.
1456 963 1545 1005 Nos
1580 965 1651 1005 hoc

161 1045 238 1071 uno
260 1032 418 1085 defungi
440 1045 662 1085 possumus,
700 1031 735 1071 si
765 1030 802 1070 id
825 1033 968 1071 factum
1002 1039 1132 1080 essct,
1178 1033 1408 1085 peruenisse
1435 1033 1652 1075 Vibullium

160 1100 207 1139 ad
227 1098 412 1140 Bibulum
437 1098 603 1140 Caesari
627 1099 901 1139 declarandum
925 1100 1072 1141 fuisse:
1113 1100 1166 1140 ita
1191 1101 1359 1153 quidem,
1394 1107 1436 1140 ut
1458 1115 1561 1141 nunc
1584 1116 1650 1155 po-

162 1175 310 1209 nuntur
341 1168 463 1209 uerba
500 1166 688 1208 ‘Bibulus
723 1167 781 1207 his
819 1167 1035 1221 expositis'
1069 1175 1192 1219 cett.,
1237 1169 1465 1210 necessario
1506 1168 1649 1209 Bibulo

164 1236 346 1276 mandata
387 1251 410 1277 a
451 1233 627 1277 Caesare
669 1236 850 1289 exposita
893 1249 980 1276 esse
1009 1236 1317 1290 intellegendum
1355 1243 1477 1277 esset.
1530 1235 1648 1287 Item,

160 1318 259 1357 quae
281 1319 316 1344 c.
344 1304 396 1345 10
418 1305 626 1358 leguntur:
656 1304 1026 1344 ‘demonstrauimus
1048 1303 1098 1344 L.
1115 1304 1328 1345 Vibullium
1344 1304 1508 1355 Rufum,
1533 1303 1650 1345 Pom-

160 1372 236 1424 peii
259 1373 513 1425 praefectum,
538 1371 596 1410 bis
619 1370 656 1410 in
680 1379 916 1424 potestatem
939 1372 1169 1425 peruenisse
1182 1371 1372 1414 Caesaris
1396 1380 1510 1426 atque
1533 1373 1580 1413 ab
1603 1386 1648 1413 eo

162 1453 248 1479 csse
281 1440 506 1486 dimissum,
544 1438 665 1479 semel
697 1440 743 1479 ad
766 1437 1007 1489 Corfinium,
1048 1440 1189 1480 iterum
1212 1442 1253 1481 in
1275 1440 1484 1494 Hispania.
1529 1441 1647 1482 Hunc

160 1521 229 1560 pro
252 1508 332 1547 suis
355 1507 554 1548 beneficiis
579 1504 733 1547 Caesar
753 1507 933 1548 idoneum
956 1507 1214 1558 iudicauerat,
1241 1523 1356 1561 quem
1379 1523 1465 1549 cum
1490 1511 1649 1550 manda-

159 1575 207 1614 tis
227 1575 274 1614 ad
297 1572 374 1614 Cn.
399 1574 626 1628 Pompeium
650 1574 855 1624 mitteret',
882 1575 977 1615 haec
999 1575 1121 1629 igitur
1141 1577 1240 1616 falso
1273 1577 1426 1629 quidam
1449 1578 1503 1617 ita
1525 1577 1649 1619 inter-

159 1643 300 1696 pretati
323 1649 413 1682 sunt
429 1673 438 1691 ,
474 1649 515 1681 ut
538 1641 754 1682 Vibullium
777 1643 853 1682 iam
877 1657 926 1682 ex
952 1642 1142 1696 Hispania
1165 1645 1212 1684 ad
1234 1643 1463 1698 Pompeium
1488 1646 1649 1686 missum

157 1711 230 1750 dici
253 1710 544 1751 existimarent.
578 1707 683 1749 Nam
707 1717 859 1762 poterat
881 1710 1019 1750 dimitti
1043 1718 1082 1750 et
1105 1718 1251 1762 tamen,
1277 1726 1325 1752 ne
1347 1712 1394 1751 ad
1417 1710 1646 1767 Pompeium

156 1779 487 1832 proficisceretur,
514 1777 642 1817 uetari
664 1783 782 1830 atque
801 1777 1016 1831 prohiberi,
1042 1779 1239 1833 longeque
1260 1787 1378 1820 antea
1394 1781 1439 1820 de
1454 1783 1646 1822 mandatis

157 1846 332 1887 Vibullio
356 1846 492 1886 dandis
516 1843 671 1886 Caesar
694 1845 870 1898 cogitare
894 1853 1072 1899 poterat,
1098 1862 1212 1900 quam
1236 1862 1322 1888 eum
1346 1862 1430 1889 cum
1453 1851 1647 1891 mandatis

158 1915 385 1955 dimitteret.
433 1911 618 1954 Summae
651 1921 782 1953 autem
815 1914 1036 1955 dementiae
1068 1915 1210 1957 fuisset
1240 1917 1419 1957 nuntium
1451 1919 1646 1959 aduentus

156 1983 214 2022 sui
238 1982 504 2034 praemittere,
530 1996 603 2035 quo
626 1981 778 2021 scilicet
797 1980 1009 2037 Pompeius
1035 1984 1189 2024 facilius
1213 1997 1300 2024 eum
1323 1986 1492 2027 traiectu
1515 1987 1645 2041 prohi-

154 2050 279 2090 beret.
318 2049 385 2090 Ex
407 2051 488 2104 ipsa
511 2049 615 2089 serie
637 2063 768 2090 rerum
792 2050 838 2089 ab
863 2048 1039 2092 Caesare
1063 2059 1310 2093 narratarum
1336 2054 1433 2094 haec
1454 2054 1508 2095 ita
1530 2055 1646 2095 intel-

154 2118 316 2171 legenda
348 2131 436 2158 esse
468 2124 653 2171 apparet,
691 2118 1013 2170 quemadmodum
1036 2135 1058 2160 a
1080 2118 1292 2161 Plutarcho
1314 2119 1452 2176 Pomp.
1477 2121 1530 2163 65
1553 2136 1646 2163 nar-

154 2192 305 2235 rantur,
331 2186 393 2238 qui
408 2186 503 2226 haec
526 2186 572 2225 de
596 2182 772 2226 Caesare
795 2186 946 2227 scribit:
974 2184 1107 2235 αὐτός
1127 2189 1216 2243 μὲν
1239 2187 1506 2244 εἶς’Ὼρικον
1528 2206 1646 2246 παρ-

154 2250 386 2309 ενὲβαλεν,
436 2249 635 2310 Ἰούβιον
670 2253 716 2295 δὲ
756 2252 837 2297 τὸν
881 2256 1134 2311 Πομπηΐου
1177 2257 1309 2313 φίλον
1352 2257 1642 2316 αἰχμάλωτον

151 2324 263 2378 ἔχων
287 2321 366 2365 σύν
389 2322 528 2379 ἑαυτῷ
551 2320 664 2376 πρός
690 2317 939 2376 Πομπήϊον
961 2320 1215 2367 abbenzae:
1250 2340 1339 2366 nam
1362 2334 1546 2381 corrupto
1569 2342 1641 2368 no-

153 2389 257 2429 mine
278 2389 495 2431 Vibullium
518 2390 732 2443 significari
753 2390 831 2430 iam
852 2389 1066 2446 Xylander
1098 2392 1208 2434 uidit.
1263 2393 1401 2448 Itaque
1424 2401 1463 2435 et
1484 2409 1554 2448 pro
1573 2394 1643 2436 Bi-

154 2456 241 2497 bulo
256 2459 457 2511 ponendus
471 2465 531 2498 est
543 2457 756 2508 Vibullius,
781 2472 908 2512 neque
929 2460 962 2500 is
986 2461 1190 2514 quicquam
1212 2459 1418 2517 Corcyrae
1441 2476 1643 2517 exponere

153 2525 289 2576 potuit.
334 2524 447 2578 Quod
469 2534 598 2567 autem
617 2525 742 2567 Aldus
765 2541 818 2567 ex
839 2528 906 2567 illo
942 2533 952 2552 ⁶
967 2527 1194 2584 Corcyrae'
1218 2530 1348 2570 effecit
1371 2535 1409 2570 ‘a
1432 2528 1639 2581 Caesam',

155 2593 296 2632 nullam
335 2594 450 2634 babet
482 2594 809 2648 probabilitatem.
857 2599 867 2619 ⁴
884 2592 1100 2651 Corcyrae'
1134 2612 1156 2638 a
1195 2599 1385 2652 magistro
1426 2599 1638 2653 ascriptum

155 2666 229 2708 est,
263 2661 351 2713 qui,
386 2676 471 2702 cum
493 2677 562 2716 pro
585 2662 759 2704 Vibullio
783 2664 934 2716 positus
957 2673 1065 2705 esset
1088 2664 1271 2716 Bibulus,
1308 2667 1410 2707 hunc
1433 2665 1641 2721 Corcyrae

156 2726 275 2767 fuisse
295 2728 569 2770 arbitraretur.
613 2729 789 2784 Legerat
820 2733 921 2772 enim
952 2746 987 2772 c.
1013 2731 1054 2783 7,
1080 2732 1101 2772 1
1129 2732 1205 2773 ίΜ.
1230 2733 1395 2775 Bibulus
1420 2750 1505 2775 cum
1529 2734 1641 2774 naui—

154 2792 224 2833 bus
248 2790 325 2834 CX
347 2792 547 2851 Corcyrae
578 2799 743 2850 [erat]'.
790 2796 869 2840 Sed
899 2800 939 2840 in
973 2800 1043 2840 bac
1075 2816 1228 2855 quoque
1263 2817 1305 2843 re
1329 2803 1494 2843 errauit.
1539 2801 1640 2842 Erat

151 2860 254 2900 enim
278 2875 372 2903 sane
396 2862 597 2919 Corcyrae
620 2864 781 2907 Bibulus
798 2898 808 2917 ,
843 2882 929 2908 cum
963 2866 1117 2910 Caesar
1147 2870 1379 2920 adueniret,
1415 2871 1480 2911 sed
1505 2870 1637 2910 statim
