1835 3240
96 1560 136 1593 10

97 1899 135 1931 15

95 2238 137 2271 20

574 145 758 189 COMM.
784 146 808 188 I·
824 143 949 188 CAP.
974 144 1027 188 87
1049 171 1102 177 -
1124 144 1179 196 ΙΙ,
1202 145 1244 186 2.
1644 145 1725 188 537

460 373 516 420 C.
593 373 831 419 IVLII
899 370 1358 419 CAESARIS

276 522 439 592 DE
523 520 977 591 BELLO
1073 520 1549 590 CIVILI

500 670 967 715 COMMENTARIVS
999 670 1317 716 SECVNDVS.

280 944 382 986 Dum
407 945 503 986 haec
524 945 563 985 in
587 943 777 998 Hispania
799 951 1015 999 geruntur,
1053 941 1101 985 C.
1126 942 1352 984 Trebonius
1374 945 1554 999 legatus,
1590 945 1655 997 qui

168 1014 216 1053 ad
238 1014 564 1067 oppugnationem
588 1011 794 1052 Massiliae
815 1011 976 1052 relictus
1000 1019 1109 1062 erat,
1144 1012 1291 1052 duabus
1315 1026 1367 1051 ex
1389 1013 1563 1065 partibus
1588 1027 1656 1065 ag-

168 1095 326 1134 gerem,
361 1080 498 1121 uineas
528 1087 736 1133 turresque
769 1079 816 1119 ad
848 1079 1028 1132 oppidum
1061 1093 1179 1132 agere
1210 1079 1395 1120 instituit.
1447 1079 1537 1120 Vna
1569 1087 1655 1120 erat
1675 1079 1703 1121 2

169 1148 349 1202 proxima
372 1149 498 1202 portui
521 1147 833 1200 naualibusque,
859 1148 984 1187 altera
1006 1147 1053 1187 ad
1076 1155 1224 1201 partem
1240 1179 1249 1197 ‚
1276 1162 1349 1200 qua
1373 1155 1433 1187 est
1455 1148 1580 1188 aditus
1603 1161 1654 1187 ex

174 1214 303 1255 Gallia
325 1222 441 1268 atque
463 1214 656 1268 Hispania
672 1246 682 1265 ,
717 1216 763 1255 ad
787 1215 823 1254 id
845 1229 953 1255 mare
969 1246 979 1265 ‚
1014 1216 1114 1267 quod
1138 1216 1291 1256 adiacet
1312 1215 1358 1255 ad
1381 1215 1524 1255 ostium
1546 1214 1656 1255 Rho-

169 1284 274 1323 dani.
330 1281 515 1323 Massilia
538 1283 640 1323 enim
663 1284 744 1323 fere
768 1296 819 1323 ex
842 1282 967 1322 tribus
991 1283 1118 1336 oppidi
1141 1284 1315 1337 partibus
1339 1284 1436 1323 mari
1460 1283 1653 1333 adluitur3
1678 1281 1703 1322 3

169 1351 319 1404 reliqua
343 1358 482 1404 quarta
516 1357 602 1400 est,
642 1364 739 1403 quae
761 1350 905 1390 aditum
928 1350 1069 1390 habeat
1090 1350 1136 1391 ab
1159 1358 1281 1391 terra.
1344 1350 1471 1391 Huius
1503 1365 1656 1404 quoque

170 1419 285 1472 spatii
309 1433 398 1472 pars
421 1433 482 1468 ea,
508 1432 605 1472 quae
628 1419 675 1459 ad
698 1432 829 1458 arcem
852 1417 1036 1471 pertinet,
1061 1418 1137 1458 loci
1160 1426 1300 1459 natura
1323 1426 1361 1459 et
1383 1419 1486 1459 ualle
1509 1418 1656 1459 altissi-

169 1500 231 1525 ma
254 1486 402 1526 munita
424 1487 579 1539 longam
604 1494 643 1526 et
664 1486 853 1526 difficilem
879 1484 993 1525 hahet
1015 1487 1359 1540 oppugnationem.
1415 1486 1478 1526 Ad
1501 1499 1546 1526 ea
1568 1499 1654 1540 per·
1676 1485 1704 1526 4

170 1554 334 1593 finienda
357 1569 476 1607 opera
499 1552 548 1595 C.
573 1553 798 1594 Trebonius
821 1567 1002 1607 magnam
1032 1554 1292 1594 iumentorum
1316 1561 1432 1607 atque
1457 1554 1657 1595 hominum

169 1621 454 1662 multitudinem
479 1636 530 1662 ex
553 1622 657 1661 omni
679 1621 883 1675 prouincia
904 1629 1046 1671 uocat3
1072 1622 1220 1662 nimina
1242 1623 1527 1674 materiamque
1549 1636 1655 1662 eom-

168 1689 314 1742 portari
345 1689 468 1729 iubet.
514 1688 667 1742 Quibus
700 1689 935 1742 comparatis
967 1689 1085 1729 rebus
1117 1703 1303 1744 aggerem
1336 1690 1375 1730 in
1408 1690 1656 1729 altitudinem

168 1757 304 1809 pedum
328 1764 456 1797 LXXX
480 1757 645 1797 extruit.
691 1755 770 1797 Sed
802 1756 899 1796 tanti
929 1764 1042 1797 erant
1063 1758 1280 1810 antiquitus
1303 1757 1342 1796 in
1365 1756 1505 1811 oppido
1529 1757 1651 1796 omni-
1675 1756 1703 1801 2

168 1838 232 1863 um
254 1838 385 1864 rerum
420 1825 466 1864 ad
497 1825 640 1865 bellum
671 1831 880 1879 apparatus
914 1831 1098 1878 tantaque
1119 1825 1326 1865 multitudo
1350 1832 1655 1874 tormentorum,

169 1898 212 1931 ut
233 1905 368 1932 eorum
387 1892 464 1932 uim
479 1892 609 1933 nullae
624 1899 839 1933 contextae
861 1893 1071 1933 uiminibus
1095 1893 1236 1933 uineae
1259 1894 1458 1933 sustinere
1481 1901 1656 1946 possent.

168 1960 341 2000 Asseros
364 1960 467 2000 enim
490 1961 626 2014 pedum
648 1968 714 2000 XII
736 1960 961 2014 cuspidibus
984 1961 1151 2015 praefixi
1173 1968 1289 2014 atque
1312 1961 1349 2000 hi
1372 1960 1555 2001 maximis
1576 1960 1659 2000 hal-
1680 1959 1708 2001 2

170 2027 272 2068 listis
294 2028 402 2068 missi
427 2042 498 2082 per
520 2035 581 2068 1111
604 2028 763 2069 ordines
797 2028 961 2068 cratium
994 2030 1036 2069 in
1059 2036 1168 2069 terra
1190 2029 1474 2082 deligebantur.
1519 2026 1657 2081 Itaque
1679 2026 1705 2068 3

170 2095 371 2149 pedalibus
405 2096 523 2150 lignis
556 2096 776 2137 coniunctis
806 2096 911 2136 inter
941 2110 984 2137 se
1007 2096 1182 2150 porticus
1205 2096 1509 2150 integebantur‚
1544 2102 1660 2148 atque

170 2164 241 2204 hac
263 2178 386 2218 agger
406 2165 510 2205 inter
541 2178 680 2205 manus
713 2164 1002 2219 proferebatur.
1045 2163 1320 2205 Antecedebat
1340 2164 1495 2204 testudo
1519 2163 1656 2217 pedum
1678 2161 1706 2203 4

168 2238 230 2271 LX
251 2232 444 2285 aequandi
465 2233 542 2273 loci
574 2246 694 2273 eausa
716 2233 820 2272 faeta
841 2233 934 2273 item
959 2247 1013 2273 ex
1033 2232 1259 2273 fortissimis
1281 2233 1397 2286 lignis
1412 2263 1422 2283 ‚
1448 2231 1659 2271 conuoluta

169 2300 347 2341 omnibus
369 2300 503 2351 rebus⁷
529 2301 667 2354 quibus
690 2300 792 2355 ignis
814 2300 940 2340 iactus
964 2307 1001 2341 et
1022 2300 1172 2355 lapides
1192 2300 1347 2341 defendi
1369 2305 1549 2355 possent.
1580 2296 1660 2339 Sed
1681 2296 1706 2339 5

169 2369 396 2422 magnitudo
410 2383 587 2423 operum,
612 2369 776 2409 altitudo
792 2368 891 2409 muri
906 2375 1021 2422 atque
1044 2369 1228 2419 turrium,
1253 2368 1461 2409 multitudo
1485 2374 1659 2408 tormen-

177 2442 300 2476 torum
324 2451 476 2478 omnem
500 2437 883 2478 administrationem
905 2437 1101 2477 tardabat.
1159 2433 1336 2478 Crebrae
1359 2436 1474 2476 etiam
1499 2449 1567 2490 per
1587 2434 1659 2474 Al-
1680 2432 1706 2474 6

317 2534 437 2577 Incipit
453 2535 541 2567 liber
558 2535 730 2566 secundus
750 2534 903 2567 eiusdem
923 2535 1037 2576 operis
1049 2545 1084 2566 a.
1228 2535 1390 2575 llegatus
1403 2544 1471 2565 om.
1485 2544 1513 2564 e.

175 2585 195 2616 4
214 2589 312 2626 portu
332 2586 363 2616 b.
501 2596 587 2628 quae
607 2591 661 2617 est
678 2597 712 2618 α.
868 2586 885 2617 5
906 2586 1042 2618 adiacet
1060 2596 1146 2627 ego5
1166 2586 1274 2626 adigit
1293 2585 1408 2625 codd,
1431 2587 1503 2616 nisi
1519 2584 1615 2626 qnod
1630 2594 1651 2614 α

176 2640 259 2667 ante
277 2646 368 2668 corr.
389 2636 491 2676 adgit.
514 2638 553 2668 P.
574 2637 649 2669 146.
816 2637 962 2668 hostium
981 2647 1016 2668 a.
1181 2638 1199 2669 6
1220 2637 1328 2668 tribus
1347 2647 1387 2668 ex
1410 2638 1504 2668 ‘mss.
1527 2639 1558 2666 et
1576 2635 1652 2667 edd.

177 2689 272 2730 qdd:
411 2689 562 2720 adluitur
578 2700 612 2720 a.
771 2689 788 2721 7
808 2689 848 2720 ab
866 2693 959 2721 terra
977 2700 1009 2730 a,
1032 2690 1072 2720 ad
1094 2695 1219 2721 terram
1240 2700 1329 2721 unas
1347 2689 1420 2721 det.
1443 2692 1477 2719 et
1497 2688 1528 2719 ⁴3
1549 2686 1655 2725 alifi,-

178 2749 195 2769 a
216 2744 308 2769 terra
328 2748 362 2770 n.
501 2739 537 2771 11
559 2744 680 2771 euocat
700 2739 925 2771 ciacconius.
1071 2741 1110 2773 13
1129 2741 1258 2772 extruit
1275 2751 1309 2772 a.
1453 2739 1492 2770 16
1511 2737 1659 2768 ballistis

178 2789 242 2828 (a),
265 2799 333 2820 non
352 2789 500 2820 balistis.
638 2791 681 2824 20
701 2791 884 2822 eonuoluta
903 2801 923 2822 a
936 2801 970 2831 c,
992 2792 1131 2824 euoluta
1149 2792 1291 2833 reliqui.
1455 2789 1497 2823 23
1516 2788 1656 2820 crebrae

180 2840 280 2871 etium
300 2849 376 2881 ego,
397 2840 537 2872 crebrae
556 2844 668 2872 tamen
689 2840 789 2873 codd.
