<?xml version="1.0" encoding="UTF-8"?>
<!DOCTYPE html PUBLIC "-//W3C//DTD XHTML 1.0 Transitional//EN"
    "http://www.w3.org/TR/xhtml1/DTD/xhtml1-transitional.dtd">
<html xmlns="http://www.w3.org/1999/xhtml" xml:lang="en" lang="en">
 <head>
  <title>
</title>
<meta http-equiv="Content-Type" content="text/html;charset=utf-8" />
  <meta name='ocr-system' content='tesseract 3.04.00' />
  <meta name='ocr-capabilities' content='ocr_page ocr_carea ocr_par ocr_line ocrx_word'/>
</head>
<body>
  <div class='ocr_page' id='page_1' title='image "./commentarii00caesuoft_0207.png"; bbox 0 0 1835 3240; ppageno 0'>
   <div class='ocr_carea' id='block_1_1' title="bbox 666 168 1088 210">
    <p class='ocr_par' dir='ltr' id='par_1_1' title="bbox 666 168 1088 210">
     <span class='ocr_line' id='line_1_1' title="bbox 666 168 1088 210; baseline 0.007 -2"><span class='ocrx_word' id='word_1_1' title='bbox 666 168 1088 210; x_wconf 83' lang='lat'>-197—</span> 
     </span>
    </p>
   </div>
   <div class='ocr_carea' id='block_1_2' title="bbox 137 279 1649 2910">
    <p class='ocr_par' dir='ltr' id='par_1_2' title="bbox 137 279 1636 1618">
     <span class='ocr_line' id='line_1_2' title="bbox 138 279 1621 341; baseline 0.004 -16"><span class='ocrx_word' id='word_1_2' title='bbox 138 286 232 326; x_wconf 83' lang='lat' dir='ltr'><strong>haec</strong></span> <span class='ocrx_word' id='word_1_3' title='bbox 253 282 396 335; x_wconf 81' lang='lat' dir='ltr'><strong>scripta</strong></span> <span class='ocrx_word' id='word_1_4' title='bbox 419 288 534 321; x_wconf 89' lang='lat' dir='ltr'><strong>sunt:</strong></span> <span class='ocrx_word' id='word_1_5' title='bbox 573 281 645 321; x_wconf 88' lang='lat' dir='ltr'><strong>‘At</strong></span> <span class='ocrx_word' id='word_1_6' title='bbox 664 279 832 323; x_wconf 86' lang='lat' dir='ltr'><strong>Pontica</strong></span> <span class='ocrx_word' id='word_1_7' title='bbox 856 296 909 323; x_wconf 84' lang='lat' dir='ltr'><strong>ex</strong></span> <span class='ocrx_word' id='word_1_8' title='bbox 929 283 1052 323; x_wconf 79' lang='lat' dir='ltr'><strong>altera</strong></span> <span class='ocrx_word' id='word_1_9' title='bbox 1076 290 1186 337; x_wconf 87' lang='lat' dir='ltr'><strong>parte</strong></span> <span class='ocrx_word' id='word_1_10' title='bbox 1208 284 1328 337; x_wconf 86' lang='lat' dir='ltr'><strong>legio,</strong></span> <span class='ocrx_word' id='word_1_11' title='bbox 1360 300 1446 326; x_wconf 90' lang='lat' dir='ltr'><strong>cum</strong></span> <span class='ocrx_word' id='word_1_12' title='bbox 1469 290 1621 341; x_wconf 83' lang='lat' dir='ltr'><strong>paulum</strong></span> 
     </span>
     <span class='ocr_line' id='line_1_3' title="bbox 138 348 1623 399; baseline 0.004 -8"><span class='ocrx_word' id='word_1_13' title='bbox 138 363 279 392; x_wconf 85' lang='lat' dir='ltr'><strong>auersa</strong></span> <span class='ocrx_word' id='word_1_14' title='bbox 310 348 485 389; x_wconf 82' lang='lat' dir='ltr'>hostibus</span> <span class='ocrx_word' id='word_1_15' title='bbox 509 350 724 399; x_wconf 82' lang='lat' dir='ltr'><strong>cessisset,</strong></span> <span class='ocrx_word' id='word_1_16' title='bbox 760 351 902 390; x_wconf 84' lang='lat' dir='ltr'><strong>fossam</strong></span> <span class='ocrx_word' id='word_1_17' title='bbox 932 357 1061 391; x_wconf 82' lang='lat' dir='ltr'><strong>autem</strong></span> <span class='ocrx_word' id='word_1_18' title='bbox 1092 352 1302 393; x_wconf 87' lang='lat' dir='ltr'><strong>circumire</strong></span> <span class='ocrx_word' id='word_1_19' title='bbox 1323 353 1429 393; x_wconf 89' lang='lat' dir='ltr'><strong>acies</strong></span> <span class='ocrx_word' id='word_1_20' title='bbox 1452 359 1623 399; x_wconf 88' lang='lat' dir='ltr'><strong>secundo</strong></span> 
     </span>
     <span class='ocr_line' id='line_1_4' title="bbox 138 417 1626 474; baseline 0.005 -16"><span class='ocrx_word' id='word_1_21' title='bbox 138 424 277 458; x_wconf 89' lang='lat' dir='ltr'><strong>conata</strong></span> <span class='ocrx_word' id='word_1_22' title='bbox 300 424 423 466; x_wconf 86' lang='lat' dir='ltr'><strong>esset,</strong></span> <span class='ocrx_word' id='word_1_23' title='bbox 447 423 490 457; x_wconf 87' lang='lat' dir='ltr'><strong>ut</strong></span> <span class='ocrx_word' id='word_1_24' title='bbox 510 424 646 470; x_wconf 87' lang='lat' dir='ltr'><strong>aperto</strong></span> <span class='ocrx_word' id='word_1_25' title='bbox 662 417 786 457; x_wconf 86' lang='lat' dir='ltr'><strong>latere</strong></span> <span class='ocrx_word' id='word_1_26' title='bbox 808 419 1094 472; x_wconf 69' lang='lat' dir='ltr'>aggrederetur</span> <span class='ocrx_word' id='word_1_27' title='bbox 1110 420 1278 469; x_wconf 85' lang='lat' dir='ltr'><strong>hostem,</strong></span> <span class='ocrx_word' id='word_1_28' title='bbox 1304 420 1342 459; x_wconf 91' lang='lat' dir='ltr'><strong>in</strong></span> <span class='ocrx_word' id='word_1_29' title='bbox 1360 421 1443 474; x_wconf 92' lang='lat' dir='ltr'><strong>ipso</strong></span> <span class='ocrx_word' id='word_1_30' title='bbox 1458 425 1626 466; x_wconf 82' lang='lat' dir='ltr'><strong>transitu</strong></span> 
     </span>
     <span class='ocr_line' id='line_1_5' title="bbox 138 485 1628 541; baseline 0.003 -16"><span class='ocrx_word' id='word_1_31' title='bbox 138 487 270 526; x_wconf 86' lang='lat' dir='ltr'><strong>fossae</strong></span> <span class='ocrx_word' id='word_1_32' title='bbox 293 486 448 524; x_wconf 82' lang='lat' dir='ltr'><strong>confixa</strong></span> <span class='ocrx_word' id='word_1_33' title='bbox 472 491 512 524; x_wconf 90' lang='lat' dir='ltr'><strong>et</strong></span> <span class='ocrx_word' id='word_1_34' title='bbox 532 498 717 538; x_wconf 82' lang='lat' dir='ltr'><strong>oppressa</strong></span> <span class='ocrx_word' id='word_1_35' title='bbox 743 485 832 525; x_wconf 78' lang='lat' dir='ltr'><strong>est&#39;.</strong></span> <span class='ocrx_word' id='word_1_36' title='bbox 868 485 1001 526; x_wconf 85' lang='lat' dir='ltr'><strong>Verba</strong></span> <span class='ocrx_word' id='word_1_37' title='bbox 1021 486 1144 527; x_wconf 86' lang='lat' dir='ltr'><strong>‘acies</strong></span> <span class='ocrx_word' id='word_1_38' title='bbox 1166 487 1349 527; x_wconf 89' lang='lat' dir='ltr'><strong>secundo&#39;</strong></span> <span class='ocrx_word' id='word_1_39' title='bbox 1374 488 1466 541; x_wconf 92' lang='lat' dir='ltr'><strong>quin</strong></span> <span class='ocrx_word' id='word_1_40' title='bbox 1489 504 1628 531; x_wconf 89' lang='lat' dir='ltr'><strong>corru-</strong></span> 
     </span>
     <span class='ocr_line' id='line_1_6' title="bbox 137 552 1629 610; baseline 0.004 -19"><span class='ocrx_word' id='word_1_41' title='bbox 137 560 201 606; x_wconf 85' lang='lat' dir='ltr'><strong>pta</strong></span> <span class='ocrx_word' id='word_1_42' title='bbox 223 559 373 601; x_wconf 86' lang='lat' dir='ltr'><strong>essent,</strong></span> <span class='ocrx_word' id='word_1_43' title='bbox 400 559 509 592; x_wconf 89' lang='lat' dir='ltr'><strong>recte</strong></span> <span class='ocrx_word' id='word_1_44' title='bbox 532 565 644 591; x_wconf 90' lang='lat' dir='ltr'><strong>nemo</strong></span> <span class='ocrx_word' id='word_1_45' title='bbox 668 552 875 593; x_wconf 89' lang='lat' dir='ltr'><strong>dubitauit.</strong></span> <span class='ocrx_word' id='word_1_46' title='bbox 917 553 1095 607; x_wconf 83' lang='lat' dir='ltr'><strong>Apparet</strong></span> <span class='ocrx_word' id='word_1_47' title='bbox 1124 562 1251 594; x_wconf 86' lang='lat' dir='ltr'><strong>autem</strong></span> <span class='ocrx_word' id='word_1_48' title='bbox 1273 553 1478 596; x_wconf 81' lang='lat' dir='ltr'>Ponticam</span> <span class='ocrx_word' id='word_1_49' title='bbox 1506 557 1629 610; x_wconf 86' lang='lat' dir='ltr'><strong>legio-</strong></span> 
     </span>
     <span class='ocr_line' id='line_1_7' title="bbox 137 620 1628 673; baseline 0.003 -13"><span class='ocrx_word' id='word_1_50' title='bbox 137 634 226 660; x_wconf 89' lang='lat' dir='ltr'><strong>nem</strong></span> <span class='ocrx_word' id='word_1_51' title='bbox 258 620 384 660; x_wconf 90' lang='lat' dir='ltr'><strong>simile</strong></span> <span class='ocrx_word' id='word_1_52' title='bbox 415 620 558 672; x_wconf 87' lang='lat' dir='ltr'><strong>aliquid</strong></span> <span class='ocrx_word' id='word_1_53' title='bbox 590 627 771 660; x_wconf 87' lang='lat' dir='ltr'><strong>conatam</strong></span> <span class='ocrx_word' id='word_1_54' title='bbox 804 634 908 670; x_wconf 89' lang='lat' dir='ltr'><strong>esse,</strong></span> <span class='ocrx_word' id='word_1_55' title='bbox 934 627 1050 673; x_wconf 80' lang='lat' dir='ltr'><strong>atque</strong></span> <span class='ocrx_word' id='word_1_56' title='bbox 1081 636 1104 661; x_wconf 87' lang='lat' dir='ltr'><strong>a</strong></span> <span class='ocrx_word' id='word_1_57' title='bbox 1126 622 1326 663; x_wconf 89' lang='lat' dir='ltr'><strong>tricesima</strong></span> <span class='ocrx_word' id='word_1_58' title='bbox 1348 630 1463 663; x_wconf 83' lang='lat' dir='ltr'><strong>sexta</strong></span> <span class='ocrx_word' id='word_1_59' title='bbox 1487 625 1628 665; x_wconf 86' lang='lat' dir='ltr'><strong>sactum</strong></span> 
     </span>
     <span class='ocr_line' id='line_1_8' title="bbox 137 687 1630 742; baseline 0.003 -15"><span class='ocrx_word' id='word_1_60' title='bbox 137 693 238 728; x_wconf 90' lang='lat' dir='ltr'><strong>erat.</strong></span> <span class='ocrx_word' id='word_1_61' title='bbox 280 687 335 727; x_wconf 89' lang='lat' dir='ltr'><strong>At</strong></span> <span class='ocrx_word' id='word_1_62' title='bbox 359 688 414 727; x_wconf 84' lang='lat' dir='ltr'><strong>‘in</strong></span> <span class='ocrx_word' id='word_1_63' title='bbox 436 688 520 741; x_wconf 89' lang='lat' dir='ltr'><strong>ipso</strong></span> <span class='ocrx_word' id='word_1_64' title='bbox 543 687 713 728; x_wconf 87' lang='lat' dir='ltr'><strong>transitu</strong></span> <span class='ocrx_word' id='word_1_65' title='bbox 736 688 866 729; x_wconf 84' lang='lat' dir='ltr'><strong>fossae</strong></span> <span class='ocrx_word' id='word_1_66' title='bbox 889 689 1044 728; x_wconf 83' lang='lat' dir='ltr'><strong>confixa</strong></span> <span class='ocrx_word' id='word_1_67' title='bbox 1067 696 1106 729; x_wconf 91' lang='lat' dir='ltr'><strong>et</strong></span> <span class='ocrx_word' id='word_1_68' title='bbox 1127 703 1313 742; x_wconf 89' lang='lat' dir='ltr'><strong>oppressa</strong></span> <span class='ocrx_word' id='word_1_69' title='bbox 1337 689 1428 730; x_wconf 85' lang='lat' dir='ltr'><strong>est&#39;.</strong></span> <span class='ocrx_word' id='word_1_70' title='bbox 1471 690 1630 732; x_wconf 78' lang='lat' dir='ltr'>Dictum</span> 
     </span>
     <span class='ocr_line' id='line_1_9' title="bbox 137 755 1631 811; baseline 0.004 -17"><span class='ocrx_word' id='word_1_71' title='bbox 137 755 259 808; x_wconf 88' lang='lat' dir='ltr'><strong>igitur</strong></span> <span class='ocrx_word' id='word_1_72' title='bbox 289 760 405 794; x_wconf 85' lang='lat' dir='ltr'><strong>antea</strong></span> <span class='ocrx_word' id='word_1_73' title='bbox 432 760 519 794; x_wconf 87' lang='lat' dir='ltr'><strong>erat</strong></span> <span class='ocrx_word' id='word_1_74' title='bbox 549 768 633 793; x_wconf 88' lang='lat' dir='ltr'><strong>eam</strong></span> <span class='ocrx_word' id='word_1_75' title='bbox 666 755 810 794; x_wconf 89' lang='lat' dir='ltr'><strong>fossam</strong></span> <span class='ocrx_word' id='word_1_76' title='bbox 843 756 1014 796; x_wconf 87' lang='lat' dir='ltr'><strong>transire</strong></span> <span class='ocrx_word' id='word_1_77' title='bbox 1046 756 1235 796; x_wconf 87' lang='lat' dir='ltr'><strong>uoluisse.</strong></span> <span class='ocrx_word' id='word_1_78' title='bbox 1289 755 1426 811; x_wconf 84' lang='lat' dir='ltr'><strong>Itaque</strong></span> <span class='ocrx_word' id='word_1_79' title='bbox 1458 758 1554 799; x_wconf 88' lang='grc'><strong>11000</strong></span> <span class='ocrx_word' id='word_1_80' title='bbox 1576 760 1631 800; x_wconf 85' lang='grc' dir='ltr'><strong>1ῐο</strong></span> 
     </span>
     <span class='ocr_line' id='line_1_10' title="bbox 139 822 1632 874; baseline 0.003 -12"><span class='ocrx_word' id='word_1_81' title='bbox 139 822 381 862; x_wconf 87' lang='lat' dir='ltr'><strong>emendanda</strong></span> <span class='ocrx_word' id='word_1_82' title='bbox 414 823 572 874; x_wconf 82' lang='lat' dir='ltr'><strong>putaui:</strong></span> <span class='ocrx_word' id='word_1_83' title='bbox 609 823 777 862; x_wconf 84' lang='lat' dir='ltr'><strong>‘fossam</strong></span> <span class='ocrx_word' id='word_1_84' title='bbox 809 830 940 863; x_wconf 90' lang='lat' dir='ltr'><strong>autem</strong></span> <span class='ocrx_word' id='word_1_85' title='bbox 964 822 1171 864; x_wconf 86' lang='lat' dir='ltr'><strong>circumire</strong></span> <span class='ocrx_word' id='word_1_86' title='bbox 1193 838 1238 864; x_wconf 84' lang='lat' dir='ltr'><strong>ac</strong></span> <span class='ocrx_word' id='word_1_87' title='bbox 1260 826 1543 867; x_wconf 85' lang='lat' dir='ltr'><strong>transcendere</strong></span> <span class='ocrx_word' id='word_1_88' title='bbox 1566 841 1632 867; x_wconf 88' lang='lat' dir='ltr'><strong>co-</strong></span> 
     </span>
     <span class='ocr_line' id='line_1_11' title="bbox 139 886 1631 947; baseline 0.005 -18"><span class='ocrx_word' id='word_1_89' title='bbox 139 897 232 930; x_wconf 88' lang='lat' dir='ltr'><strong>nata</strong></span> <span class='ocrx_word' id='word_1_90' title='bbox 254 891 387 930; x_wconf 81' lang='lat' dir='ltr'><strong>esset&#39;.</strong></span> <span class='ocrx_word' id='word_1_91' title='bbox 430 888 556 929; x_wconf 87' lang='lat' dir='ltr'><strong>Recte</strong></span> <span class='ocrx_word' id='word_1_92' title='bbox 581 886 886 943; x_wconf 86' lang='lat' dir='ltr'><strong>Oudendorpius</strong></span> <span class='ocrx_word' id='word_1_93' title='bbox 919 898 1056 930; x_wconf 85' lang='lat' dir='ltr'><strong>contra</strong></span> <span class='ocrx_word' id='word_1_94' title='bbox 1082 887 1286 931; x_wconf 89' lang='lat' dir='ltr'><strong>Clarkium</strong></span> <span class='ocrx_word' id='word_1_95' title='bbox 1311 893 1481 947; x_wconf 82' lang='lat' dir='ltr'><strong>disputat</strong></span> <span class='ocrx_word' id='word_1_96' title='bbox 1502 895 1631 936; x_wconf 84' lang='lat' dir='ltr'><strong>fossas</strong></span> 
     </span>
     <span class='ocr_line' id='line_1_12' title="bbox 138 955 1633 1011; baseline 0.005 -15"><span class='ocrx_word' id='word_1_97' title='bbox 138 956 225 997; x_wconf 84' lang='lat' dir='ltr'><strong>illas</strong></span> <span class='ocrx_word' id='word_1_98' title='bbox 248 970 270 996; x_wconf 90' lang='lat' dir='ltr'><strong>a</strong></span> <span class='ocrx_word' id='word_1_99' title='bbox 285 955 492 996; x_wconf 80' lang='lat' dir='ltr'>Pharnace</span> <span class='ocrx_word' id='word_1_100' title='bbox 514 956 715 996; x_wconf 84' lang='lat' dir='ltr'><strong>institutas</strong></span> <span class='ocrx_word' id='word_1_101' title='bbox 740 971 814 996; x_wconf 90' lang='lat' dir='ltr'><strong>non</strong></span> <span class='ocrx_word' id='word_1_102' title='bbox 839 971 859 996; x_wconf 85' lang='lat' dir='ltr'><strong>a</strong></span> <span class='ocrx_word' id='word_1_103' title='bbox 885 958 1011 997; x_wconf 89' lang='lat' dir='ltr'><strong>fronte</strong></span> <span class='ocrx_word' id='word_1_104' title='bbox 1034 964 1073 997; x_wconf 92' lang='lat' dir='ltr'><strong>et</strong></span> <span class='ocrx_word' id='word_1_105' title='bbox 1096 965 1207 1011; x_wconf 87' lang='lat' dir='ltr'><strong>tergo</strong></span> <span class='ocrx_word' id='word_1_106' title='bbox 1229 959 1329 1000; x_wconf 83' lang='lat' dir='ltr'><strong>aciei</strong></span> <span class='ocrx_word' id='word_1_107' title='bbox 1352 962 1486 1002; x_wconf 87' lang='lat' dir='ltr'><strong>ductas</strong></span> <span class='ocrx_word' id='word_1_108' title='bbox 1508 962 1633 1004; x_wconf 82' lang='lat' dir='ltr'><strong>fuisse</strong></span> 
     </span>
     <span class='ocr_line' id='line_1_13' title="bbox 142 1024 1633 1080; baseline 0.005 -17"><span class='ocrx_word' id='word_1_109' title='bbox 142 1025 246 1080; x_wconf 85' lang='lat' dir='ltr'><strong>(qua</strong></span> <span class='ocrx_word' id='word_1_110' title='bbox 267 1024 391 1064; x_wconf 83' lang='lat' dir='ltr'><strong>altera</strong></span> <span class='ocrx_word' id='word_1_111' title='bbox 416 1025 519 1064; x_wconf 79' lang='lat' dir='ltr'><strong>fossa</strong></span> <span class='ocrx_word' id='word_1_112' title='bbox 543 1024 632 1077; x_wconf 90' lang='lat' dir='ltr'><strong>quid</strong></span> <span class='ocrx_word' id='word_1_113' title='bbox 655 1031 809 1078; x_wconf 89' lang='lat' dir='ltr'><strong>poterat</strong></span> <span class='ocrx_word' id='word_1_114' title='bbox 830 1025 982 1065; x_wconf 91' lang='lat' dir='ltr'><strong>institui</strong></span> <span class='ocrx_word' id='word_1_115' title='bbox 1006 1026 1316 1080; x_wconf 83' lang='lat' dir='ltr'><strong>peruersius?),</strong></span> <span class='ocrx_word' id='word_1_116' title='bbox 1351 1028 1418 1068; x_wconf 91' lang='lat' dir='ltr'><strong>sed</strong></span> <span class='ocrx_word' id='word_1_117' title='bbox 1441 1043 1463 1068; x_wconf 84' lang='lat' dir='ltr'><strong>a</strong></span> <span class='ocrx_word' id='word_1_118' title='bbox 1483 1030 1633 1072; x_wconf 91' lang='lat' dir='ltr'><strong>duobus</strong></span> 
     </span>
     <span class='ocr_line' id='line_1_14' title="bbox 140 1091 1634 1150; baseline 0.005 -20"><span class='ocrx_word' id='word_1_119' title='bbox 140 1091 351 1131; x_wconf 90' lang='lat' dir='ltr'><strong>lateribus:</strong></span> <span class='ocrx_word' id='word_1_120' title='bbox 386 1091 422 1131; x_wconf 90' lang='lat' dir='ltr'><strong>id</strong></span> <span class='ocrx_word' id='word_1_121' title='bbox 456 1092 556 1144; x_wconf 89' lang='lat' dir='ltr'><strong>quod</strong></span> <span class='ocrx_word' id='word_1_122' title='bbox 578 1092 632 1132; x_wconf 83' lang='lat' dir='ltr'><strong>ita</strong></span> <span class='ocrx_word' id='word_1_123' title='bbox 655 1105 743 1131; x_wconf 87' lang='grc'><strong>0550</strong></span> <span class='ocrx_word' id='word_1_124' title='bbox 765 1092 849 1146; x_wconf 87' lang='grc'><strong>1[)50</strong></span> <span class='ocrx_word' id='word_1_125' title='bbox 872 1092 992 1133; x_wconf 81' lang='lat' dir='ltr'>Hirtii</span> <span class='ocrx_word' id='word_1_126' title='bbox 1014 1093 1134 1134; x_wconf 83' lang='lat' dir='ltr'><strong>uerba</strong></span> <span class='ocrx_word' id='word_1_127' title='bbox 1157 1094 1313 1134; x_wconf 82' lang='lat' dir='ltr'><strong>docent.</strong></span> <span class='ocrx_word' id='word_1_128' title='bbox 1365 1093 1480 1147; x_wconf 87' lang='lat' dir='ltr'><strong>Quod</strong></span> <span class='ocrx_word' id='word_1_129' title='bbox 1511 1097 1634 1150; x_wconf 88' lang='lat' dir='ltr'><strong>igitur</strong></span> 
     </span>
     <span class='ocr_line' id='line_1_15' title="bbox 140 1157 1635 1219; baseline 0.003 -21"><span class='ocrx_word' id='word_1_130' title='bbox 140 1157 306 1199; x_wconf 87' lang='lat' dir='ltr'><strong>Pontica</strong></span> <span class='ocrx_word' id='word_1_131' title='bbox 328 1159 430 1212; x_wconf 80' lang='lat' dir='ltr'><strong>legio</strong></span> <span class='ocrx_word' id='word_1_132' title='bbox 453 1160 597 1199; x_wconf 82' lang='lat' dir='ltr'><strong>fossam</strong></span> <span class='ocrx_word' id='word_1_133' title='bbox 622 1160 830 1200; x_wconf 88' lang='lat' dir='ltr'><strong>circumire</strong></span> <span class='ocrx_word' id='word_1_134' title='bbox 855 1160 1026 1201; x_wconf 87' lang='lat' dir='ltr'><strong>uoluisse</strong></span> <span class='ocrx_word' id='word_1_135' title='bbox 1049 1162 1208 1212; x_wconf 90' lang='lat' dir='ltr'><strong>dicitur,</strong></span> <span class='ocrx_word' id='word_1_136' title='bbox 1242 1162 1297 1202; x_wconf 89' lang='lat' dir='ltr'><strong>ita</strong></span> <span class='ocrx_word' id='word_1_137' title='bbox 1319 1169 1380 1202; x_wconf 90' lang='lat' dir='ltr'><strong>est</strong></span> <span class='ocrx_word' id='word_1_138' title='bbox 1399 1162 1635 1219; x_wconf 84' lang='lat' dir='ltr'><strong>intellegen-</strong></span> 
     </span>
     <span class='ocr_line' id='line_1_16' title="bbox 144 1227 1635 1286; baseline 0.005 -21"><span class='ocrx_word' id='word_1_139' title='bbox 144 1227 252 1276; x_wconf 90' lang='lat' dir='ltr'><strong>dum,</strong></span> <span class='ocrx_word' id='word_1_140' title='bbox 289 1240 371 1266; x_wconf 87' lang='lat' dir='ltr'><strong>eam</strong></span> <span class='ocrx_word' id='word_1_141' title='bbox 396 1227 441 1266; x_wconf 88' lang='lat' dir='ltr'><strong>ad</strong></span> <span class='ocrx_word' id='word_1_142' title='bbox 465 1227 663 1267; x_wconf 80' lang='lat' dir='ltr'><strong>sinistram</strong></span> <span class='ocrx_word' id='word_1_143' title='bbox 688 1235 836 1281; x_wconf 87' lang='lat' dir='ltr'><strong>partem</strong></span> <span class='ocrx_word' id='word_1_144' title='bbox 860 1229 1047 1281; x_wconf 79' lang='lat' dir='ltr'><strong>cessisse,</strong></span> <span class='ocrx_word' id='word_1_145' title='bbox 1080 1236 1121 1268; x_wconf 91' lang='lat' dir='ltr'><strong>ut</strong></span> <span class='ocrx_word' id='word_1_146' title='bbox 1141 1230 1341 1284; x_wconf 86' lang='lat' dir='ltr'><strong>regionem</strong></span> <span class='ocrx_word' id='word_1_147' title='bbox 1366 1231 1497 1272; x_wconf 83' lang='lat' dir='ltr'><strong>fossae</strong></span> <span class='ocrx_word' id='word_1_148' title='bbox 1519 1246 1635 1286; x_wconf 90' lang='lat' dir='ltr'><strong>supe-</strong></span> 
     </span>
     <span class='ocr_line' id='line_1_17' title="bbox 144 1294 1635 1352; baseline 0.005 -20"><span class='ocrx_word' id='word_1_149' title='bbox 144 1301 276 1342; x_wconf 81' lang='lat' dir='ltr'><strong>raret,</strong></span> <span class='ocrx_word' id='word_1_150' title='bbox 312 1294 451 1334; x_wconf 90' lang='lat' dir='ltr'><strong>deinde</strong></span> <span class='ocrx_word' id='word_1_151' title='bbox 475 1304 602 1334; x_wconf 81' lang='lat' dir='ltr'><strong>autem</strong></span> <span class='ocrx_word' id='word_1_152' title='bbox 628 1309 822 1336; x_wconf 89' lang='lat' dir='ltr'><strong>conuersa</strong></span> <span class='ocrx_word' id='word_1_153' title='bbox 847 1297 893 1335; x_wconf 90' lang='lat' dir='ltr'><strong>ad</strong></span> <span class='ocrx_word' id='word_1_154' title='bbox 923 1298 1068 1337; x_wconf 84' lang='lat' dir='ltr'><strong>fossam</strong></span> <span class='ocrx_word' id='word_1_155' title='bbox 1090 1297 1320 1351; x_wconf 88' lang='lat' dir='ltr'><strong>perueniret</strong></span> <span class='ocrx_word' id='word_1_156' title='bbox 1341 1311 1503 1352; x_wconf 87' lang='lat' dir='ltr'><strong>eamque</strong></span> <span class='ocrx_word' id='word_1_157' title='bbox 1525 1307 1635 1340; x_wconf 88' lang='lat' dir='ltr'><strong>tran-</strong></span> 
     </span>
     <span class='ocr_line' id='line_1_18' title="bbox 145 1360 1636 1420; baseline 0.005 -18"><span class='ocrx_word' id='word_1_158' title='bbox 145 1362 366 1402; x_wconf 85' lang='lat' dir='ltr'><strong>scenderet.</strong></span> <span class='ocrx_word' id='word_1_159' title='bbox 420 1360 562 1415; x_wconf 90' lang='lat' dir='ltr'><strong>Neque</strong></span> <span class='ocrx_word' id='word_1_160' title='bbox 594 1362 655 1400; x_wconf 91' lang='grc'><strong>1110</strong></span> <span class='ocrx_word' id='word_1_161' title='bbox 670 1393 679 1410; x_wconf 92' lang='grc'>,</span> <span class='ocrx_word' id='word_1_162' title='bbox 727 1363 818 1414; x_wconf 91' lang='lat' dir='ltr'><strong>quid</strong></span> <span class='ocrx_word' id='word_1_163' title='bbox 860 1364 1154 1416; x_wconf 81' lang='lat' dir='ltr'><strong>requireretur,</strong></span> <span class='ocrx_word' id='word_1_164' title='bbox 1198 1363 1392 1405; x_wconf 89' lang='lat' dir='ltr'><strong>Iurinium</strong></span> <span class='ocrx_word' id='word_1_165' title='bbox 1424 1367 1539 1420; x_wconf 81' lang='lat' dir='ltr'><strong>fugit,</strong></span> <span class='ocrx_word' id='word_1_166' title='bbox 1566 1369 1636 1410; x_wconf 90' lang='lat' dir='ltr'><strong>sed</strong></span> 
     </span>
     <span class='ocr_line' id='line_1_19' title="bbox 146 1429 1632 1488; baseline 0.005 -20"><span class='ocrx_word' id='word_1_167' title='bbox 146 1430 245 1482; x_wconf 92' lang='lat' dir='ltr'><strong>quod</strong></span> <span class='ocrx_word' id='word_1_168' title='bbox 270 1429 439 1468; x_wconf 88' lang='lat' dir='ltr'><strong>coniecit</strong></span> <span class='ocrx_word' id='word_1_169' title='bbox 476 1430 644 1469; x_wconf 81' lang='lat' dir='ltr'><strong>‘fossam</strong></span> <span class='ocrx_word' id='word_1_170' title='bbox 668 1437 796 1470; x_wconf 83' lang='lat' dir='ltr'><strong>autem</strong></span> <span class='ocrx_word' id='word_1_171' title='bbox 820 1431 992 1472; x_wconf 80' lang='lat' dir='ltr'><strong>transire</strong></span> <span class='ocrx_word' id='word_1_172' title='bbox 1014 1432 1119 1472; x_wconf 84' lang='lat' dir='ltr'><strong>acies</strong></span> <span class='ocrx_word' id='word_1_173' title='bbox 1143 1433 1314 1473; x_wconf 85' lang='lat' dir='ltr'><strong>secunda</strong></span> <span class='ocrx_word' id='word_1_174' title='bbox 1342 1441 1482 1475; x_wconf 85' lang='lat' dir='ltr'><strong>conata</strong></span> <span class='ocrx_word' id='word_1_175' title='bbox 1496 1436 1632 1488; x_wconf 90' lang='lat' dir='ltr'><strong>esset&#39;,</strong></span> 
     </span>
     <span class='ocr_line' id='line_1_20' title="bbox 145 1496 1636 1552; baseline 0.006 -16"><span class='ocrx_word' id='word_1_176' title='bbox 145 1505 183 1537; x_wconf 90' lang='lat' dir='ltr'><strong>et</strong></span> <span class='ocrx_word' id='word_1_177' title='bbox 205 1512 225 1536; x_wconf 82' lang='lat' dir='ltr'><strong>a</strong></span> <span class='ocrx_word' id='word_1_178' title='bbox 249 1496 447 1536; x_wconf 83' lang='lat' dir='ltr'><strong>codicibus</strong></span> <span class='ocrx_word' id='word_1_179' title='bbox 462 1497 792 1551; x_wconf 70' lang='lat' dir='ltr'><strong>longius‘recedit,</strong></span> <span class='ocrx_word' id='word_1_180' title='bbox 818 1511 959 1551; x_wconf 87' lang='lat' dir='ltr'><strong>neque,</strong></span> <span class='ocrx_word' id='word_1_181' title='bbox 984 1499 1075 1552; x_wconf 89' lang='lat' dir='ltr'><strong>quid</strong></span> <span class='ocrx_word' id='word_1_182' title='bbox 1095 1499 1151 1539; x_wconf 87' lang='lat' dir='ltr'><strong>ita</strong></span> <span class='ocrx_word' id='word_1_183' title='bbox 1172 1500 1344 1541; x_wconf 84' lang='lat' dir='ltr'><strong>secunda</strong></span> <span class='ocrx_word' id='word_1_184' title='bbox 1358 1508 1507 1542; x_wconf 87' lang='lat' dir='ltr'><strong>tantum</strong></span> <span class='ocrx_word' id='word_1_185' title='bbox 1530 1503 1636 1545; x_wconf 83' lang='lat' dir='ltr'><strong>acies</strong></span> 
     </span>
     <span class='ocr_line' id='line_1_21' title="bbox 145 1564 975 1618; baseline 0.001 -13"><span class='ocrx_word' id='word_1_186' title='bbox 145 1567 289 1605; x_wconf 73' lang='lat' dir='ltr'><strong>fossam</strong></span> <span class='ocrx_word' id='word_1_187' title='bbox 315 1564 483 1604; x_wconf 78' lang='lat' dir='ltr'><strong>transire</strong></span> <span class='ocrx_word' id='word_1_188' title='bbox 506 1564 692 1613; x_wconf 81' lang='lat' dir='ltr'><strong>uoluerit,</strong></span> <span class='ocrx_word' id='word_1_189' title='bbox 717 1565 975 1618; x_wconf 84' lang='lat' dir='ltr'><strong>intellegitur.</strong></span> 
     </span>
    </p>

    <p class='ocr_par' dir='ltr' id='par_1_3' title="bbox 144 1629 1638 2024">
     <span class='ocr_line' id='line_1_22' title="bbox 259 1629 1637 1690; baseline 0.008 -21"><span class='ocrx_word' id='word_1_190' title='bbox 259 1629 307 1671; x_wconf 88' lang='lat' dir='ltr'><strong>C.</strong></span> <span class='ocrx_word' id='word_1_191' title='bbox 333 1631 403 1680; x_wconf 80' lang='lat'><strong>45,</strong></span> <span class='ocrx_word' id='word_1_192' title='bbox 427 1630 454 1670; x_wconf 76' lang='lat'><strong>2</strong></span> <span class='ocrx_word' id='word_1_193' title='bbox 476 1631 666 1671; x_wconf 85' lang='lat' dir='ltr'><strong>edebatur</strong></span> <span class='ocrx_word' id='word_1_194' title='bbox 690 1638 700 1655; x_wconf 73' lang='lat'>⁶</span> <span class='ocrx_word' id='word_1_195' title='bbox 716 1632 901 1673; x_wconf 85' lang='lat' dir='ltr'><strong>distensis</strong></span> <span class='ocrx_word' id='word_1_196' title='bbox 924 1633 1005 1673; x_wconf 90' lang='lat' dir='ltr'><strong>suis</strong></span> <span class='ocrx_word' id='word_1_197' title='bbox 1030 1635 1232 1685; x_wconf 87' lang='lat' dir='ltr'><strong>nauibus&#39;,</strong></span> <span class='ocrx_word' id='word_1_198' title='bbox 1267 1643 1431 1690; x_wconf 85' lang='lat' dir='ltr'><strong>eratque</strong></span> <span class='ocrx_word' id='word_1_199' title='bbox 1453 1638 1527 1679; x_wconf 93' lang='lat' dir='ltr'><strong>hoc</strong></span> <span class='ocrx_word' id='word_1_200' title='bbox 1549 1640 1637 1680; x_wconf 89' lang='lat' dir='ltr'><strong>uni-</strong></span> 
     </span>
     <span class='ocr_line' id='line_1_23' title="bbox 144 1698 1638 1753; baseline 0.005 -13"><span class='ocrx_word' id='word_1_201' title='bbox 144 1716 228 1741; x_wconf 90' lang='lat' dir='ltr'><strong>cum</strong></span> <span class='ocrx_word' id='word_1_202' title='bbox 244 1731 253 1747; x_wconf 95' lang='lat'><strong>,</strong></span> <span class='ocrx_word' id='word_1_203' title='bbox 290 1699 389 1752; x_wconf 88' lang='lat' dir='ltr'><strong>quod</strong></span> <span class='ocrx_word' id='word_1_204' title='bbox 412 1698 532 1737; x_wconf 80' lang='lat' dir='ltr'><strong>sciam</strong></span> <span class='ocrx_word' id='word_1_205' title='bbox 548 1730 557 1745; x_wconf 88' lang='lat'><strong>,</strong></span> <span class='ocrx_word' id='word_1_206' title='bbox 593 1701 812 1752; x_wconf 77' lang='lat' dir='ltr'><strong>exemplum</strong></span> <span class='ocrx_word' id='word_1_207' title='bbox 829 1730 839 1749; x_wconf 84' lang='lat'><strong>‚</strong></span> <span class='ocrx_word' id='word_1_208' title='bbox 874 1715 949 1753; x_wconf 87' lang='lat' dir='ltr'><strong>quo</strong></span> <span class='ocrx_word' id='word_1_209' title='bbox 971 1715 994 1741; x_wconf 89' lang='lat' dir='ltr'><strong>a</strong></span> <span class='ocrx_word' id='word_1_210' title='bbox 1025 1703 1282 1743; x_wconf 88' lang='lat' dir='ltr'><strong>distendendo</strong></span> <span class='ocrx_word' id='word_1_211' title='bbox 1310 1705 1471 1745; x_wconf 83' lang='lat' dir='ltr'><strong>formari</strong></span> <span class='ocrx_word' id='word_1_212' title='bbox 1491 1706 1638 1748; x_wconf 92' lang='lat' dir='ltr'><strong>disten-</strong></span> 
     </span>
     <span class='ocr_line' id='line_1_24' title="bbox 145 1766 1638 1827; baseline 0.004 -18"><span class='ocrx_word' id='word_1_213' title='bbox 145 1783 228 1809; x_wconf 89' lang='lat' dir='ltr'><strong>sum</strong></span> <span class='ocrx_word' id='word_1_214' title='bbox 253 1768 567 1808; x_wconf 83' lang='lat' dir='ltr'><strong>confirmaretur.</strong></span> <span class='ocrx_word' id='word_1_215' title='bbox 613 1766 669 1806; x_wconf 89' lang='lat' dir='ltr'><strong>At</strong></span> <span class='ocrx_word' id='word_1_216' title='bbox 697 1767 737 1807; x_wconf 89' lang='lat' dir='ltr'><strong>in</strong></span> <span class='ocrx_word' id='word_1_217' title='bbox 768 1768 921 1821; x_wconf 88' lang='lat' dir='ltr'><strong>optimis</strong></span> <span class='ocrx_word' id='word_1_218' title='bbox 944 1769 1057 1810; x_wconf 91' lang='lat' dir='ltr'><strong>codd.</strong></span> <span class='ocrx_word' id='word_1_219' title='bbox 1086 1771 1310 1811; x_wconf 84' lang='lat' dir='ltr'><strong>‘distersis&#39;</strong></span> <span class='ocrx_word' id='word_1_220' title='bbox 1332 1771 1499 1825; x_wconf 87' lang='lat' dir='ltr'><strong>legitur,</strong></span> <span class='ocrx_word' id='word_1_221' title='bbox 1535 1776 1638 1827; x_wconf 85' lang='lat' dir='ltr'><strong>quod</strong></span> 
     </span>
     <span class='ocr_line' id='line_1_25' title="bbox 147 1834 1636 1894; baseline 0.004 -18"><span class='ocrx_word' id='word_1_222' title='bbox 147 1843 158 1861; x_wconf 85' lang='lat'>‘</span> <span class='ocrx_word' id='word_1_223' title='bbox 175 1835 380 1890; x_wconf 78' lang='lat' dir='ltr'><strong>dispersis&#39;</strong></span> <span class='ocrx_word' id='word_1_224' title='bbox 404 1834 592 1888; x_wconf 84' lang='lat' dir='ltr'><strong>scriptum</strong></span> <span class='ocrx_word' id='word_1_225' title='bbox 618 1835 737 1875; x_wconf 91' lang='lat' dir='ltr'><strong>fuisse</strong></span> <span class='ocrx_word' id='word_1_226' title='bbox 761 1836 1018 1877; x_wconf 83' lang='lat' dir='ltr'><strong>demonstrat.</strong></span> <span class='ocrx_word' id='word_1_227' title='bbox 1063 1837 1206 1892; x_wconf 88' lang='lat' dir='ltr'><strong>Longe</strong></span> <span class='ocrx_word' id='word_1_228' title='bbox 1227 1845 1356 1879; x_wconf 87' lang='lat' dir='ltr'><strong>autem</strong></span> <span class='ocrx_word' id='word_1_229' title='bbox 1381 1840 1636 1894; x_wconf 88' lang='lat' dir='ltr'><strong>plurimorum</strong></span> 
     </span>
     <span class='ocr_line' id='line_1_26' title="bbox 146 1903 1637 1956; baseline 0.004 -11"><span class='ocrx_word' id='word_1_230' title='bbox 146 1904 355 1945; x_wconf 89' lang='lat' dir='ltr'><strong>uerborum</strong></span> <span class='ocrx_word' id='word_1_231' title='bbox 371 1934 381 1953; x_wconf 85' lang='lat'>‚</span> <span class='ocrx_word' id='word_1_232' title='bbox 416 1916 514 1955; x_wconf 84' lang='lat' dir='ltr'><strong>quae</strong></span> <span class='ocrx_word' id='word_1_233' title='bbox 537 1917 559 1943; x_wconf 90' lang='lat' dir='ltr'><strong>a</strong></span> <span class='ocrx_word' id='word_1_234' title='bbox 581 1903 776 1943; x_wconf 85' lang='lat' dir='ltr'><strong>tendendo</strong></span> <span class='ocrx_word' id='word_1_235' title='bbox 800 1903 1063 1956; x_wconf 85' lang='lat' dir='ltr'><strong>descendunt,</strong></span> <span class='ocrx_word' id='word_1_236' title='bbox 1101 1913 1139 1946; x_wconf 85' lang='lat' dir='ltr'><strong>et</strong></span> <span class='ocrx_word' id='word_1_237' title='bbox 1160 1907 1273 1947; x_wconf 88' lang='lat' dir='ltr'><strong>ualde</strong></span> <span class='ocrx_word' id='word_1_238' title='bbox 1295 1921 1388 1948; x_wconf 85' lang='lat' dir='ltr'><strong>rara</strong></span> <span class='ocrx_word' id='word_1_239' title='bbox 1409 1916 1503 1950; x_wconf 91' lang='lat' dir='ltr'><strong>sunt</strong></span> <span class='ocrx_word' id='word_1_240' title='bbox 1523 1910 1637 1951; x_wconf 91' lang='lat' dir='ltr'><strong>huius</strong></span> 
     </span>
     <span class='ocr_line' id='line_1_27' title="bbox 148 1970 1437 2024; baseline 0.003 -12"><span class='ocrx_word' id='word_1_241' title='bbox 148 1973 294 2013; x_wconf 84' lang='lat' dir='ltr'><strong>formae</strong></span> <span class='ocrx_word' id='word_1_242' title='bbox 317 1970 493 2024; x_wconf 86' lang='lat' dir='ltr'><strong>exempla</strong></span> <span class='ocrx_word' id='word_1_243' title='bbox 515 1977 552 2010; x_wconf 89' lang='lat' dir='ltr'><strong>ct</strong></span> <span class='ocrx_word' id='word_1_244' title='bbox 574 1970 760 2024; x_wconf 85' lang='lat' dir='ltr'><strong>pleraque</strong></span> <span class='ocrx_word' id='word_1_245' title='bbox 783 1986 861 2011; x_wconf 91' lang='lat' dir='ltr'><strong>non</strong></span> <span class='ocrx_word' id='word_1_246' title='bbox 884 1973 980 2013; x_wconf 88' lang='lat' dir='ltr'><strong>satis</strong></span> <span class='ocrx_word' id='word_1_247' title='bbox 1003 1987 1025 2013; x_wconf 89' lang='lat' dir='ltr'><strong>a</strong></span> <span class='ocrx_word' id='word_1_248' title='bbox 1048 1974 1246 2015; x_wconf 89' lang='lat' dir='ltr'><strong>codicibus</strong></span> <span class='ocrx_word' id='word_1_249' title='bbox 1270 1975 1437 2017; x_wconf 85' lang='lat' dir='ltr'><strong>firmata.</strong></span> 
     </span>
    </p>

    <p class='ocr_par' dir='ltr' id='par_1_4' title="bbox 146 2036 1648 2842">
     <span class='ocr_line' id='line_1_28' title="bbox 259 2036 1638 2098; baseline 0.004 -18"><span class='ocrx_word' id='word_1_250' title='bbox 259 2036 308 2080; x_wconf 85' lang='lat' dir='ltr'><strong>C.</strong></span> <span class='ocrx_word' id='word_1_251' title='bbox 334 2037 401 2087; x_wconf 86' lang='lat'><strong>49,</strong></span> <span class='ocrx_word' id='word_1_252' title='bbox 427 2038 453 2077; x_wconf 76' lang='lat'>2</span> <span class='ocrx_word' id='word_1_253' title='bbox 476 2039 573 2078; x_wconf 83' lang='lat' dir='ltr'><strong>haec</strong></span> <span class='ocrx_word' id='word_1_254' title='bbox 596 2039 788 2080; x_wconf 87' lang='lat' dir='ltr'><strong>eduntur:</strong></span> <span class='ocrx_word' id='word_1_255' title='bbox 817 2041 1024 2093; x_wconf 85' lang='lat' dir='ltr'><strong>‘pecuniae</strong></span> <span class='ocrx_word' id='word_1_256' title='bbox 1045 2041 1303 2096; x_wconf 88' lang='lat' dir='ltr'><strong>locupletibus</strong></span> <span class='ocrx_word' id='word_1_257' title='bbox 1325 2043 1638 2098; x_wconf 84' lang='lat' dir='ltr'><strong>imperabantur,</strong></span> 
     </span>
     <span class='ocr_line' id='line_1_29' title="bbox 147 2106 1642 2164; baseline 0.005 -16"><span class='ocrx_word' id='word_1_258' title='bbox 147 2122 242 2162; x_wconf 89' lang='lat' dir='ltr'><strong>quas</strong></span> <span class='ocrx_word' id='word_1_259' title='bbox 257 2107 462 2160; x_wconf 86' lang='lat' dir='ltr'><strong>Longinus</strong></span> <span class='ocrx_word' id='word_1_260' title='bbox 486 2106 561 2146; x_wconf 91' lang='lat' dir='ltr'><strong>sibi</strong></span> <span class='ocrx_word' id='word_1_261' title='bbox 583 2120 780 2160; x_wconf 83' lang='lat' dir='ltr'><strong>expensas</strong></span> <span class='ocrx_word' id='word_1_262' title='bbox 804 2108 900 2148; x_wconf 86' lang='lat' dir='ltr'><strong>ferri</strong></span> <span class='ocrx_word' id='word_1_263' title='bbox 924 2123 999 2149; x_wconf 89' lang='lat' dir='ltr'><strong>non</strong></span> <span class='ocrx_word' id='word_1_264' title='bbox 1012 2117 1162 2150; x_wconf 83' lang='lat' dir='ltr'><strong>tantum</strong></span> <span class='ocrx_word' id='word_1_265' title='bbox 1175 2111 1415 2164; x_wconf 80' lang='lat' dir='ltr'><strong>patiebatur,</strong></span> <span class='ocrx_word' id='word_1_266' title='bbox 1441 2114 1642 2155; x_wconf 88' lang='lat' dir='ltr'><strong>sedetiam</strong></span> 
     </span>
     <span class='ocr_line' id='line_1_30' title="bbox 149 2173 1643 2230; baseline 0.005 -15"><span class='ocrx_word' id='word_1_267' title='bbox 149 2175 329 2230; x_wconf 85' lang='lat' dir='ltr'><strong>cogebat,</strong></span> <span class='ocrx_word' id='word_1_268' title='bbox 353 2175 393 2214; x_wconf 90' lang='lat' dir='ltr'><strong>in</strong></span> <span class='ocrx_word' id='word_1_269' title='bbox 417 2187 577 2228; x_wconf 77' lang='lat' dir='ltr'><strong>gregem</strong></span> <span class='ocrx_word' id='word_1_270' title='bbox 599 2173 851 2227; x_wconf 83' lang='lat' dir='ltr'><strong>locupletium</strong></span> <span class='ocrx_word' id='word_1_271' title='bbox 875 2176 1130 2218; x_wconf 88' lang='lat' dir='ltr'><strong>simultatium</strong></span> <span class='ocrx_word' id='word_1_272' title='bbox 1155 2192 1299 2219; x_wconf 85' lang='lat' dir='ltr'><strong>causae</strong></span> <span class='ocrx_word' id='word_1_273' title='bbox 1318 2186 1455 2221; x_wconf 93' lang='lat' dir='ltr'><strong>tenues</strong></span> <span class='ocrx_word' id='word_1_274' title='bbox 1469 2182 1643 2223; x_wconf 90' lang='lat' dir='ltr'><strong>conicie-</strong></span> 
     </span>
     <span class='ocr_line' id='line_1_31' title="bbox 146 2241 1642 2303; baseline 0.005 -20"><span class='ocrx_word' id='word_1_275' title='bbox 146 2242 316 2283; x_wconf 84' lang='lat' dir='ltr'><strong>bantur&#39;.</strong></span> <span class='ocrx_word' id='word_1_276' title='bbox 360 2242 467 2282; x_wconf 92' lang='lat' dir='ltr'><strong>Toto</strong></span> <span class='ocrx_word' id='word_1_277' title='bbox 490 2241 563 2281; x_wconf 90' lang='lat' dir='ltr'><strong>hoc</strong></span> <span class='ocrx_word' id='word_1_278' title='bbox 585 2242 671 2281; x_wconf 90' lang='lat' dir='ltr'><strong>loco</strong></span> <span class='ocrx_word' id='word_1_279' title='bbox 695 2242 741 2282; x_wconf 91' lang='lat' dir='ltr'><strong>de</strong></span> <span class='ocrx_word' id='word_1_280' title='bbox 764 2251 930 2296; x_wconf 88' lang='lat' dir='ltr'><strong>quaestu</strong></span> <span class='ocrx_word' id='word_1_281' title='bbox 952 2246 1106 2299; x_wconf 87' lang='lat' dir='ltr'><strong>agitur,</strong></span> <span class='ocrx_word' id='word_1_282' title='bbox 1141 2260 1253 2299; x_wconf 91' lang='lat' dir='ltr'><strong>quem</strong></span> <span class='ocrx_word' id='word_1_283' title='bbox 1277 2244 1442 2289; x_wconf 88' lang='lat' dir='ltr'><strong>Cassius</strong></span> <span class='ocrx_word' id='word_1_284' title='bbox 1465 2249 1642 2303; x_wconf 88' lang='lat' dir='ltr'><strong>pecuniis</strong></span> 
     </span>
     <span class='ocr_line' id='line_1_32' title="bbox 148 2309 1644 2372; baseline 0.006 -22"><span class='ocrx_word' id='word_1_285' title='bbox 148 2325 170 2350; x_wconf 88' lang='lat' dir='ltr'><strong>a</strong></span> <span class='ocrx_word' id='word_1_286' title='bbox 193 2309 499 2364; x_wconf 80' lang='lat' dir='ltr'><strong>prouincialibus</strong></span> <span class='ocrx_word' id='word_1_287' title='bbox 523 2309 793 2363; x_wconf 85' lang='lat' dir='ltr'><strong>exprimendis</strong></span> <span class='ocrx_word' id='word_1_288' title='bbox 817 2314 1060 2354; x_wconf 85' lang='lat' dir='ltr'><strong>exercuerit.</strong></span> <span class='ocrx_word' id='word_1_289' title='bbox 1103 2312 1168 2353; x_wconf 88' lang='lat' dir='ltr'><strong>Ad</strong></span> <span class='ocrx_word' id='word_1_290' title='bbox 1191 2328 1303 2366; x_wconf 86' lang='lat' dir='ltr'><strong>quam</strong></span> <span class='ocrx_word' id='word_1_291' title='bbox 1336 2329 1418 2356; x_wconf 91' lang='lat' dir='ltr'><strong>rem</strong></span> <span class='ocrx_word' id='word_1_292' title='bbox 1442 2317 1532 2370; x_wconf 90' lang='lat' dir='ltr'><strong>quid</strong></span> <span class='ocrx_word' id='word_1_293' title='bbox 1555 2332 1644 2372; x_wconf 88' lang='lat' dir='ltr'><strong>per-</strong></span> 
     </span>
     <span class='ocr_line' id='line_1_33' title="bbox 150 2377 1645 2436; baseline 0.006 -19"><span class='ocrx_word' id='word_1_294' title='bbox 150 2378 313 2425; x_wconf 87' lang='lat' dir='ltr'><strong>tinebat,</strong></span> <span class='ocrx_word' id='word_1_295' title='bbox 350 2377 450 2431; x_wconf 91' lang='lat' dir='ltr'><strong>quod</strong></span> <span class='ocrx_word' id='word_1_296' title='bbox 477 2377 692 2431; x_wconf 86' lang='lat' dir='ltr'><strong>locupletes</strong></span> <span class='ocrx_word' id='word_1_297' title='bbox 724 2379 802 2418; x_wconf 90' lang='lat' dir='ltr'><strong>leui</strong></span> <span class='ocrx_word' id='word_1_298' title='bbox 834 2380 879 2419; x_wconf 93' lang='lat' dir='ltr'><strong>de</strong></span> <span class='ocrx_word' id='word_1_299' title='bbox 911 2395 1028 2421; x_wconf 82' lang='lat' dir='ltr'><strong>causa</strong></span> <span class='ocrx_word' id='word_1_300' title='bbox 1063 2381 1238 2422; x_wconf 84' lang='lat' dir='ltr'><strong>odisset?</strong></span> <span class='ocrx_word' id='word_1_301' title='bbox 1278 2381 1333 2422; x_wconf 90' lang='lat' dir='ltr'><strong>Et</strong></span> <span class='ocrx_word' id='word_1_302' title='bbox 1353 2384 1466 2436; x_wconf 86' lang='lat' dir='ltr'><strong>quale</strong></span> <span class='ocrx_word' id='word_1_303' title='bbox 1489 2386 1561 2425; x_wconf 90' lang='lat' dir='ltr'><strong>hoo</strong></span> <span class='ocrx_word' id='word_1_304' title='bbox 1583 2393 1645 2426; x_wconf 86' lang='lat' dir='ltr'><strong>est</strong></span> 
     </span>
     <span class='ocr_line' id='line_1_34' title="bbox 151 2445 1646 2503; baseline 0.005 -17"><span class='ocrx_word' id='word_1_305' title='bbox 151 2446 339 2486; x_wconf 86' lang='lat' dir='ltr'><strong>orationis</strong></span> <span class='ocrx_word' id='word_1_306' title='bbox 362 2458 500 2498; x_wconf 83' lang='lat' dir='ltr'><strong>genus,</strong></span> <span class='ocrx_word' id='word_1_307' title='bbox 526 2445 767 2485; x_wconf 72' lang='lat' dir='ltr'><strong>simultatum</strong></span> <span class='ocrx_word' id='word_1_308' title='bbox 780 2448 973 2488; x_wconf 86' lang='lat' dir='ltr'><strong>causasin</strong></span> <span class='ocrx_word' id='word_1_309' title='bbox 996 2462 1156 2503; x_wconf 83' lang='lat' dir='ltr'><strong>gregem</strong></span> <span class='ocrx_word' id='word_1_310' title='bbox 1178 2450 1428 2503; x_wconf 84' lang='lat' dir='ltr'><strong>locupletium</strong></span> <span class='ocrx_word' id='word_1_311' title='bbox 1442 2452 1646 2493; x_wconf 83' lang='lat' dir='ltr'><strong>conicere?</strong></span> 
     </span>
     <span class='ocr_line' id='line_1_35' title="bbox 152 2510 1643 2571; baseline 0.005 -20"><span class='ocrx_word' id='word_1_312' title='bbox 152 2510 263 2553; x_wconf 88' lang='lat' dir='ltr'><strong>Leue</strong></span> <span class='ocrx_word' id='word_1_313' title='bbox 286 2512 346 2552; x_wconf 82' lang='lat' dir='ltr'><strong>liic</strong></span> <span class='ocrx_word' id='word_1_314' title='bbox 368 2512 548 2552; x_wconf 89' lang='lat' dir='ltr'><strong>mendum</strong></span> <span class='ocrx_word' id='word_1_315' title='bbox 572 2520 631 2553; x_wconf 88' lang='lat' dir='ltr'><strong>est</strong></span> <span class='ocrx_word' id='word_1_316' title='bbox 647 2544 657 2562; x_wconf 90' lang='lat'><strong>,</strong></span> <span class='ocrx_word' id='word_1_317' title='bbox 694 2514 796 2566; x_wconf 91' lang='lat' dir='ltr'><strong>quod</strong></span> <span class='ocrx_word' id='word_1_318' title='bbox 819 2515 947 2569; x_wconf 88' lang='lat' dir='ltr'><strong>posita</strong></span> <span class='ocrx_word' id='word_1_319' title='bbox 977 2517 1175 2570; x_wconf 85' lang='lat' dir='ltr'><strong>scriptura</strong></span> <span class='ocrx_word' id='word_1_320' title='bbox 1197 2517 1334 2571; x_wconf 86' lang='lat' dir='ltr'><strong>optimi</strong></span> <span class='ocrx_word' id='word_1_321' title='bbox 1355 2519 1503 2560; x_wconf 91' lang='lat' dir='ltr'><strong>codicis</strong></span> <span class='ocrx_word' id='word_1_322' title='bbox 1528 2518 1643 2561; x_wconf 87' lang='lat' dir='ltr'><strong>Leid.</strong></span> 
     </span>
     <span class='ocr_line' id='line_1_36' title="bbox 158 2577 1646 2633; baseline 0.007 -17"><span class='ocrx_word' id='word_1_323' title='bbox 158 2593 233 2631; x_wconf 88' lang='lat' dir='ltr'><strong>pr.,</strong></span> <span class='ocrx_word' id='word_1_324' title='bbox 259 2581 318 2619; x_wconf 87' lang='grc'><strong>0111</strong></span> <span class='ocrx_word' id='word_1_325' title='bbox 341 2595 443 2620; x_wconf 85' lang='grc'><strong>1111110</strong></span> <span class='ocrx_word' id='word_1_326' title='bbox 467 2579 619 2620; x_wconf 81' lang='lat' dir='ltr'><strong>accedit</strong></span> <span class='ocrx_word' id='word_1_327' title='bbox 639 2577 733 2619; x_wconf 86' lang='lat' dir='ltr'><strong>Par.</strong></span> <span class='ocrx_word' id='word_1_328' title='bbox 749 2595 851 2633; x_wconf 57' lang='lat' dir='ltr'><strong>sec„</strong></span> <span class='ocrx_word' id='word_1_329' title='bbox 876 2583 1018 2624; x_wconf 86' lang='lat' dir='ltr'><strong>dudum</strong></span> <span class='ocrx_word' id='word_1_330' title='bbox 1043 2585 1254 2625; x_wconf 90' lang='lat' dir='ltr'><strong>tollendum</strong></span> <span class='ocrx_word' id='word_1_331' title='bbox 1278 2593 1376 2626; x_wconf 86' lang='lat' dir='ltr'><strong>erat.</strong></span> <span class='ocrx_word' id='word_1_332' title='bbox 1412 2585 1458 2627; x_wconf 89' lang='lat' dir='ltr'><strong>ln</strong></span> <span class='ocrx_word' id='word_1_333' title='bbox 1473 2587 1521 2628; x_wconf 86' lang='lat' dir='ltr'><strong>iis</strong></span> <span class='ocrx_word' id='word_1_334' title='bbox 1543 2588 1646 2629; x_wconf 89' lang='lat' dir='ltr'><strong>enim</strong></span> 
     </span>
     <span class='ocr_line' id='line_1_37' title="bbox 160 2645 1648 2705; baseline 0.008 -21"><span class='ocrx_word' id='word_1_335' title='bbox 160 2645 254 2686; x_wconf 89' lang='lat' dir='ltr'><strong>haec</strong></span> <span class='ocrx_word' id='word_1_336' title='bbox 274 2647 328 2687; x_wconf 85' lang='lat' dir='ltr'><strong>ita</strong></span> <span class='ocrx_word' id='word_1_337' title='bbox 350 2648 554 2702; x_wconf 84' lang='lat' dir='ltr'><strong>leguntur:</strong></span> <span class='ocrx_word' id='word_1_338' title='bbox 583 2650 638 2691; x_wconf 85' lang='lat' dir='ltr'><strong>‘in</strong></span> <span class='ocrx_word' id='word_1_339' title='bbox 651 2664 810 2704; x_wconf 87' lang='lat' dir='ltr'><strong>gregem</strong></span> <span class='ocrx_word' id='word_1_340' title='bbox 834 2650 1085 2705; x_wconf 82' lang='lat' dir='ltr'><strong>locupletium</strong></span> <span class='ocrx_word' id='word_1_341' title='bbox 1099 2652 1357 2694; x_wconf 89' lang='lat' dir='ltr'><strong>simultatium</strong></span> <span class='ocrx_word' id='word_1_342' title='bbox 1373 2668 1491 2695; x_wconf 84' lang='lat' dir='ltr'><strong>causa</strong></span> <span class='ocrx_word' id='word_1_343' title='bbox 1509 2662 1648 2695; x_wconf 87' lang='lat' dir='ltr'><strong>tenues</strong></span> 
     </span>
     <span class='ocr_line' id='line_1_38' title="bbox 163 2713 1647 2775; baseline 0.007 -25"><span class='ocrx_word' id='word_1_344' title='bbox 163 2713 480 2756; x_wconf 78' lang='lat' dir='ltr'><strong>coniciebantur&#39;.</strong></span> <span class='ocrx_word' id='word_1_345' title='bbox 525 2716 612 2758; x_wconf 90' lang='lat' dir='ltr'><strong>Hoc</strong></span> <span class='ocrx_word' id='word_1_346' title='bbox 635 2718 727 2758; x_wconf 88' lang='lat' dir='ltr'><strong>dicit</strong></span> <span class='ocrx_word' id='word_1_347' title='bbox 749 2717 904 2759; x_wconf 89' lang='lat' dir='ltr'><strong>Hirtius</strong></span> <span class='ocrx_word' id='word_1_348' title='bbox 922 2749 932 2769; x_wconf 89' lang='lat'><strong>,</strong></span> <span class='ocrx_word' id='word_1_349' title='bbox 958 2719 1136 2760; x_wconf 87' lang='lat' dir='ltr'><strong>homines</strong></span> <span class='ocrx_word' id='word_1_350' title='bbox 1160 2727 1298 2762; x_wconf 90' lang='lat' dir='ltr'><strong>tenues</strong></span> <span class='ocrx_word' id='word_1_351' title='bbox 1315 2752 1325 2772; x_wconf 91' lang='lat'>‚</span> <span class='ocrx_word' id='word_1_352' title='bbox 1350 2722 1442 2775; x_wconf 89' lang='lat' dir='ltr'><strong>quia</strong></span> <span class='ocrx_word' id='word_1_353' title='bbox 1463 2720 1647 2775; x_wconf 86' lang='lat' dir='ltr'><strong>Longino</strong></span> 
     </span>
     <span class='ocr_line' id='line_1_39' title="bbox 164 2782 1254 2842; baseline 0.009 -24"><span class='ocrx_word' id='word_1_354' title='bbox 164 2787 276 2820; x_wconf 82' lang='lat' dir='ltr'><strong>erant</strong></span> <span class='ocrx_word' id='word_1_355' title='bbox 295 2782 427 2832; x_wconf 88' lang='lat' dir='ltr'><strong>inuisi,</strong></span> <span class='ocrx_word' id='word_1_356' title='bbox 452 2785 584 2825; x_wconf 86' lang='lat' dir='ltr'><strong>eadem</strong></span> <span class='ocrx_word' id='word_1_357' title='bbox 609 2799 747 2839; x_wconf 82' lang='lat' dir='ltr'><strong>passos</strong></span> <span class='ocrx_word' id='word_1_358' title='bbox 770 2799 874 2836; x_wconf 88' lang='lat' dir='ltr'><strong>esse,</strong></span> <span class='ocrx_word' id='word_1_359' title='bbox 900 2800 999 2839; x_wconf 88' lang='lat' dir='ltr'><strong>quae</strong></span> <span class='ocrx_word' id='word_1_360' title='bbox 1022 2787 1254 2842; x_wconf 86' lang='lat' dir='ltr'><strong>locupletes.</strong></span> 
     </span>
    </p>

    <p class='ocr_par' dir='ltr' id='par_1_5' title="bbox 276 2845 1649 2910">
     <span class='ocr_line' id='line_1_40' title="bbox 276 2845 1649 2910; baseline 0.006 -23"><span class='ocrx_word' id='word_1_361' title='bbox 276 2845 324 2887; x_wconf 88' lang='lat' dir='ltr'><strong>C.</strong></span> <span class='ocrx_word' id='word_1_362' title='bbox 339 2848 406 2900; x_wconf 84' lang='lat'><strong>53,</strong></span> <span class='ocrx_word' id='word_1_363' title='bbox 430 2849 456 2890; x_wconf 88' lang='grc'><strong>6</strong></span> <span class='ocrx_word' id='word_1_364' title='bbox 478 2851 574 2892; x_wconf 85' lang='grc'><strong>11000</strong></span> <span class='ocrx_word' id='word_1_365' title='bbox 595 2853 850 2906; x_wconf 84' lang='lat' dir='ltr'><strong>legebantur:</strong></span> <span class='ocrx_word' id='word_1_366' title='bbox 880 2852 1026 2894; x_wconf 83' lang='lat' dir='ltr'><strong>‘Nemo</strong></span> <span class='ocrx_word' id='word_1_367' title='bbox 1041 2855 1144 2896; x_wconf 90' lang='lat' dir='ltr'><strong>enim</strong></span> <span class='ocrx_word' id='word_1_368' title='bbox 1166 2863 1234 2896; x_wconf 86' lang='lat' dir='ltr'><strong>aut</strong></span> <span class='ocrx_word' id='word_1_369' title='bbox 1253 2857 1291 2897; x_wconf 91' lang='lat' dir='ltr'><strong>in</strong></span> <span class='ocrx_word' id='word_1_370' title='bbox 1316 2856 1520 2910; x_wconf 89' lang='lat' dir='ltr'><strong>prouincia</strong></span> <span class='ocrx_word' id='word_1_371' title='bbox 1534 2863 1649 2896; x_wconf 84' lang='lat' dir='ltr'><strong>natus</strong></span> 
     </span>
    </p>
   </div>
  </div>
 </body>
</html>
