1835 3240
94 897 135 929 10

94 1235 133 1267 15

584 162 766 208 COMM.
791 164 851 209 VI
874 162 998 207 CAP.
1023 164 1145 207 27-
1162 163 1231 206 30.
1645 167 1726 211 397

172 283 311 324 differt.
355 278 465 320 Haec
486 279 662 320 studiose
685 279 905 333 conquisita
936 278 984 319 ab
1014 277 1134 319 labris
1157 284 1321 332 argento
1343 279 1651 322 circumcludunt
1671 280 1698 322 6

171 358 285 402 atque
306 348 346 388 in
368 347 617 401 amplissimis
641 347 764 400 epulis
787 361 855 401 pro
878 347 1027 401 poculis
1050 352 1226 386 utuntur.

281 413 458 465 Caesar,
490 422 692 469 postquam
726 429 796 469 per
818 414 941 455 Vbios
972 414 1247 468 exploratores
1280 413 1460 466 conperit
1491 412 1646 456 Sueuos
1668 417 1725 461 29

169 497 258 524 sese
279 483 318 523 in
341 483 464 523 siluas
487 483 702 536 recepisse,
727 482 899 536 inopiam
923 482 1104 522 frumenti
1128 482 1303 531 ueritus,
1329 481 1445 533 quod,
1472 488 1514 520 ut
1536 496 1653 535 supra

172 551 552 600 demonstrauimus,
587 550 746 589 minime
778 563 913 589 omnes
946 548 1135 589 Germani
1173 550 1438 604 agriculturae
1476 550 1651 598 student,

170 619 375 659 constituit
397 633 473 658 non
497 617 679 671 progredi
702 617 881 670 longius;
906 617 990 666 sed,
1016 631 1064 656 ne
1087 619 1244 657 omnino
1260 625 1401 657 metum
1418 617 1567 657 reditus
1591 618 1653 658 sui
1674 618 1701 658 2

167 687 346 727 barbaris
369 686 526 726 tolleret
546 692 663 738 atque
685 691 727 724 ut
749 698 884 725 eorum
915 685 1064 724 auxilia
1087 686 1284 734 tardaret,
1310 685 1473 725 reducto
1497 686 1655 725 exerci-

167 762 208 794 tu
231 762 378 808 partem
394 754 565 793 ultimam
590 753 734 806 pontis,
760 767 860 805 quae
882 752 987 807 ripas
1002 751 1193 793 Vbiorum
1218 753 1485 806 contingebat,
1509 752 1550 793 in
1567 753 1654 794 lon—

168 822 382 875 gitudinem
411 822 551 875 pedum
585 822 839 861 ducentorum
872 821 1063 861 rescindit
1093 827 1210 873 atque
1242 821 1282 860 in
1316 828 1495 861 extremo
1535 829 1654 875 ponte
1676 821 1700 863 3

166 890 302 930 turrim
338 889 600 929 tabulatorum
635 896 822 942 quattuor
853 889 1057 929 constituit
1087 888 1402 942 praesidiumque
1434 889 1653 930 cohortium

168 957 368 997 duodecim
392 958 520 1010 pontis
552 957 686 996 tuendi
718 971 837 997 eausa
867 958 976 1010 ponit
1005 957 1237 1010 magnisque
1270 970 1355 996 eum
1378 956 1504 997 locum
1527 959 1654 999 muni-

167 1025 338 1064 tionibus
372 1025 515 1064 firmat.
568 1023 619 1063 Ei
652 1025 739 1065 loco
773 1025 1046 1079 praesidioque
1077 1024 1218 1065 Gaium
1243 1022 1468 1064 Volcatium
1497 1025 1654 1066 Tullum

166 1092 454 1132 adulescentem
480 1093 684 1145 praefecit.
737 1091 827 1146 Ipse
842 1124 851 1142 ,
886 1108 972 1133 cum
996 1102 1265 1133 maturescere
1288 1093 1485 1133 frumenta
1506 1094 1652 1147 incipe·
1673 1093 1702 1135 4

164 1167 270 1209 rent,
295 1160 343 1199 ad
365 1160 505 1200 bellum
521 1160 766 1215 Ambiorigis
789 1162 988 1215 profectus
1012 1176 1080 1215 per
1093 1161 1350 1201 Arduennam
1374 1161 1528 1209 siluam,
1555 1175 1653 1214 quae

166 1235 226 1268 est
248 1228 367 1267 totius
391 1226 545 1268 Galliae
565 1229 739 1269 maxima
770 1236 884 1282 atque
914 1229 961 1269 ab
984 1230 1078 1282 ripis
1101 1228 1233 1269 Rheni
1255 1229 1474 1281 finibusque
1497 1228 1654 1270 Treue-

165 1308 297 1334 rorum
321 1295 365 1334 ad
388 1294 562 1336 Neruios
596 1296 765 1349 pertinet
793 1297 1027 1350 milibusque
1057 1297 1221 1350 amplius
1252 1297 1477 1350 quingentis
1506 1297 1546 1337 in
1568 1298 1653 1338 lon-

166 1363 378 1415 gitudinem
410 1370 542 1415 patet,
576 1362 746 1403 Lucium
776 1363 996 1404 Minucium
1018 1363 1195 1405 Basilum
1229 1379 1314 1404 cum
1345 1364 1450 1404 omni
1480 1365 1654 1418 equitatu

168 1430 406 1483 praemittit,
430 1430 463 1470 si
486 1431 576 1483 quid
598 1432 802 1472 celeritate
833 1432 986 1473 itineris
1009 1440 1126 1485 atque
1149 1433 1441 1486 opportunitate
1464 1433 1652 1486 temporis

167 1499 358 1551 proficere
380 1499 529 1552 possit3
556 1506 702 1548 monet,
728 1507 771 1539 ut
791 1500 904 1552 ignes
926 1500 966 1540 in
989 1500 1132 1540 castris
1155 1501 1239 1540 fieri
1262 1500 1480 1553 prohibeat,
1506 1514 1555 1540 ne
1577 1514 1652 1553 qua
1673 1499 1698 1540 5

165 1566 247 1605 eius
271 1566 464 1607 aduentus
496 1568 631 1620 procul
661 1569 897 1621 significatio
920 1569 1010 1608 fiat:
1046 1582 1136 1608 sese
1160 1568 1366 1608 confestim
1389 1568 1572 1621 subsequi
1596 1568 1652 1608 di-

166 1633 232 1672 cit.
267 1630 443 1683 Basilus,
468 1641 511 1674 ut
530 1635 761 1689 imperatum
786 1644 860 1686 est,
886 1636 990 1676 facit.
1025 1633 1222 1676 Celeriter
1238 1643 1453 1688 contraque
1475 1636 1648 1676 omnium
1667 1635 1727 1680 30

166 1700 389 1753 opinionem
412 1703 593 1742 confecto
629 1703 773 1744 itinere
803 1704 948 1744 multos
970 1704 1010 1743 in
1033 1704 1140 1757 agris
1163 1704 1411 1756 inopinantes
1435 1704 1653 1757 deprehen-

165 1768 242 1807 dit:
269 1782 402 1808 eorum
425 1769 570 1810 indicio
593 1770 641 1809 ad
671 1771 796 1823 ipsum
820 1771 1087 1825 Ambiorigem
1126 1771 1351 1820 contendit,
1385 1785 1460 1823 quo
1491 1771 1532 1810 in
1562 1771 1651 1811 loco

167 1850 253 1875 cum
275 1837 409 1890 paucis
433 1838 625 1890 equitibus
649 1853 736 1879 esse
760 1838 972 1879 dicebatur.
1012 1837 1181 1878 Multum
1205 1853 1292 1879 cum
1314 1839 1355 1878 in
1387 1839 1567 1879 omnibus
1589 1853 1653 1880 re·
1673 1839 1701 1881 2

92 1910 101 1922 ‘
164 1903 335 1944 bustum
365 1905 405 1945 in
435 1920 478 1947 re
501 1907 658 1947 militari
688 1914 814 1961 potest
839 1909 1011 1948 fortuna.
1064 1906 1168 1948 Nam
1200 1910 1307 1947 sicut
1336 1921 1478 1960 magno
1510 1907 1654 1948 accidit

312 2087 326 2119 1
349 2088 524 2121 studiosae
543 2090 584 2122 B.
747 2091 766 2124 3
786 2092 939 2134 conperit
958 2092 1001 2124 B.
1166 2090 1298 2122 Suebos
1317 2091 1359 2122 B.
1522 2091 1543 2123 4
1561 2100 1598 2122 se
1618 2091 1650 2122 b.

311 2140 328 2170 5
349 2140 622 2172 demonstramus
645 2141 684 2182 C,
706 2143 916 2174 ostendimus
938 2143 970 2174 b.
1133 2142 1151 2174 9
1170 2146 1323 2174 extrema
1344 2145 1439 2183 parte
1458 2141 1504 2173 D.

168 2191 207 2223 10
226 2196 352 2223 turrem
372 2193 402 2223 b.
543 2199 705 2236 quattuor
722 2195 763 2235 B,
785 2206 855 2226 non
875 2200 1034 2237 quatuor.
1193 2193 1234 2227 12
1252 2193 1425 2235 praesidio
1445 2194 1577 2225 omissa
1597 2204 1653 2226 co-

163 2244 250 2284 pula
268 2245 311 2277 Ι).
455 2245 575 2278 Gaium
594 2248 636 2287 B,
658 2246 694 2279 C.
716 2257 760 2287 u;
780 2246 941 2289 Quintum
964 2248 981 2278 b
995 2257 1024 2278 c.
1171 2244 1367 2277 Vulcatium
1390 2245 1484 2276 ‘msa
1506 2246 1648 2285 omnes',

166 2294 363 2329 Vulcacium
382 2299 425 2330 B.
591 2298 632 2331 13
652 2300 904 2331 adulescentem
924 2300 954 2331 B
969 2300 1008 2332 C.
1198 2297 1405 2340 inciperent]
1426 2298 1600 2341 cepissent
1619 2299 1651 2330 b.

310 2348 351 2380 14
369 2360 454 2391 quae
474 2354 527 2381 est
546 2360 613 2381 om.
637 2351 668 2381 b.
856 2351 895 2383 15
916 2350 1097 2381 maximam
1117 2350 1148 2381 b.
1324 2359 1342 2380 a
1361 2348 1443 2391 ripis
1462 2350 1654 2382 Az'moz‘nus

165 2399 281 2438 praes.
302 2409 330 2430 e.
344 2400 375 2431 4.
516 2399 745 2432 Treuerorum
758 2401 788 2432 B
807 2401 1010 2432 Aimoinus.
1135 2400 1175 2433 16
1195 2400 1234 2431 ad
1248 2398 1395 2431 Neruios
1414 2399 1564 2442 pertinet
1582 2410 1651 2432 om.

170 2448 368 2481 Az'moz'nus.
516 2451 654 2482 milibus
673 2452 817 2493 amplius
836 2452 1036 2483 Az'moz'nus.
1202 2450 1396 2492 quingentis
1417 2451 1517 2482 codd.
1539 2454 1574 2482 et
1590 2452 1652 2483 Ai-

170 2500 308 2530 moinus
322 2524 329 2538 ‚
361 2501 606 2543 quinquaginta
627 2502 773 2533 Orosius
801 2501 869 2542 VI,
893 2502 932 2534 10
961 2501 1255 2543 (Hauercampus
1275 2503 1384 2533 tacite
1403 2505 1529 2533 contra
1549 2502 1649 2534 codd.

171 2550 351 2590 quingenta
364 2556 502 2592 posuit.
523 2554 606 2586 Vz'd.
631 2553 789 2585 Grubz‘tz.
812 2554 948 2585 emend.
972 2554 1071 2586 Oros.
1087 2565 1124 2596 p.
1150 2554 1222 2596 35).
1390 2554 1429 2587 17
1447 2554 1590 2586 Lucium
1607 2555 1649 2595 B,

169 2599 209 2630 L.
229 2611 261 2631 v.
382 2602 585 2645 ‘Munitium,
605 2604 785 2637 Minutium
804 2605 900 2636 mss!
1017 2605 1182 2636 Basiliuni
1202 2606 1232 2637 B
1252 2603 1361 2636 ‘ms-9?
1494 2605 1535 2638 18
1554 2616 1652 2648 opor-

171 2652 316 2684 tunitate
334 2654 375 2685 B.
518 2656 557 2689 19
576 2657 740 2699 perficere
762 2657 802 2689 C.
920 2656 1031 2699 possit
1050 2660 1120 2688 tres
1140 2656 1242 2697 dett„
1264 2660 1382 2698 posset
1400 2656 1456 2688 Be
1471 2653 1648 2697 ‘reliqui'.

175 2703 331 2736 Addencl.
350 2705 397 2737 acl
413 2706 454 2737 P.
473 2708 527 2740 85.
668 2709 764 2750 ignes
783 2710 816 2741 in
836 2709 958 2741 castris
978 2709 1052 2740 fieri
1070 2709 1126 2740 Be
1145 2711 1243 2740 ‘mss
1260 2709 1449 2750 plerique';
1474 2709 1506 2739 in
1526 2707 1651 2739 castris

173 2755 266 2793 ignes
285 2754 357 2786 fieri
380 2755 488 2797 ‘alz’z‘g
511 2759 603 2798 ignes
621 2760 694 2791 fieri
713 2761 745 2792 in
766 2760 891 2793 castris
911 2771 945 2792 u.
1124 2761 1164 2795 21
1186 2761 1335 2792 Basilius
1353 2761 1396 2792 B.
1582 2759 1648 2802 est]

173 2811 245 2837 erat
266 2807 296 2837 b·
437 2810 479 2843 23
499 2810 604 2852 ipsum
623 2822 692 2844 om.
715 2813 745 2843 b.
896 2813 937 2847 25
960 2812 1048 2844 sicut
1064 2811 1196 2844 adiecit
1213 2811 1252 2843 R.
1275 2811 1494 2853 Stephanus,
1516 2821 1584 2843 om.
1604 2811 1647 2842 B.

172 2867 187 2885 e
209 2863 303 2888 vass.
319 2857 513 2899 plerz'que'.
