1835 3240
813 201 895 243 243
956 228 1069 233 —

114 331 218 365 sem‚
252 315 353 367 quod
384 314 494 355 locus
525 314 590 355 illa
612 315 773 368 planitie
795 329 961 356 ornasse
984 316 1200 370 equitatum
1224 315 1445 365 diceretur,
1482 318 1544 369 qui
1567 316 1602 358 ei

114 382 429 425 accommodatus
468 383 530 423 uel
562 384 757 423 secundus
790 383 976 424 dicendus
1010 389 1122 424 erat:
1166 396 1291 436 neque
1324 382 1401 423 diei
1433 384 1604 437 solisque

114 450 308 491 serenitas
339 449 552 502 equitatum
582 450 706 504 magis
736 465 849 503 quam
879 451 1049 503 reliquas
1072 451 1204 505 copias
1227 449 1408 491 ornabat.
1452 448 1604 490 Verum

116 519 212 559 haec
244 518 405 567 omitto,
439 517 478 557 id
508 517 758 558 intolerabile
787 525 876 568 est,
912 519 1145 571 scriptorem
1174 518 1391 571 postulare,
1425 524 1468 557 ut
1488 516 1605 558 Pom-

114 587 244 641 peiani
264 586 302 626 in
328 585 528 639 planitiem
550 585 860 635 descenderent,
895 586 987 638 quia
1009 600 1053 626 ea
1076 586 1249 626 secunda
1273 592 1376 626 esset
1400 585 1604 638 equitatui,

116 668 191 707 quo
214 667 361 707 genere
384 652 578 706 copiarum
603 666 638 692 0.
662 652 688 692 7
711 660 818 693 extr.
846 651 1060 694 Caesarem
1084 653 1201 707 longe
1223 653 1463 707 superiorem
1487 652 1609 692 fuisse

119 721 352 762 declarauit.
397 719 443 760 In
464 719 559 760 Par.
585 734 668 760 sec.
695 727 735 760 et
765 719 882 761 Leid.
908 735 968 774 pr.
994 721 1182 774 scriptum
1214 728 1275 760 est
1308 718 1607 770 ‘serenitatem'‚

117 790 159 829 in
180 790 253 829 hoc
276 796 481 842 praeterea
505 788 740 841 ‘equitatem
755 790 782 837 ³,
815 788 888 828 1100
910 795 971 828 est
995 788 1277 842 ‘aequitatem⁷.
1320 787 1416 829 Inde
1438 788 1534 829 11360
1555 788 1613 829 ita

120 856 350 897 emendaui:
378 855 483 896 ‘Huc
505 855 732 906 accedebat,
757 862 799 896 ut
820 856 929 896 locus
946 856 1014 896 illa
1026 856 1186 910 planitie
1199 857 1436 909 aequitatem
1449 862 1612 897 ornaret

119 925 198 966 diei
218 924 390 977 solisque
412 923 658 964 serenitate⁷.
692 923 781 963 Hoc
804 924 896 963 dicit
916 923 1112 977 scriptor:
1136 924 1246 964 100115
1276 924 1343 965 illa
1365 925 1526 978 planitie
1548 937 1613 965 ae-

121 1005 219 1044 quus
242 999 343 1039 erat,
370 1005 416 1032 ea
436 997 569 1031 autem
591 992 770 1044 aequitas
793 991 888 1031 solis
907 991 1116 1045 splendore
1129 992 1317 1032 maiorem
1329 993 1498 1045 speciem
1512 992 1615 1032 acci-

122 1059 268 1113 piebat.
295 1057 411 1111 Quod
430 1059 667 1111 aequitatem
680 1059 726 1098 ab
739 1059 824 1113 ipso
841 1060 927 1099 loco
946 1066 1124 1100 ornatam
1138 1060 1255 1110 dixit,
1275 1075 1362 1100 cum
1379 1060 1614 1113 aequitatem

121 1127 199 1167 loci
220 1133 395 1167 ornatam
421 1126 552 1166 dicere
575 1126 732 1166 deberet
747 1158 757 1174 7
789 1127 916 1168 simile
949 1135 1008 1168 est
1029 1127 1205 1181 planitiei
1227 1128 1408 1182 proxima
1431 1126 1616 1181 dirigenti

123 1195 205 1235 hui.
231 1209 267 1234 0.
295 1195 332 1247 ξ.
358 1193 384 1233 2
415 1201 453 1233 et
483 1193 649 1234 balistae
672 1195 814 1235 missae
845 1209 880 1234 0.
910 1193 960 1235 13
983 1203 1090 1236 extr.
1139 1195 1237 1236 ‘Et'
1267 1195 1483 1250 particula,
1517 1208 1616 1248 quae

124 1270 213 1315 post
236 1267 246 1286 ‘
262 1262 446 1302 ornaret'
468 1261 614 1315 legitur
628 1292 638 1311 ‚
672 1269 740 1302 aut
760 1263 952 1317 proximis
974 1263 1244 1317 superioribus
1267 1263 1410 1304 litteris
1433 1263 1534 1304 male
1555 1275 1619 1303 re-

126 1330 258 1382 petitis
281 1336 367 1369 orta
390 1335 463 1378 est,
488 1336 590 1369 auta
607 1329 793 1381 librariis,
821 1338 1024 1385 postquam
1051 1332 1336 1372 ‘serenitatem'
1359 1331 1617 1385 scripserant,

127 1396 357 1437 sarciendae
379 1397 571 1436 orationis
594 1411 713 1438 causa
734 1398 899 1438 adiecta.
933 1397 1075 1450 Neque
1099 1399 1200 1439 enim
1223 1413 1294 1453 per
1315 1399 1526 1453 particulas
1551 1397 1619 1438 ‘et'

130 1464 242 1517 eique
262 1464 566 1518 respondentem
591 1465 708 1517 ‘que'
732 1465 807 1505 duo
830 1465 990 1505 nomina
1011 1467 1191 1520 componi
1212 1465 1437 1520 Maduigius
1459 1467 1506 1505 ad
1530 1462 1618 1505 Cic.

129 1532 176 1571 de
209 1533 276 1572 fin.
302 1546 340 1586 p.
367 1530 449 1571 730
481 1532 780 1573 demonstrauit.
823 1531 930 1573 Nam
962 1532 1000 1572 b.
1025 1533 1148 1573 Alex.
1172 1533 1253 1584 44,
1278 1532 1302 1573 5
1319 1565 1328 1583 ‚
1363 1533 1428 1573 ubi
1450 1533 1546 1573 11360
1567 1532 1623 1573 le-

129 1606 298 1652 guntur:
334 1604 344 1623 ‘
359 1613 471 1652 quem
493 1606 625 1639 tamen
647 1601 791 1640 diutius
821 1601 860 1640 in
892 1600 1009 1640 rebus
1032 1601 1217 1641 secundis
1241 1608 1281 1641 et
1302 1602 1487 1651 fortuna,
1522 1615 1624 1654 quae

129 1667 334 1720 plurimum
357 1673 512 1720 potest,
547 1667 825 1722 diligentiaque
849 1664 1053 1707 Cornificii
1084 1674 1124 1707 et
1144 1668 1271 1708 uirtus
1295 1668 1448 1709 Vatinii
1471 1670 1625 1709 uersari

130 1747 246 1787 passa
269 1749 349 1774 non
371 1736 460 1783 est⁷‚
492 1736 566 1775 etsi
595 1735 722 1789 aptius
746 1735 871 1776 uideri
901 1743 1031 1788 potest
1053 1749 1102 1775 ex
1126 1735 1250 1776 altera
1274 1743 1387 1789 parte
1409 1737 1623 1786 fortunam,

131 1814 186 1842 ex
215 1802 341 1843 altera
372 1804 537 1843 duorum
567 1803 765 1843 hominum
797 1803 1037 1857 diligentiam
1071 1810 1188 1856 atque
1211 1803 1400 1844 uirtutem
1420 1804 1624 1854 collocari,

132 1877 265 1911 tamen
297 1884 375 1910 non
404 1871 491 1912 sine
523 1885 640 1912 causa
664 1871 818 1911 Hirtius
848 1872 1047 1911 fortunam
1072 1868 1355 1924 Cornificiique
1385 1872 1626 1925 diligentiam

134 1939 340 1978 coniunxit
371 1946 411 1979 et
437 1940 484 1980 ab
516 1940 574 1980 his
596 1940 782 1980 uirtutem
804 1937 955 1979 Vatinii
978 1939 1192 1992 separauit.
1238 1936 1338 1979 Cum
1361 1939 1465 1980 enim
1488 1941 1534 1981 de
1557 1940 1629 1981 hac

134 2006 315 2060 deinceps
347 2014 455 2047 esset
483 2007 682 2058 dicturus,
716 2021 761 2047 ea
792 2020 836 2047 re
867 2006 1213 2060 consequebatur,
1252 2013 1294 2046 ut
1326 2007 1454 2048 uirtus
1477 2007 1629 2049 Vatinii

134 2074 325 2114 orationis
349 2075 521 2127 pondere
543 2075 1091 2129 insigniretur‚legentesque
1114 2074 1191 2115 iam
1214 2081 1294 2114 tum
1316 2075 1364 2115 ad
1386 2075 1486 2115 113110
1508 2075 1630 2129 potis-

133 2142 273 2182 simum
294 2142 465 2183 animum
487 2143 752 2183 attenderent.

248 2207 298 2250 C.
323 2208 378 2250 30
399 2217 505 2250 extr.
532 2210 825 2251 demonstratur
843 2208 1061 2250 Mundensi
1084 2209 1234 2264 proelio
1248 2207 1464 2251 Caesarem
1488 2212 1631 2253 dextro

137 2290 260 2317 cornu
279 2278 476 2332 legionem
499 2278 687 2318 decimam
703 2307 712 2325 ‚
743 2278 906 2318 sinistro
935 2278 1091 2318 tertiam
1114 2286 1154 2318 et
1175 2278 1348 2331 quintam
1372 2286 1412 2319 et
1431 2279 1473 2319 in
1494 2280 1630 2320 eodem

137 2357 262 2384 cornu
292 2352 332 2385 et
360 2346 513 2399 reliqua
543 2346 695 2386 auxilia
725 2351 765 2385 et
792 2345 1008 2398 equitatum
1039 2344 1274 2386 collocasse.
1316 2344 1361 2386 Id
1384 2360 1469 2387 611111
1492 2347 1565 2388 1130
1586 2348 1633 2388 de

139 2425 257 2452 causa
279 2413 422 2454 fecisse
444 2421 620 2467 apparet,
646 2413 748 2466 quod
770 2413 817 2453 ad
840 2413 1021 2453 dextram
1043 2414 1144 2455 aciei
1166 2421 1317 2467 partem
1340 2417 1449 2456 riuus
1465 2422 1552 2456 erat
1567 2429 1633 2470 pa-

141 2478 254 2519 lustri
276 2487 316 2520 et
334 2481 574 2535 uoraginoso
596 2482 681 2522 solo
705 2494 870 2521 currens
893 2482 948 2533 (c.
962 2481 1035 2530 29,
1057 2481 1120 2534 2),
1146 2494 1245 2535 quae
1265 2495 1332 2522 res
1354 2483 1569 2535 equitatum
1586 2484 1634 2524 ad

143 2557 224 2584 rem
253 2549 464 2600 gerendam
494 2548 673 2590 inutilem
701 2549 877 2589 fecisset.
923 2545 1002 2589 Sed
1032 2564 1067 2590 0.
1100 2549 1178 2600 31,
1211 2549 1240 2589 4
1270 2549 1367 2590 11360
1388 2550 1632 2592 edebanturz

147 2609 359 2654 ‘Dextrum
392 2617 751 2658 demonstrauimus
788 2617 1028 2657 decumanos
1061 2630 1186 2657 cornu
1218 2616 1419 2658 tenuisse:
1465 2619 1529 2672 qui
1561 2619 1635 2659 etsi

146 2686 260 2719 erant
288 2683 426 2734 pauci,
466 2691 597 2725 tamen
632 2692 792 2739 propter
819 2685 1005 2725 uirtutem
1035 2698 1176 2738 magno
1208 2685 1461 2726 aduersarios
1493 2686 1635 2726 timore

146 2760 280 2786 eorum
309 2762 428 2802 opera
448 2752 693 2803 afficiebant,
736 2752 838 2805 quod
867 2765 888 2792 a
910 2765 983 2793 suo
1003 2753 1091 2793 loco
1114 2753 1248 2794 hostes
1270 2753 1528 2794 uehementer
1549 2767 1636 2807 pre-

146 2827 252 2854 mere
274 2826 510 2870 coeperunt‚
535 2827 579 2859 ut
599 2821 647 2860 ad
669 2820 884 2861 subsidium
899 2851 909 2870 ,
940 2834 990 2861 ne
1012 2821 1059 2861 ab
1082 2821 1206 2862 latere
1228 2821 1357 2861 nostri
1380 2829 1633 2874 occuparent,

146 2880 247 2933 legio
269 2883 589 2927 aduersariorum
611 2887 763 2927 traduci
786 2894 925 2941 coepta
948 2889 1000 2929 sit
1020 2889 1068 2930 ad
1086 2889 1286 2929 dextrum.
1315 2885 1426 2939 Quae
1439 2887 1554 2928 simul
1576 2895 1638 2928 est

1223 2952 1305 2993 16*
