<?xml version="1.0" encoding="UTF-8"?>
<!DOCTYPE html PUBLIC "-//W3C//DTD XHTML 1.0 Transitional//EN"
    "http://www.w3.org/TR/xhtml1/DTD/xhtml1-transitional.dtd">
<html xmlns="http://www.w3.org/1999/xhtml" xml:lang="en" lang="en">
 <head>
  <title>
</title>
<meta http-equiv="Content-Type" content="text/html;charset=utf-8" />
  <meta name='ocr-system' content='tesseract 3.04.00' />
  <meta name='ocr-capabilities' content='ocr_page ocr_carea ocr_par ocr_line ocrx_word'/>
</head>
<body>
  <div class='ocr_page' id='page_1' title='image "./commentarii00caesuoft_0474.png"; bbox 0 0 1835 3240; ppageno 0'>
   <div class='ocr_carea' id='block_1_1' title="bbox 113 158 1228 208">
    <p class='ocr_par' dir='ltr' id='par_1_1' title="bbox 113 158 1228 208">
     <span class='ocr_line' id='line_1_1' title="bbox 113 158 1228 208; baseline 0.005 -7"><span class='ocrx_word' id='word_1_1' title='bbox 113 158 196 202; x_wconf 77' lang='lat'><strong>464</strong></span> <span class='ocrx_word' id='word_1_2' title='bbox 647 162 720 204; x_wconf 94' lang='lat' dir='ltr'><strong>DE</strong></span> <span class='ocrx_word' id='word_1_3' title='bbox 752 163 943 206; x_wconf 91' lang='lat' dir='ltr'><strong>BELLO</strong></span> <span class='ocrx_word' id='word_1_4' title='bbox 976 163 1228 208; x_wconf 88' lang='lat' dir='ltr'><strong>GALLICO</strong></span> 
     </span>
    </p>
   </div>
   <div class='ocr_carea' id='block_1_2' title="bbox 140 274 1752 2166">
    <p class='ocr_par' dir='ltr' id='par_1_2' title="bbox 191 274 1675 406">
     <span class='ocr_line' id='line_1_2' title="bbox 193 274 1675 329; baseline 0.007 -15"><span class='ocrx_word' id='word_1_5' title='bbox 193 288 280 314; x_wconf 86' lang='lat' dir='ltr'><strong>cum</strong></span> <span class='ocrx_word' id='word_1_6' title='bbox 311 274 428 315; x_wconf 89' lang='lat' dir='ltr'><strong>tectis</strong></span> <span class='ocrx_word' id='word_1_7' title='bbox 460 276 614 329; x_wconf 76' lang='lat' dir='ltr'><strong>expulsi</strong></span> <span class='ocrx_word' id='word_1_8' title='bbox 656 276 762 316; x_wconf 92' lang='lat' dir='ltr'><strong>nullo</strong></span> <span class='ocrx_word' id='word_1_9' title='bbox 801 277 889 317; x_wconf 89' lang='lat' dir='ltr'><strong>loco</strong></span> <span class='ocrx_word' id='word_1_10' title='bbox 931 278 1076 319; x_wconf 89' lang='lat' dir='ltr'><strong>diutius</strong></span> <span class='ocrx_word' id='word_1_11' title='bbox 1116 280 1335 323; x_wconf 83' lang='lat' dir='ltr'><strong>consistere</strong></span> <span class='ocrx_word' id='word_1_12' title='bbox 1367 282 1558 324; x_wconf 82' lang='lat' dir='ltr'><strong>auderent</strong></span> <span class='ocrx_word' id='word_1_13' title='bbox 1601 297 1675 324; x_wconf 90' lang='lat' dir='ltr'><strong>nec</strong></span> 
     </span>
     <span class='ocr_line' id='line_1_3' title="bbox 191 343 1675 406; baseline 0.006 -23"><span class='ocrx_word' id='word_1_14' title='bbox 191 343 377 384; x_wconf 86' lang='lat' dir='ltr'><strong>siluarum</strong></span> <span class='ocrx_word' id='word_1_15' title='bbox 402 343 596 397; x_wconf 88' lang='lat' dir='ltr'><strong>praesidio</strong></span> <span class='ocrx_word' id='word_1_16' title='bbox 618 344 915 398; x_wconf 76' lang='lat' dir='ltr'>tempestatibus</span> <span class='ocrx_word' id='word_1_17' title='bbox 939 346 1160 388; x_wconf 90' lang='lat' dir='ltr'><strong>durissimis</strong></span> <span class='ocrx_word' id='word_1_18' title='bbox 1182 348 1260 402; x_wconf 90' lang='lat' dir='ltr'><strong>tegi</strong></span> <span class='ocrx_word' id='word_1_19' title='bbox 1283 357 1470 403; x_wconf 85' lang='lat' dir='ltr'>possent,</span> <span class='ocrx_word' id='word_1_20' title='bbox 1508 351 1675 406; x_wconf 87' lang='lat' dir='ltr'><strong>dispersi</strong></span> 
     </span>
    </p>

    <p class='ocr_par' dir='ltr' id='par_1_3' title="bbox 145 410 1722 735">
     <span class='ocr_line' id='line_1_4' title="bbox 145 410 1678 468; baseline 0.006 -17"><span class='ocrx_word' id='word_1_21' title='bbox 145 410 173 455; x_wconf 84' lang='grc'>6</span> <span class='ocrx_word' id='word_1_22' title='bbox 196 425 335 466; x_wconf 87' lang='lat' dir='ltr'><strong>magna</strong></span> <span class='ocrx_word' id='word_1_23' title='bbox 359 418 469 465; x_wconf 86' lang='lat' dir='ltr'><strong>parte</strong></span> <span class='ocrx_word' id='word_1_24' title='bbox 491 411 635 450; x_wconf 86' lang='lat' dir='ltr'><strong>amissa</strong></span> <span class='ocrx_word' id='word_1_25' title='bbox 656 425 818 451; x_wconf 89' lang='lat' dir='ltr'><strong>suorum</strong></span> <span class='ocrx_word' id='word_1_26' title='bbox 841 413 1081 468; x_wconf 76' lang='lat' dir='ltr'>dissipantur</span> <span class='ocrx_word' id='word_1_27' title='bbox 1096 415 1136 454; x_wconf 93' lang='lat' dir='ltr'><strong>in</strong></span> <span class='ocrx_word' id='word_1_28' title='bbox 1158 415 1340 457; x_wconf 88' lang='lat' dir='ltr'><strong>finitimas</strong></span> <span class='ocrx_word' id='word_1_29' title='bbox 1353 417 1550 459; x_wconf 89' lang='lat' dir='ltr'><strong>ciuitates.</strong></span> <span class='ocrx_word' id='word_1_30' title='bbox 1575 417 1678 460; x_wconf 91' lang='lat' dir='ltr'><strong>Cae-</strong></span> 
     </span>
     <span class='ocr_line' id='line_1_5' title="bbox 192 478 1677 533; baseline 0.005 -13"><span class='ocrx_word' id='word_1_31' title='bbox 192 493 259 520; x_wconf 90' lang='lat' dir='ltr'><strong>sar</strong></span> <span class='ocrx_word' id='word_1_32' title='bbox 279 486 454 533; x_wconf 87' lang='lat' dir='ltr'><strong>tempore</strong></span> <span class='ocrx_word' id='word_1_33' title='bbox 475 479 565 518; x_wconf 89' lang='lat' dir='ltr'><strong>anni</strong></span> <span class='ocrx_word' id='word_1_34' title='bbox 590 478 811 520; x_wconf 85' lang='lat' dir='ltr'><strong>difficillimo</strong></span> <span class='ocrx_word' id='word_1_35' title='bbox 825 511 835 530; x_wconf 96' lang='lat'><strong>,</strong></span> <span class='ocrx_word' id='word_1_36' title='bbox 871 495 955 521; x_wconf 91' lang='lat' dir='ltr'><strong>cum</strong></span> <span class='ocrx_word' id='word_1_37' title='bbox 987 482 1083 522; x_wconf 89' lang='lat' dir='ltr'><strong>satis</strong></span> <span class='ocrx_word' id='word_1_38' title='bbox 1107 482 1270 523; x_wconf 85' lang='lat' dir='ltr'><strong>baberet</strong></span> <span class='ocrx_word' id='word_1_39' title='bbox 1291 486 1574 527; x_wconf 88' lang='lat' dir='ltr'><strong>conuenientes</strong></span> <span class='ocrx_word' id='word_1_40' title='bbox 1596 502 1677 527; x_wconf 88' lang='lat' dir='ltr'><strong>ma-</strong></span> 
     </span>
     <span class='ocr_line' id='line_1_6' title="bbox 193 547 1722 607; baseline 0.005 -19"><span class='ocrx_word' id='word_1_41' title='bbox 193 561 267 588; x_wconf 92' lang='lat' dir='ltr'><strong>nus</strong></span> <span class='ocrx_word' id='word_1_42' title='bbox 291 547 506 599; x_wconf 82' lang='lat' dir='ltr'><strong>dissipare,</strong></span> <span class='ocrx_word' id='word_1_43' title='bbox 541 560 589 586; x_wconf 90' lang='lat' dir='ltr'><strong>ne</strong></span> <span class='ocrx_word' id='word_1_44' title='bbox 622 547 724 599; x_wconf 86' lang='lat' dir='ltr'><strong>quod</strong></span> <span class='ocrx_word' id='word_1_45' title='bbox 757 548 911 589; x_wconf 91' lang='lat' dir='ltr'><strong>initium</strong></span> <span class='ocrx_word' id='word_1_46' title='bbox 933 549 1024 590; x_wconf 91' lang='lat' dir='ltr'><strong>belli</strong></span> <span class='ocrx_word' id='word_1_47' title='bbox 1048 558 1306 602; x_wconf 85' lang='lat' dir='ltr'><strong>nasceretur,</strong></span> <span class='ocrx_word' id='word_1_48' title='bbox 1341 559 1605 607; x_wconf 87' lang='lat' dir='ltr'><strong>quantumque</strong></span> <span class='ocrx_word' id='word_1_49' title='bbox 1637 554 1676 594; x_wconf 92' lang='lat' dir='ltr'><strong>in</strong></span> <span class='ocrx_word' id='word_1_50' title='bbox 1704 563 1722 594; x_wconf 90' lang='lat'>5</span> 
     </span>
     <span class='ocr_line' id='line_1_7' title="bbox 192 614 1677 673; baseline 0.005 -18"><span class='ocrx_word' id='word_1_51' title='bbox 192 615 346 655; x_wconf 84' lang='lat' dir='ltr'><strong>ratione</strong></span> <span class='ocrx_word' id='word_1_52' title='bbox 369 619 499 664; x_wconf 87' lang='lat' dir='ltr'><strong>esset,</strong></span> <span class='ocrx_word' id='word_1_53' title='bbox 535 614 781 667; x_wconf 79' lang='lat' dir='ltr'><strong>exploratum</strong></span> <span class='ocrx_word' id='word_1_54' title='bbox 813 616 975 657; x_wconf 88' lang='lat' dir='ltr'><strong>haberet</strong></span> <span class='ocrx_word' id='word_1_55' title='bbox 997 618 1067 658; x_wconf 92' lang='lat' dir='ltr'><strong>sub</strong></span> <span class='ocrx_word' id='word_1_56' title='bbox 1091 626 1242 673; x_wconf 92' lang='lat' dir='ltr'><strong>tempus</strong></span> <span class='ocrx_word' id='word_1_57' title='bbox 1265 620 1506 660; x_wconf 89' lang='lat' dir='ltr'><strong>aestiuorum</strong></span> <span class='ocrx_word' id='word_1_58' title='bbox 1528 622 1677 662; x_wconf 92' lang='lat' dir='ltr'><strong>nullum</strong></span> 
     </span>
     <span class='ocr_line' id='line_1_8' title="bbox 191 681 1677 735; baseline 0.004 -12"><span class='ocrx_word' id='word_1_59' title='bbox 191 696 383 723; x_wconf 89' lang='lat' dir='ltr'><strong>summum</strong></span> <span class='ocrx_word' id='word_1_60' title='bbox 407 681 548 721; x_wconf 92' lang='lat' dir='ltr'><strong>bellum</strong></span> <span class='ocrx_word' id='word_1_61' title='bbox 574 696 689 735; x_wconf 89' lang='lat' dir='ltr'><strong>posse</strong></span> <span class='ocrx_word' id='word_1_62' title='bbox 712 684 889 733; x_wconf 80' lang='lat' dir='ltr'><strong>conflari,</strong></span> <span class='ocrx_word' id='word_1_63' title='bbox 915 683 1056 726; x_wconf 90' lang='lat' dir='ltr'><strong>Gaium</strong></span> <span class='ocrx_word' id='word_1_64' title='bbox 1081 686 1325 727; x_wconf 89' lang='lat' dir='ltr'><strong>Trebonium</strong></span> <span class='ocrx_word' id='word_1_65' title='bbox 1348 701 1434 727; x_wconf 90' lang='lat' dir='ltr'><strong>cum</strong></span> <span class='ocrx_word' id='word_1_66' title='bbox 1452 688 1601 729; x_wconf 87' lang='lat' dir='ltr'><strong>duabus</strong></span> <span class='ocrx_word' id='word_1_67' title='bbox 1622 690 1677 730; x_wconf 90' lang='lat' dir='ltr'><strong>le-</strong></span> 
     </span>
    </p>

    <p class='ocr_par' dir='ltr' id='par_1_4' title="bbox 143 749 1752 1284">
     <span class='ocr_line' id='line_1_9' title="bbox 143 749 1674 810; baseline 0.005 -21"><span class='ocrx_word' id='word_1_68' title='bbox 143 749 169 790; x_wconf 80' lang='grc'>2</span> <span class='ocrx_word' id='word_1_69' title='bbox 190 750 385 804; x_wconf 85' lang='lat' dir='ltr'><strong>gionibus,</strong></span> <span class='ocrx_word' id='word_1_70' title='bbox 412 764 507 802; x_wconf 90' lang='lat' dir='ltr'><strong>quas</strong></span> <span class='ocrx_word' id='word_1_71' title='bbox 530 763 660 790; x_wconf 87' lang='grc'>5660111</span> <span class='ocrx_word' id='word_1_72' title='bbox 674 750 851 800; x_wconf 83' lang='lat' dir='ltr'><strong>babebat,</strong></span> <span class='ocrx_word' id='word_1_73' title='bbox 878 752 917 792; x_wconf 93' lang='lat' dir='ltr'><strong>in</strong></span> <span class='ocrx_word' id='word_1_74' title='bbox 940 753 1115 795; x_wconf 82' lang='lat' dir='ltr'><strong>hibernis</strong></span> <span class='ocrx_word' id='word_1_75' title='bbox 1130 753 1283 796; x_wconf 78' lang='lat' dir='ltr'><strong>Genabi</strong></span> <span class='ocrx_word' id='word_1_76' title='bbox 1301 756 1549 806; x_wconf 82' lang='lat' dir='ltr'><strong>conlocauit3</strong></span> <span class='ocrx_word' id='word_1_77' title='bbox 1574 756 1674 810; x_wconf 88' lang='lat' dir='ltr'><strong>ipse,</strong></span> 
     </span>
     <span class='ocr_line' id='line_1_10' title="bbox 192 817 1679 877; baseline 0.005 -20"><span class='ocrx_word' id='word_1_78' title='bbox 192 833 276 858; x_wconf 80' lang='lat' dir='ltr'><strong>cum</strong></span> <span class='ocrx_word' id='word_1_79' title='bbox 301 817 450 857; x_wconf 89' lang='lat' dir='ltr'><strong>crebris</strong></span> <span class='ocrx_word' id='word_1_80' title='bbox 480 817 741 872; x_wconf 74' lang='lat' dir='ltr'>legationibus</span> <span class='ocrx_word' id='word_1_81' title='bbox 766 818 976 860; x_wconf 77' lang='lat' dir='ltr'><strong>Remorum</strong></span> <span class='ocrx_word' id='word_1_82' title='bbox 1010 823 1158 862; x_wconf 88' lang='lat' dir='ltr'><strong>certior</strong></span> <span class='ocrx_word' id='word_1_83' title='bbox 1189 823 1302 864; x_wconf 87' lang='lat' dir='ltr'><strong>fieret</strong></span> <span class='ocrx_word' id='word_1_84' title='bbox 1322 821 1581 873; x_wconf 81' lang='lat' dir='ltr'><strong>Bellouacos,</strong></span> <span class='ocrx_word' id='word_1_85' title='bbox 1614 824 1679 877; x_wconf 90' lang='lat' dir='ltr'><strong>qui</strong></span> 
     </span>
     <span class='ocr_line' id='line_1_11' title="bbox 191 883 1750 945; baseline 0.004 -21"><span class='ocrx_word' id='word_1_86' title='bbox 191 885 281 925; x_wconf 89' lang='lat' dir='ltr'><strong>belli</strong></span> <span class='ocrx_word' id='word_1_87' title='bbox 305 885 430 939; x_wconf 88' lang='lat' dir='ltr'><strong>gloria</strong></span> <span class='ocrx_word' id='word_1_88' title='bbox 455 883 592 926; x_wconf 79' lang='lat' dir='ltr'><strong>Gallos</strong></span> <span class='ocrx_word' id='word_1_89' title='bbox 616 900 752 927; x_wconf 90' lang='lat' dir='ltr'><strong>omnes</strong></span> <span class='ocrx_word' id='word_1_90' title='bbox 775 884 996 942; x_wconf 75' lang='lat' dir='ltr'><strong>Belgasque</strong></span> <span class='ocrx_word' id='word_1_91' title='bbox 1019 890 1299 943; x_wconf 70' lang='lat' dir='ltr'><strong>praestabant,</strong></span> <span class='ocrx_word' id='word_1_92' title='bbox 1334 891 1596 945; x_wconf 86' lang='lat' dir='ltr'><strong>finitimasque</strong></span> <span class='ocrx_word' id='word_1_93' title='bbox 1617 892 1676 932; x_wconf 92' lang='lat' dir='ltr'><strong>his</strong></span> <span class='ocrx_word' id='word_1_94' title='bbox 1710 898 1750 931; x_wconf 88' lang='grc'><strong>10</strong></span> 
     </span>
     <span class='ocr_line' id='line_1_12' title="bbox 192 951 1678 1001; baseline 0.003 -7"><span class='ocrx_word' id='word_1_95' title='bbox 192 953 375 994; x_wconf 79' lang='lat' dir='ltr'><strong>ciuitates</strong></span> <span class='ocrx_word' id='word_1_96' title='bbox 408 953 504 993; x_wconf 87' lang='lat' dir='ltr'><strong>duce</strong></span> <span class='ocrx_word' id='word_1_97' title='bbox 537 951 690 994; x_wconf 86' lang='lat' dir='ltr'><strong>Correo</strong></span> <span class='ocrx_word' id='word_1_98' title='bbox 723 952 936 997; x_wconf 84' lang='lat' dir='ltr'><strong>Bellouaco</strong></span> <span class='ocrx_word' id='word_1_99' title='bbox 970 964 1007 998; x_wconf 83' lang='lat' dir='ltr'><strong>et</strong></span> <span class='ocrx_word' id='word_1_100' title='bbox 1040 955 1220 999; x_wconf 87' lang='lat' dir='ltr'><strong>Commio</strong></span> <span class='ocrx_word' id='word_1_101' title='bbox 1251 959 1442 1001; x_wconf 74' lang='lat' dir='ltr'><strong>Atrebate</strong></span> <span class='ocrx_word' id='word_1_102' title='bbox 1474 959 1678 1000; x_wconf 80' lang='lat' dir='ltr'><strong>exercitus</strong></span> 
     </span>
     <span class='ocr_line' id='line_1_13' title="bbox 192 1022 1678 1079; baseline 0.005 -19"><span class='ocrx_word' id='word_1_103' title='bbox 192 1035 422 1075; x_wconf 86' lang='lat' dir='ltr'><strong>comparare</strong></span> <span class='ocrx_word' id='word_1_104' title='bbox 444 1028 560 1074; x_wconf 86' lang='lat' dir='ltr'><strong>atque</strong></span> <span class='ocrx_word' id='word_1_105' title='bbox 592 1022 632 1062; x_wconf 92' lang='lat' dir='ltr'><strong>in</strong></span> <span class='ocrx_word' id='word_1_106' title='bbox 655 1036 769 1062; x_wconf 92' lang='lat' dir='ltr'><strong>unum</strong></span> <span class='ocrx_word' id='word_1_107' title='bbox 794 1024 919 1064; x_wconf 80' lang='lat' dir='ltr'><strong>locum</strong></span> <span class='ocrx_word' id='word_1_108' title='bbox 945 1039 1113 1079; x_wconf 80' lang='lat' dir='ltr'><strong>cogere,</strong></span> <span class='ocrx_word' id='word_1_109' title='bbox 1150 1034 1191 1067; x_wconf 92' lang='lat' dir='ltr'><strong>ut</strong></span> <span class='ocrx_word' id='word_1_110' title='bbox 1221 1028 1326 1068; x_wconf 90' lang='lat' dir='ltr'><strong>omni</strong></span> <span class='ocrx_word' id='word_1_111' title='bbox 1358 1027 1606 1068; x_wconf 88' lang='lat' dir='ltr'><strong>multitudine</strong></span> <span class='ocrx_word' id='word_1_112' title='bbox 1637 1027 1678 1067; x_wconf 92' lang='lat' dir='ltr'><strong>in</strong></span> 
     </span>
     <span class='ocr_line' id='line_1_14' title="bbox 192 1087 1678 1150; baseline 0.003 -20"><span class='ocrx_word' id='word_1_113' title='bbox 192 1090 289 1130; x_wconf 87' lang='grc'>111165</span> <span class='ocrx_word' id='word_1_114' title='bbox 312 1087 569 1130; x_wconf 80' lang='lat' dir='ltr'><strong>Surssionum</strong></span> <span class='ocrx_word' id='word_1_115' title='bbox 587 1121 596 1139; x_wconf 94' lang='lat'><strong>,</strong></span> <span class='ocrx_word' id='word_1_116' title='bbox 623 1091 686 1143; x_wconf 88' lang='lat' dir='ltr'><strong>qui</strong></span> <span class='ocrx_word' id='word_1_117' title='bbox 708 1089 845 1131; x_wconf 83' lang='lat' dir='ltr'><strong>Remis</strong></span> <span class='ocrx_word' id='word_1_118' title='bbox 869 1100 982 1133; x_wconf 84' lang='lat' dir='ltr'><strong>erant</strong></span> <span class='ocrx_word' id='word_1_119' title='bbox 1004 1094 1216 1145; x_wconf 86' lang='lat' dir='ltr'><strong>adtributi,</strong></span> <span class='ocrx_word' id='word_1_120' title='bbox 1252 1097 1431 1136; x_wconf 79' lang='lat' dir='ltr'><strong>facerent</strong></span> <span class='ocrx_word' id='word_1_121' title='bbox 1461 1094 1678 1150; x_wconf 88' lang='lat' dir='ltr'><strong>inpressio-</strong></span> 
     </span>
     <span class='ocr_line' id='line_1_15' title="bbox 192 1158 1678 1215; baseline 0.004 -17"><span class='ocrx_word' id='word_1_122' title='bbox 192 1171 296 1206; x_wconf 85' lang='lat' dir='ltr'><strong>nem,</strong></span> <span class='ocrx_word' id='word_1_123' title='bbox 323 1158 520 1212; x_wconf 89' lang='lat' dir='ltr'><strong>pertinere</strong></span> <span class='ocrx_word' id='word_1_124' title='bbox 544 1164 672 1198; x_wconf 91' lang='lat' dir='ltr'><strong>autem</strong></span> <span class='ocrx_word' id='word_1_125' title='bbox 698 1172 776 1198; x_wconf 93' lang='lat' dir='ltr'><strong>non</strong></span> <span class='ocrx_word' id='word_1_126' title='bbox 801 1166 949 1200; x_wconf 84' lang='lat' dir='ltr'><strong>tantum</strong></span> <span class='ocrx_word' id='word_1_127' title='bbox 973 1162 1020 1201; x_wconf 86' lang='lat' dir='ltr'><strong>ad</strong></span> <span class='ocrx_word' id='word_1_128' title='bbox 1043 1162 1288 1215; x_wconf 85' lang='lat' dir='ltr'><strong>dignitatem,</strong></span> <span class='ocrx_word' id='word_1_129' title='bbox 1317 1163 1384 1203; x_wconf 90' lang='lat' dir='ltr'><strong>sed</strong></span> <span class='ocrx_word' id='word_1_130' title='bbox 1406 1163 1522 1203; x_wconf 91' lang='lat' dir='ltr'><strong>etiam</strong></span> <span class='ocrx_word' id='word_1_131' title='bbox 1546 1164 1593 1204; x_wconf 91' lang='lat' dir='ltr'><strong>ad</strong></span> <span class='ocrx_word' id='word_1_132' title='bbox 1615 1177 1678 1204; x_wconf 92' lang='lat' dir='ltr'><strong>sa-</strong></span> 
     </span>
     <span class='ocr_line' id='line_1_16' title="bbox 192 1225 1752 1284; baseline 0.003 -18"><span class='ocrx_word' id='word_1_133' title='bbox 192 1226 309 1266; x_wconf 90' lang='lat' dir='ltr'><strong>lutem</strong></span> <span class='ocrx_word' id='word_1_134' title='bbox 333 1239 444 1265; x_wconf 90' lang='lat' dir='ltr'><strong>suam</strong></span> <span class='ocrx_word' id='word_1_135' title='bbox 468 1225 661 1266; x_wconf 86' lang='lat' dir='ltr'><strong>iudicaret</strong></span> <span class='ocrx_word' id='word_1_136' title='bbox 692 1226 835 1266; x_wconf 86' lang='lat' dir='ltr'><strong>nullam</strong></span> <span class='ocrx_word' id='word_1_137' title='bbox 868 1228 1129 1270; x_wconf 85' lang='lat' dir='ltr'><strong>calamitatem</strong></span> <span class='ocrx_word' id='word_1_138' title='bbox 1161 1231 1290 1270; x_wconf 89' lang='lat' dir='ltr'><strong>socios</strong></span> <span class='ocrx_word' id='word_1_139' title='bbox 1321 1230 1464 1283; x_wconf 90' lang='lat' dir='ltr'><strong>optime</strong></span> <span class='ocrx_word' id='word_1_140' title='bbox 1498 1231 1544 1271; x_wconf 93' lang='lat' dir='ltr'><strong>de</strong></span> <span class='ocrx_word' id='word_1_141' title='bbox 1565 1245 1679 1284; x_wconf 70' lang='grc'>16110-</span> <span class='ocrx_word' id='word_1_142' title='bbox 1713 1237 1752 1271; x_wconf 88' lang='grc'><strong>15</strong></span> 
     </span>
    </p>

    <p class='ocr_par' dir='ltr' id='par_1_5' title="bbox 143 1292 1679 1486">
     <span class='ocr_line' id='line_1_17' title="bbox 143 1292 1679 1347; baseline 0.003 -13"><span class='ocrx_word' id='word_1_143' title='bbox 143 1292 168 1333; x_wconf 86' lang='grc'>3</span> <span class='ocrx_word' id='word_1_144' title='bbox 189 1293 290 1334; x_wconf 87' lang='lat' dir='ltr'><strong>blica</strong></span> <span class='ocrx_word' id='word_1_145' title='bbox 312 1293 474 1333; x_wconf 86' lang='lat' dir='ltr'><strong>meritos</strong></span> <span class='ocrx_word' id='word_1_146' title='bbox 497 1293 691 1347; x_wconf 88' lang='lat' dir='ltr'><strong>accipere,</strong></span> <span class='ocrx_word' id='word_1_147' title='bbox 716 1294 910 1347; x_wconf 83' lang='lat' dir='ltr'><strong>legionem</strong></span> <span class='ocrx_word' id='word_1_148' title='bbox 934 1310 986 1336; x_wconf 85' lang='lat' dir='ltr'><strong>ex</strong></span> <span class='ocrx_word' id='word_1_149' title='bbox 1007 1297 1182 1338; x_wconf 89' lang='lat' dir='ltr'><strong>hibernis</strong></span> <span class='ocrx_word' id='word_1_150' title='bbox 1206 1304 1346 1338; x_wconf 87' lang='lat' dir='ltr'><strong>euocat</strong></span> <span class='ocrx_word' id='word_1_151' title='bbox 1360 1311 1497 1338; x_wconf 86' lang='lat' dir='ltr'><strong>rursus</strong></span> <span class='ocrx_word' id='word_1_152' title='bbox 1520 1297 1679 1338; x_wconf 91' lang='lat' dir='ltr'><strong>undeci-</strong></span> 
     </span>
     <span class='ocr_line' id='line_1_18' title="bbox 189 1360 1678 1416; baseline 0.003 -15"><span class='ocrx_word' id='word_1_153' title='bbox 189 1375 308 1410; x_wconf 86' lang='lat' dir='ltr'><strong>mam,</strong></span> <span class='ocrx_word' id='word_1_154' title='bbox 335 1361 487 1400; x_wconf 83' lang='lat' dir='ltr'><strong>litteras</strong></span> <span class='ocrx_word' id='word_1_155' title='bbox 510 1367 638 1401; x_wconf 86' lang='lat' dir='ltr'><strong>autem</strong></span> <span class='ocrx_word' id='word_1_156' title='bbox 662 1361 708 1401; x_wconf 90' lang='lat' dir='ltr'><strong>ad</strong></span> <span class='ocrx_word' id='word_1_157' title='bbox 734 1360 876 1402; x_wconf 87' lang='lat' dir='ltr'><strong>Gaium</strong></span> <span class='ocrx_word' id='word_1_158' title='bbox 897 1361 1060 1405; x_wconf 87' lang='lat' dir='ltr'><strong>Fabium</strong></span> <span class='ocrx_word' id='word_1_159' title='bbox 1083 1365 1224 1416; x_wconf 86' lang='lat' dir='ltr'><strong>mittit,</strong></span> <span class='ocrx_word' id='word_1_160' title='bbox 1251 1372 1291 1405; x_wconf 94' lang='lat' dir='ltr'><strong>ut</strong></span> <span class='ocrx_word' id='word_1_161' title='bbox 1311 1365 1351 1405; x_wconf 93' lang='lat' dir='ltr'><strong>in</strong></span> <span class='ocrx_word' id='word_1_162' title='bbox 1374 1365 1470 1406; x_wconf 86' lang='grc'>111165</span> <span class='ocrx_word' id='word_1_163' title='bbox 1493 1363 1678 1406; x_wconf 90' lang='lat' dir='ltr'><strong>Suessio-</strong></span> 
     </span>
     <span class='ocr_line' id='line_1_19' title="bbox 189 1428 1679 1486; baseline 0.003 -16"><span class='ocrx_word' id='word_1_164' title='bbox 189 1443 279 1470; x_wconf 88' lang='lat' dir='ltr'><strong>num</strong></span> <span class='ocrx_word' id='word_1_165' title='bbox 304 1428 481 1483; x_wconf 87' lang='lat' dir='ltr'><strong>legiones</strong></span> <span class='ocrx_word' id='word_1_166' title='bbox 504 1429 626 1479; x_wconf 89' lang='lat' dir='ltr'><strong>duas,</strong></span> <span class='ocrx_word' id='word_1_167' title='bbox 652 1443 748 1483; x_wconf 87' lang='lat' dir='ltr'><strong>quas</strong></span> <span class='ocrx_word' id='word_1_168' title='bbox 773 1430 959 1482; x_wconf 88' lang='lat' dir='ltr'><strong>babebat,</strong></span> <span class='ocrx_word' id='word_1_169' title='bbox 985 1432 1223 1484; x_wconf 86' lang='lat' dir='ltr'><strong>adduceret,</strong></span> <span class='ocrx_word' id='word_1_170' title='bbox 1249 1433 1488 1486; x_wconf 79' lang='lat' dir='ltr'><strong>alteramque</strong></span> <span class='ocrx_word' id='word_1_171' title='bbox 1511 1448 1564 1475; x_wconf 84' lang='lat' dir='ltr'><strong>ex</strong></span> <span class='ocrx_word' id='word_1_172' title='bbox 1585 1434 1679 1474; x_wconf 89' lang='lat' dir='ltr'><strong>dua-</strong></span> 
     </span>
    </p>

    <p class='ocr_par' dir='ltr' id='par_1_6' title="bbox 141 1494 1752 1623">
     <span class='ocr_line' id='line_1_20' title="bbox 141 1494 1677 1556; baseline 0.003 -18"><span class='ocrx_word' id='word_1_173' title='bbox 141 1497 169 1538; x_wconf 87' lang='lat'>4</span> <span class='ocrx_word' id='word_1_174' title='bbox 190 1498 263 1538; x_wconf 90' lang='lat' dir='ltr'><strong>bus</strong></span> <span class='ocrx_word' id='word_1_175' title='bbox 286 1496 334 1537; x_wconf 89' lang='lat' dir='ltr'><strong>ab</strong></span> <span class='ocrx_word' id='word_1_176' title='bbox 356 1494 537 1536; x_wconf 90' lang='lat' dir='ltr'><strong>Labieno</strong></span> <span class='ocrx_word' id='word_1_177' title='bbox 560 1498 741 1538; x_wconf 83' lang='lat' dir='ltr'><strong>arcessit.</strong></span> <span class='ocrx_word' id='word_1_178' title='bbox 784 1496 868 1549; x_wconf 90' lang='lat' dir='ltr'><strong>Ita,</strong></span> <span class='ocrx_word' id='word_1_179' title='bbox 902 1507 1087 1553; x_wconf 88' lang='lat' dir='ltr'><strong>quantum</strong></span> <span class='ocrx_word' id='word_1_180' title='bbox 1121 1502 1374 1542; x_wconf 88' lang='lat' dir='ltr'><strong>hibernorum</strong></span> <span class='ocrx_word' id='word_1_181' title='bbox 1405 1501 1677 1556; x_wconf 88' lang='lat' dir='ltr'><strong>opportunitas</strong></span> 
     </span>
     <span class='ocr_line' id='line_1_21' title="bbox 189 1564 1752 1623; baseline 0.001 -17"><span class='ocrx_word' id='word_1_182' title='bbox 189 1565 359 1618; x_wconf 82' lang='lat' dir='ltr'><strong>bellique</strong></span> <span class='ocrx_word' id='word_1_183' title='bbox 383 1564 484 1604; x_wconf 86' lang='lat' dir='ltr'><strong>ratio</strong></span> <span class='ocrx_word' id='word_1_184' title='bbox 508 1565 752 1618; x_wconf 88' lang='lat' dir='ltr'><strong>postulabat,</strong></span> <span class='ocrx_word' id='word_1_185' title='bbox 790 1575 978 1622; x_wconf 89' lang='lat' dir='ltr'><strong>perpetuo</strong></span> <span class='ocrx_word' id='word_1_186' title='bbox 1000 1583 1071 1610; x_wconf 91' lang='lat' dir='ltr'><strong>suo</strong></span> <span class='ocrx_word' id='word_1_187' title='bbox 1094 1569 1227 1611; x_wconf 80' lang='lat' dir='ltr'><strong>labore</strong></span> <span class='ocrx_word' id='word_1_188' title='bbox 1249 1570 1289 1610; x_wconf 94' lang='lat' dir='ltr'><strong>in</strong></span> <span class='ocrx_word' id='word_1_189' title='bbox 1312 1570 1436 1610; x_wconf 83' lang='lat' dir='ltr'><strong>uicem</strong></span> <span class='ocrx_word' id='word_1_190' title='bbox 1459 1569 1680 1623; x_wconf 84' lang='lat' dir='ltr'><strong>legionibus</strong></span> <span class='ocrx_word' id='word_1_191' title='bbox 1709 1576 1752 1611; x_wconf 78' lang='lat'><strong>20</strong></span> 
     </span>
    </p>

    <p class='ocr_par' dir='ltr' id='par_1_7' title="bbox 141 1633 1677 1827">
     <span class='ocr_line' id='line_1_22' title="bbox 141 1633 1677 1692; baseline 0.001 -18"><span class='ocrx_word' id='word_1_192' title='bbox 141 1634 168 1678; x_wconf 82' lang='grc'><strong>7</strong></span> <span class='ocrx_word' id='word_1_193' title='bbox 191 1633 486 1687; x_wconf 79' lang='lat' dir='ltr'><strong>expeditionum</strong></span> <span class='ocrx_word' id='word_1_194' title='bbox 511 1647 609 1673; x_wconf 93' lang='lat' dir='ltr'><strong>onus</strong></span> <span class='ocrx_word' id='word_1_195' title='bbox 643 1633 887 1689; x_wconf 85' lang='lat' dir='ltr'><strong>iniungebat.</strong></span> <span class='ocrx_word' id='word_1_196' title='bbox 932 1635 1006 1677; x_wconf 91' lang='lat' dir='ltr'><strong>His</strong></span> <span class='ocrx_word' id='word_1_197' title='bbox 1039 1638 1161 1692; x_wconf 89' lang='lat' dir='ltr'><strong>copiis</strong></span> <span class='ocrx_word' id='word_1_198' title='bbox 1193 1638 1341 1678; x_wconf 84' lang='lat' dir='ltr'><strong>coactis</strong></span> <span class='ocrx_word' id='word_1_199' title='bbox 1371 1638 1419 1678; x_wconf 86' lang='lat' dir='ltr'><strong>ad</strong></span> <span class='ocrx_word' id='word_1_200' title='bbox 1440 1635 1677 1678; x_wconf 87' lang='lat' dir='ltr'><strong>Bellouacos</strong></span> 
     </span>
     <span class='ocr_line' id='line_1_23' title="bbox 192 1700 1677 1761; baseline 0.002 -19"><span class='ocrx_word' id='word_1_201' title='bbox 192 1700 455 1757; x_wconf 88' lang='lat' dir='ltr'><strong>proficiscitur</strong></span> <span class='ocrx_word' id='word_1_202' title='bbox 486 1701 706 1755; x_wconf 86' lang='lat' dir='ltr'><strong>castrisque</strong></span> <span class='ocrx_word' id='word_1_203' title='bbox 735 1703 773 1742; x_wconf 91' lang='lat' dir='ltr'><strong>in</strong></span> <span class='ocrx_word' id='word_1_204' title='bbox 804 1717 940 1744; x_wconf 89' lang='lat' dir='ltr'><strong>eorum</strong></span> <span class='ocrx_word' id='word_1_205' title='bbox 972 1705 1114 1746; x_wconf 89' lang='lat' dir='ltr'><strong>finibus</strong></span> <span class='ocrx_word' id='word_1_206' title='bbox 1146 1706 1283 1759; x_wconf 88' lang='lat' dir='ltr'><strong>positis</strong></span> <span class='ocrx_word' id='word_1_207' title='bbox 1320 1705 1496 1761; x_wconf 87' lang='lat' dir='ltr'><strong>equitum</strong></span> <span class='ocrx_word' id='word_1_208' title='bbox 1528 1711 1677 1746; x_wconf 84' lang='lat' dir='ltr'><strong>turmas</strong></span> 
     </span>
     <span class='ocr_line' id='line_1_24' title="bbox 190 1768 1677 1827; baseline 0.001 -17"><span class='ocrx_word' id='word_1_209' title='bbox 190 1769 349 1810; x_wconf 90' lang='lat' dir='ltr'><strong>dimittit</strong></span> <span class='ocrx_word' id='word_1_210' title='bbox 370 1768 409 1808; x_wconf 95' lang='lat' dir='ltr'><strong>in</strong></span> <span class='ocrx_word' id='word_1_211' title='bbox 433 1782 568 1809; x_wconf 89' lang='lat' dir='ltr'><strong>omnes</strong></span> <span class='ocrx_word' id='word_1_212' title='bbox 591 1778 723 1823; x_wconf 90' lang='lat' dir='ltr'><strong>partes</strong></span> <span class='ocrx_word' id='word_1_213' title='bbox 747 1772 793 1811; x_wconf 90' lang='lat' dir='ltr'><strong>ad</strong></span> <span class='ocrx_word' id='word_1_214' title='bbox 817 1772 968 1826; x_wconf 89' lang='lat' dir='ltr'><strong>aliquos</strong></span> <span class='ocrx_word' id='word_1_215' title='bbox 991 1773 1263 1827; x_wconf 81' lang='lat' dir='ltr'><strong>excipiendos,</strong></span> <span class='ocrx_word' id='word_1_216' title='bbox 1290 1787 1340 1813; x_wconf 87' lang='lat' dir='ltr'><strong>ex</strong></span> <span class='ocrx_word' id='word_1_217' title='bbox 1355 1773 1494 1827; x_wconf 88' lang='lat' dir='ltr'><strong>quibus</strong></span> <span class='ocrx_word' id='word_1_218' title='bbox 1507 1773 1677 1813; x_wconf 90' lang='lat' dir='ltr'><strong>hostium</strong></span> 
     </span>
    </p>

    <p class='ocr_par' dir='ltr' id='par_1_8' title="bbox 140 1836 1752 2034">
     <span class='ocr_line' id='line_1_25' title="bbox 140 1836 1678 1897; baseline 0.001 -18"><span class='ocrx_word' id='word_1_219' title='bbox 140 1838 166 1879; x_wconf 82' lang='lat'>2</span> <span class='ocrx_word' id='word_1_220' title='bbox 189 1836 354 1878; x_wconf 88' lang='lat' dir='ltr'><strong>consilia</strong></span> <span class='ocrx_word' id='word_1_221' title='bbox 377 1844 648 1891; x_wconf 88' lang='lat' dir='ltr'><strong>cognosceret.</strong></span> <span class='ocrx_word' id='word_1_222' title='bbox 694 1837 861 1893; x_wconf 89' lang='lat' dir='ltr'><strong>Equites</strong></span> <span class='ocrx_word' id='word_1_223' title='bbox 894 1842 1019 1882; x_wconf 88' lang='lat' dir='ltr'><strong>officio</strong></span> <span class='ocrx_word' id='word_1_224' title='bbox 1051 1842 1171 1882; x_wconf 89' lang='lat' dir='ltr'><strong>functi</strong></span> <span class='ocrx_word' id='word_1_225' title='bbox 1202 1841 1432 1883; x_wconf 85' lang='lat' dir='ltr'><strong>renuntiant</strong></span> <span class='ocrx_word' id='word_1_226' title='bbox 1461 1854 1608 1897; x_wconf 82' lang='lat' dir='ltr'><strong>paucos</strong></span> <span class='ocrx_word' id='word_1_227' title='bbox 1638 1842 1678 1881; x_wconf 89' lang='lat' dir='ltr'><strong>in</strong></span> 
     </span>
     <span class='ocr_line' id='line_1_26' title="bbox 189 1904 1752 1965; baseline 0.003 -19"><span class='ocrx_word' id='word_1_228' title='bbox 189 1904 377 1946; x_wconf 85' lang='lat' dir='ltr'><strong>aedificiis</strong></span> <span class='ocrx_word' id='word_1_229' title='bbox 401 1918 489 1945; x_wconf 89' lang='lat' dir='ltr'><strong>esse</strong></span> <span class='ocrx_word' id='word_1_230' title='bbox 513 1905 723 1957; x_wconf 71' lang='lat' dir='ltr'><strong>inuentos,</strong></span> <span class='ocrx_word' id='word_1_231' title='bbox 757 1915 874 1962; x_wconf 87' lang='lat' dir='ltr'><strong>atque</strong></span> <span class='ocrx_word' id='word_1_232' title='bbox 908 1909 977 1950; x_wconf 91' lang='lat' dir='ltr'><strong>hos</strong></span> <span class='ocrx_word' id='word_1_233' title='bbox 994 1940 1004 1959; x_wconf 89' lang='lat'><strong>‚</strong></span> <span class='ocrx_word' id='word_1_234' title='bbox 1030 1924 1109 1950; x_wconf 92' lang='lat' dir='ltr'><strong>non</strong></span> <span class='ocrx_word' id='word_1_235' title='bbox 1132 1910 1195 1963; x_wconf 91' lang='lat' dir='ltr'><strong>qui</strong></span> <span class='ocrx_word' id='word_1_236' title='bbox 1217 1923 1403 1965; x_wconf 87' lang='lat' dir='ltr'><strong>agrorum</strong></span> <span class='ocrx_word' id='word_1_237' title='bbox 1425 1908 1677 1949; x_wconf 89' lang='lat' dir='ltr'><strong>colendorum</strong></span> <span class='ocrx_word' id='word_1_238' title='bbox 1709 1917 1752 1950; x_wconf 80' lang='grc'><strong>25</strong></span> 
     </span>
     <span class='ocr_line' id='line_1_27' title="bbox 189 1973 1675 2034; baseline 0.001 -20"><span class='ocrx_word' id='word_1_239' title='bbox 189 1987 307 2014; x_wconf 88' lang='lat' dir='ltr'><strong>causa</strong></span> <span class='ocrx_word' id='word_1_240' title='bbox 333 1973 619 2014; x_wconf 86' lang='lat' dir='ltr'><strong>remansissent</strong></span> <span class='ocrx_word' id='word_1_241' title='bbox 639 1976 826 2028; x_wconf 78' lang='lat' dir='ltr'><strong>(namque</strong></span> <span class='ocrx_word' id='word_1_242' title='bbox 849 1991 938 2018; x_wconf 90' lang='lat' dir='ltr'><strong>esse</strong></span> <span class='ocrx_word' id='word_1_243' title='bbox 960 1977 1131 2034; x_wconf 81' lang='lat' dir='ltr'><strong>undique</strong></span> <span class='ocrx_word' id='word_1_244' title='bbox 1155 1978 1364 2031; x_wconf 85' lang='lat' dir='ltr'><strong>diligenter</strong></span> <span class='ocrx_word' id='word_1_245' title='bbox 1381 1976 1675 2031; x_wconf 86' lang='lat' dir='ltr'><strong>demigratum),</strong></span> 
     </span>
    </p>

    <p class='ocr_par' dir='ltr' id='par_1_9' title="bbox 142 2041 1679 2166">
     <span class='ocr_line' id='line_1_28' title="bbox 142 2041 1679 2099; baseline 0.001 -16"><span class='ocrx_word' id='word_1_246' title='bbox 142 2041 167 2083; x_wconf 89' lang='lat'><strong>3</strong></span> <span class='ocrx_word' id='word_1_247' title='bbox 190 2042 258 2083; x_wconf 89' lang='lat' dir='ltr'><strong>sed</strong></span> <span class='ocrx_word' id='word_1_248' title='bbox 280 2041 342 2096; x_wconf 90' lang='lat' dir='ltr'><strong>qui</strong></span> <span class='ocrx_word' id='word_1_249' title='bbox 365 2041 591 2095; x_wconf 88' lang='lat' dir='ltr'><strong>speculandi</strong></span> <span class='ocrx_word' id='word_1_250' title='bbox 627 2056 745 2083; x_wconf 83' lang='lat' dir='ltr'><strong>causa</strong></span> <span class='ocrx_word' id='word_1_251' title='bbox 768 2053 903 2086; x_wconf 90' lang='lat' dir='ltr'><strong>essent</strong></span> <span class='ocrx_word' id='word_1_252' title='bbox 923 2045 1095 2086; x_wconf 79' lang='lat' dir='ltr'><strong>remissi,</strong></span> <span class='ocrx_word' id='word_1_253' title='bbox 1140 2046 1178 2086; x_wconf 94' lang='lat' dir='ltr'><strong>A</strong></span> <span class='ocrx_word' id='word_1_254' title='bbox 1200 2045 1339 2099; x_wconf 92' lang='lat' dir='ltr'><strong>quibus</strong></span> <span class='ocrx_word' id='word_1_255' title='bbox 1362 2059 1448 2085; x_wconf 92' lang='lat' dir='ltr'><strong>cum</strong></span> <span class='ocrx_word' id='word_1_256' title='bbox 1471 2051 1679 2098; x_wconf 88' lang='lat' dir='ltr'><strong>quaereret</strong></span> 
     </span>
     <span class='ocr_line' id='line_1_29' title="bbox 190 2107 1675 2166; baseline 0 -15"><span class='ocrx_word' id='word_1_257' title='bbox 190 2107 359 2160; x_wconf 90' lang='lat' dir='ltr'><strong>Caesar,</strong></span> <span class='ocrx_word' id='word_1_258' title='bbox 386 2123 460 2163; x_wconf 91' lang='lat' dir='ltr'><strong>quo</strong></span> <span class='ocrx_word' id='word_1_259' title='bbox 484 2110 570 2150; x_wconf 92' lang='lat' dir='ltr'><strong>loco</strong></span> <span class='ocrx_word' id='word_1_260' title='bbox 593 2111 800 2152; x_wconf 89' lang='lat' dir='ltr'><strong>multitudo</strong></span> <span class='ocrx_word' id='word_1_261' title='bbox 823 2121 931 2155; x_wconf 90' lang='lat' dir='ltr'><strong>esset</strong></span> <span class='ocrx_word' id='word_1_262' title='bbox 951 2111 1254 2154; x_wconf 84' lang='lat' dir='ltr'><strong>Bellouacorum</strong></span> <span class='ocrx_word' id='word_1_263' title='bbox 1279 2113 1432 2166; x_wconf 91' lang='lat' dir='ltr'><strong>quodue</strong></span> <span class='ocrx_word' id='word_1_264' title='bbox 1455 2119 1563 2154; x_wconf 85' lang='lat' dir='ltr'><strong>esset</strong></span> <span class='ocrx_word' id='word_1_265' title='bbox 1584 2126 1675 2152; x_wconf 86' lang='lat' dir='ltr'><strong>con-</strong></span> 
     </span>
    </p>
   </div>
   <div class='ocr_carea' id='block_1_3' title="bbox 189 2293 1679 2852">
    <p class='ocr_par' dir='ltr' id='par_1_10' title="bbox 334 2293 1675 2336">
     <span class='ocr_line' id='line_1_30' title="bbox 334 2293 1675 2336; baseline 0 -11"><span class='ocrx_word' id='word_1_266' title='bbox 334 2293 352 2325; x_wconf 88' lang='lat'>5</span> <span class='ocrx_word' id='word_1_267' title='bbox 372 2297 680 2336; x_wconf 81' lang='lat' dir='ltr'><strong>quantumcumque</strong></span> <span class='ocrx_word' id='word_1_268' title='bbox 700 2295 730 2326; x_wconf 84' lang='lat' dir='ltr'><strong>b.</strong></span> <span class='ocrx_word' id='word_1_269' title='bbox 896 2296 915 2328; x_wconf 81' lang='lat'>6</span> <span class='ocrx_word' id='word_1_270' title='bbox 935 2301 1028 2329; x_wconf 87' lang='lat' dir='ltr'><strong>esset</strong></span> <span class='ocrx_word' id='word_1_271' title='bbox 1046 2307 1114 2330; x_wconf 86' lang='lat' dir='ltr'><strong>om.</strong></span> <span class='ocrx_word' id='word_1_272' title='bbox 1137 2296 1168 2328; x_wconf 88' lang='lat' dir='ltr'><strong>b.</strong></span> <span class='ocrx_word' id='word_1_273' title='bbox 1341 2295 1358 2328; x_wconf 83' lang='lat'><strong>7</strong></span> <span class='ocrx_word' id='word_1_274' title='bbox 1380 2294 1498 2327; x_wconf 84' lang='lat' dir='ltr'><strong>Gaium</strong></span> <span class='ocrx_word' id='word_1_275' title='bbox 1518 2293 1559 2334; x_wconf 87' lang='lat' dir='ltr'><strong>B,</strong></span> <span class='ocrx_word' id='word_1_276' title='bbox 1581 2293 1619 2325; x_wconf 91' lang='lat' dir='ltr'><strong>C.</strong></span> <span class='ocrx_word' id='word_1_277' title='bbox 1640 2304 1675 2325; x_wconf 80' lang='lat'><strong>11.</strong></span> 
     </span>
    </p>

    <p class='ocr_par' dir='ltr' id='par_1_11' title="bbox 189 2342 1679 2852">
     <span class='ocr_line' id='line_1_31' title="bbox 333 2342 1678 2379; baseline 0 -4"><span class='ocrx_word' id='word_1_278' title='bbox 333 2343 354 2375; x_wconf 87' lang='grc'>8</span> <span class='ocrx_word' id='word_1_279' title='bbox 373 2342 501 2375; x_wconf 86' lang='lat' dir='ltr'><strong>Cenabi</strong></span> <span class='ocrx_word' id='word_1_280' title='bbox 523 2344 561 2376; x_wconf 90' lang='lat' dir='ltr'><strong>B.</strong></span> <span class='ocrx_word' id='word_1_281' title='bbox 727 2346 925 2378; x_wconf 84' lang='lat' dir='ltr'><strong>conlocauit</strong></span> <span class='ocrx_word' id='word_1_282' title='bbox 941 2347 985 2379; x_wconf 94' lang='lat' dir='ltr'><strong>B.</strong></span> <span class='ocrx_word' id='word_1_283' title='bbox 1150 2347 1168 2379; x_wconf 83' lang='lat'>9</span> <span class='ocrx_word' id='word_1_284' title='bbox 1188 2356 1249 2377; x_wconf 88' lang='grc'>6011</span> <span class='ocrx_word' id='word_1_285' title='bbox 1268 2346 1312 2378; x_wconf 87' lang='grc' dir='ltr'><strong>Β.</strong></span> <span class='ocrx_word' id='word_1_286' title='bbox 1489 2345 1528 2376; x_wconf 88' lang='grc'><strong>10</strong></span> <span class='ocrx_word' id='word_1_287' title='bbox 1548 2345 1599 2376; x_wconf 87' lang='grc'>1115</span> <span class='ocrx_word' id='word_1_288' title='bbox 1618 2344 1678 2376; x_wconf 83' lang='lat' dir='ltr'><strong>Ae</strong></span> 
     </span>
     <span class='ocr_line' id='line_1_32' title="bbox 192 2394 1675 2440; baseline 0.001 -15"><span class='ocrx_word' id='word_1_289' title='bbox 192 2397 288 2428; x_wconf 79' lang='lat' dir='ltr'><strong>‘mss.</strong></span> <span class='ocrx_word' id='word_1_290' title='bbox 309 2394 454 2434; x_wconf 73' lang='lat' dir='ltr'><strong>omnes&#39;,</strong></span> <span class='ocrx_word' id='word_1_291' title='bbox 476 2394 517 2426; x_wconf 88' lang='lat' dir='ltr'><strong>iis</strong></span> <span class='ocrx_word' id='word_1_292' title='bbox 536 2395 579 2427; x_wconf 89' lang='lat' dir='ltr'><strong>B.</strong></span> <span class='ocrx_word' id='word_1_293' title='bbox 747 2397 782 2430; x_wconf 88' lang='grc'><strong>11</strong></span> <span class='ocrx_word' id='word_1_294' title='bbox 806 2396 933 2429; x_wconf 85' lang='lat' dir='ltr'><strong>Correo</strong></span> <span class='ocrx_word' id='word_1_295' title='bbox 955 2398 1002 2429; x_wconf 85' lang='lat' dir='ltr'><strong>bc</strong></span> <span class='ocrx_word' id='word_1_296' title='bbox 1019 2408 1157 2440; x_wconf 73' lang='lat' dir='ltr'><strong>semper</strong></span> <span class='ocrx_word' id='word_1_297' title='bbox 1175 2398 1370 2439; x_wconf 76' lang='lat' dir='ltr'><strong>optimique</strong></span> <span class='ocrx_word' id='word_1_298' title='bbox 1392 2396 1513 2428; x_wconf 75' lang='lat' dir='ltr'><strong>Orosiz·</strong></span> <span class='ocrx_word' id='word_1_299' title='bbox 1529 2395 1588 2435; x_wconf 81' lang='lat' dir='ltr'><strong>VJ,</strong></span> <span class='ocrx_word' id='word_1_300' title='bbox 1615 2395 1647 2427; x_wconf 87' lang='grc'><strong>11</strong></span> <span class='ocrx_word' id='word_1_301' title='bbox 1667 2407 1675 2433; x_wconf 77' lang='lat'><em>3</em></span> 
     </span>
     <span class='ocr_line' id='line_1_33' title="bbox 191 2446 1679 2491; baseline 0 -11"><span class='ocrx_word' id='word_1_302' title='bbox 191 2447 323 2480; x_wconf 84' lang='lat' dir='ltr'><strong>Corbeo</strong></span> <span class='ocrx_word' id='word_1_303' title='bbox 345 2446 373 2478; x_wconf 90' lang='lat' dir='ltr'><em>B</em></span> <span class='ocrx_word' id='word_1_304' title='bbox 389 2449 425 2477; x_wconf 82' lang='lat' dir='ltr'><strong>et</strong></span> <span class='ocrx_word' id='word_1_305' title='bbox 441 2447 586 2488; x_wconf 76' lang='lat' dir='ltr'><strong>reliqui.</strong></span> <span class='ocrx_word' id='word_1_306' title='bbox 750 2449 863 2481; x_wconf 89' lang='lat' dir='ltr'><strong>Comio</strong></span> <span class='ocrx_word' id='word_1_307' title='bbox 884 2450 956 2491; x_wconf 87' lang='lat' dir='ltr'><em>(B).</em></span> <span class='ocrx_word' id='word_1_308' title='bbox 1118 2449 1159 2482; x_wconf 89' lang='grc'><strong>13</strong></span> <span class='ocrx_word' id='word_1_309' title='bbox 1178 2449 1386 2481; x_wconf 90' lang='lat' dir='ltr'><strong>Suessonum</strong></span> <span class='ocrx_word' id='word_1_310' title='bbox 1405 2449 1461 2480; x_wconf 77' lang='lat' dir='ltr'><strong>hic</strong></span> <span class='ocrx_word' id='word_1_311' title='bbox 1478 2451 1512 2480; x_wconf 81' lang='lat' dir='ltr'><strong>et</strong></span> <span class='ocrx_word' id='word_1_312' title='bbox 1530 2448 1630 2490; x_wconf 77' lang='lat' dir='ltr'><strong>infra</strong></span> <span class='ocrx_word' id='word_1_313' title='bbox 1649 2448 1679 2480; x_wconf 89' lang='lat' dir='ltr'><em>B</em></span> 
     </span>
     <span class='ocr_line' id='line_1_34' title="bbox 191 2497 1677 2544; baseline -0.001 -12"><span class='ocrx_word' id='word_1_314' title='bbox 191 2501 287 2532; x_wconf 84' lang='lat' dir='ltr'><strong>‘mss.</strong></span> <span class='ocrx_word' id='word_1_315' title='bbox 304 2497 494 2540; x_wconf 75' lang='lat' dir='ltr'><strong>plerique‘.</strong></span> <span class='ocrx_word' id='word_1_316' title='bbox 651 2500 816 2533; x_wconf 85' lang='lat' dir='ltr'><strong>adtributi</strong></span> <span class='ocrx_word' id='word_1_317' title='bbox 835 2502 878 2534; x_wconf 91' lang='lat' dir='ltr'><strong>B.</strong></span> <span class='ocrx_word' id='word_1_318' title='bbox 1035 2503 1283 2544; x_wconf 85' lang='lat' dir='ltr'><strong>inpressionem</strong></span> <span class='ocrx_word' id='word_1_319' title='bbox 1301 2502 1343 2534; x_wconf 88' lang='lat' dir='ltr'><strong>B.</strong></span> <span class='ocrx_word' id='word_1_320' title='bbox 1499 2501 1537 2534; x_wconf 89' lang='lat'><strong>17</strong></span> <span class='ocrx_word' id='word_1_321' title='bbox 1558 2500 1677 2534; x_wconf 83' lang='lat' dir='ltr'><strong>Gaium</strong></span> 
     </span>
     <span class='ocr_line' id='line_1_35' title="bbox 190 2549 1676 2593; baseline -0.002 -8"><span class='ocrx_word' id='word_1_322' title='bbox 190 2553 232 2593; x_wconf 88' lang='lat' dir='ltr'><strong>B,</strong></span> <span class='ocrx_word' id='word_1_323' title='bbox 253 2551 292 2583; x_wconf 91' lang='lat' dir='ltr'><strong>C.</strong></span> <span class='ocrx_word' id='word_1_324' title='bbox 313 2560 347 2581; x_wconf 83' lang='lat' dir='ltr'><strong>u.</strong></span> <span class='ocrx_word' id='word_1_325' title='bbox 490 2549 539 2580; x_wconf 87' lang='grc'><strong>011</strong></span> <span class='ocrx_word' id='word_1_326' title='bbox 558 2559 604 2580; x_wconf 75' lang='lat' dir='ltr'><strong>ex</strong></span> <span class='ocrx_word' id='word_1_327' title='bbox 621 2551 641 2582; x_wconf 79' lang='lat'>2</span> <span class='ocrx_word' id='word_1_328' title='bbox 660 2550 748 2583; x_wconf 77' lang='lat' dir='ltr'><strong>dett.</strong></span> <span class='ocrx_word' id='word_1_329' title='bbox 770 2562 804 2583; x_wconf 73' lang='lat' dir='ltr'><strong>u.</strong></span> <span class='ocrx_word' id='word_1_330' title='bbox 950 2552 989 2584; x_wconf 83' lang='lat'><strong>19</strong></span> <span class='ocrx_word' id='word_1_331' title='bbox 1009 2552 1050 2584; x_wconf 90' lang='lat' dir='ltr'><strong>ab</strong></span> <span class='ocrx_word' id='word_1_332' title='bbox 1069 2553 1099 2584; x_wconf 89' lang='lat' dir='ltr'><em>B</em></span> <span class='ocrx_word' id='word_1_333' title='bbox 1119 2552 1283 2592; x_wconf 68' lang='lat' dir='ltr'><strong>‘cunett’,</strong></span> <span class='ocrx_word' id='word_1_334' title='bbox 1305 2561 1323 2583; x_wconf 91' lang='lat' dir='ltr'><strong>a</strong></span> <span class='ocrx_word' id='word_1_335' title='bbox 1342 2563 1371 2583; x_wconf 83' lang='lat' dir='ltr'><strong>e.</strong></span> <span class='ocrx_word' id='word_1_336' title='bbox 1524 2550 1676 2582; x_wconf 81' lang='lat' dir='ltr'><strong>Labieno</strong></span> 
     </span>
     <span class='ocr_line' id='line_1_36' title="bbox 189 2601 1679 2646; baseline -0.002 -9"><span class='ocrx_word' id='word_1_337' title='bbox 189 2616 225 2645; x_wconf 82' lang='lat' dir='ltr'><strong>e,</strong></span> <span class='ocrx_word' id='word_1_338' title='bbox 247 2602 354 2635; x_wconf 90' lang='lat' dir='ltr'><strong>Lucio</strong></span> <span class='ocrx_word' id='word_1_339' title='bbox 373 2601 526 2633; x_wconf 87' lang='lat' dir='ltr'><strong>Labieno</strong></span> <span class='ocrx_word' id='word_1_340' title='bbox 545 2602 576 2633; x_wconf 89' lang='lat' dir='ltr'><em>B</em></span> <span class='ocrx_word' id='word_1_341' title='bbox 594 2605 629 2633; x_wconf 83' lang='lat' dir='ltr'><strong>et</strong></span> <span class='ocrx_word' id='word_1_342' title='bbox 645 2605 698 2634; x_wconf 77' lang='lat' dir='ltr'><strong>sic</strong></span> <span class='ocrx_word' id='word_1_343' title='bbox 719 2604 798 2635; x_wconf 82' lang='lat' dir='ltr'><strong>‘uel</strong></span> <span class='ocrx_word' id='word_1_344' title='bbox 813 2603 852 2635; x_wconf 92' lang='lat' dir='ltr'><strong>L.</strong></span> <span class='ocrx_word' id='word_1_345' title='bbox 873 2604 1024 2636; x_wconf 88' lang='lat' dir='ltr'><strong>Labieno</strong></span> <span class='ocrx_word' id='word_1_346' title='bbox 1043 2604 1193 2646; x_wconf 67' lang='lat' dir='ltr'><strong>reliqui*</strong></span> <span class='ocrx_word' id='word_1_347' title='bbox 1208 2608 1357 2646; x_wconf 73' lang='lat' dir='ltr'><strong>praeter</strong></span> <span class='ocrx_word' id='word_1_348' title='bbox 1372 2605 1392 2635; x_wconf 74' lang='lat'><strong>‘2</strong></span> <span class='ocrx_word' id='word_1_349' title='bbox 1412 2603 1523 2643; x_wconf 76' lang='lat' dir='ltr'><strong>dett.‚·</strong></span> <span class='ocrx_word' id='word_1_350' title='bbox 1553 2603 1594 2635; x_wconf 89' lang='lat' dir='ltr'><strong>T.</strong></span> <span class='ocrx_word' id='word_1_351' title='bbox 1615 2603 1679 2634; x_wconf 87' lang='lat' dir='ltr'><strong>La-</strong></span> 
     </span>
     <span class='ocr_line' id='line_1_37' title="bbox 190 2654 1675 2698; baseline -0.003 -7"><span class='ocrx_word' id='word_1_352' title='bbox 190 2659 289 2691; x_wconf 90' lang='lat' dir='ltr'><strong>bieno</strong></span> <span class='ocrx_word' id='word_1_353' title='bbox 308 2666 343 2687; x_wconf 83' lang='lat' dir='ltr'><strong>u.</strong></span> <span class='ocrx_word' id='word_1_354' title='bbox 484 2654 600 2696; x_wconf 82' lang='lat' dir='ltr'><strong>itaque</strong></span> <span class='ocrx_word' id='word_1_355' title='bbox 621 2655 638 2686; x_wconf 80' lang='lat' dir='ltr'><strong><em>b</em></strong></span> <span class='ocrx_word' id='word_1_356' title='bbox 653 2665 709 2687; x_wconf 72' lang='lat' dir='ltr'><strong>ce.</strong></span> <span class='ocrx_word' id='word_1_357' title='bbox 851 2657 890 2688; x_wconf 78' lang='lat'><strong>21</strong></span> <span class='ocrx_word' id='word_1_358' title='bbox 913 2667 998 2688; x_wconf 90' lang='lat' dir='ltr'><strong>onus</strong></span> <span class='ocrx_word' id='word_1_359' title='bbox 1019 2656 1226 2698; x_wconf 84' lang='lat' dir='ltr'><strong>impingebat</strong></span> <span class='ocrx_word' id='word_1_360' title='bbox 1243 2667 1273 2689; x_wconf 77' lang='lat' dir='ltr'><strong>c.</strong></span> <span class='ocrx_word' id='word_1_361' title='bbox 1436 2656 1479 2687; x_wconf 78' lang='lat'><strong>24</strong></span> <span class='ocrx_word' id='word_1_362' title='bbox 1498 2655 1675 2686; x_wconf 86' lang='lat' dir='ltr'><strong>consilium</strong></span> 
     </span>
     <span class='ocr_line' id='line_1_38' title="bbox 190 2706 1679 2747; baseline 0 -11"><span class='ocrx_word' id='word_1_363' title='bbox 190 2709 235 2741; x_wconf 87' lang='grc' dir='ltr'><strong>Α,</strong></span> <span class='ocrx_word' id='word_1_364' title='bbox 377 2710 625 2745; x_wconf 81' lang='lat' dir='ltr'><strong>cognoscerent</strong></span> <span class='ocrx_word' id='word_1_365' title='bbox 646 2706 701 2737; x_wconf 84' lang='lat' dir='ltr'><strong>be.</strong></span> <span class='ocrx_word' id='word_1_366' title='bbox 845 2707 886 2740; x_wconf 77' lang='lat'><strong>25</strong></span> <span class='ocrx_word' id='word_1_367' title='bbox 906 2707 1162 2738; x_wconf 84' lang='lat' dir='ltr'><strong>incolendorum</strong></span> <span class='ocrx_word' id='word_1_368' title='bbox 1181 2706 1276 2739; x_wconf 80' lang='lat' dir='ltr'><strong>And.</strong></span> <span class='ocrx_word' id='word_1_369' title='bbox 1299 2707 1429 2747; x_wconf 77' lang='lat' dir='ltr'><strong>Ooeon.,</strong></span> <span class='ocrx_word' id='word_1_370' title='bbox 1450 2709 1484 2737; x_wconf 83' lang='lat' dir='ltr'><strong>et</strong></span> <span class='ocrx_word' id='word_1_371' title='bbox 1504 2708 1540 2737; x_wconf 80' lang='lat' dir='ltr'><strong>in</strong></span> <span class='ocrx_word' id='word_1_372' title='bbox 1559 2716 1576 2736; x_wconf 83' lang='grc'><strong>6</strong></span> <span class='ocrx_word' id='word_1_373' title='bbox 1593 2708 1679 2737; x_wconf 84' lang='lat' dir='ltr'><strong>ante</strong></span> 
     </span>
     <span class='ocr_line' id='line_1_39' title="bbox 191 2756 1676 2800; baseline -0.004 -6"><span class='ocrx_word' id='word_1_374' title='bbox 191 2759 412 2794; x_wconf 81' lang='lat' dir='ltr'><strong>colendorum</strong></span> <span class='ocrx_word' id='word_1_375' title='bbox 432 2756 544 2789; x_wconf 79' lang='lat' dir='ltr'><strong>litura</strong></span> <span class='ocrx_word' id='word_1_376' title='bbox 560 2760 625 2789; x_wconf 76' lang='lat' dir='ltr'><strong>est.</strong></span> <span class='ocrx_word' id='word_1_377' title='bbox 777 2758 819 2791; x_wconf 81' lang='lat'><strong>26</strong></span> <span class='ocrx_word' id='word_1_378' title='bbox 839 2759 1061 2791; x_wconf 84' lang='lat' dir='ltr'><strong>remansisset</strong></span> <span class='ocrx_word' id='word_1_379' title='bbox 1078 2763 1161 2792; x_wconf 69' lang='lat' dir='ltr'><strong>ante</strong></span> <span class='ocrx_word' id='word_1_380' title='bbox 1180 2769 1272 2792; x_wconf 81' lang='lat' dir='ltr'><strong>corr.</strong></span> <span class='ocrx_word' id='word_1_381' title='bbox 1294 2759 1336 2791; x_wconf 93' lang='lat' dir='ltr'><strong>B.</strong></span> <span class='ocrx_word' id='word_1_382' title='bbox 1491 2759 1533 2793; x_wconf 80' lang='lat'><strong>27</strong></span> <span class='ocrx_word' id='word_1_383' title='bbox 1555 2768 1676 2800; x_wconf 88' lang='lat' dir='ltr'><strong>specu-</strong></span> 
     </span>
     <span class='ocr_line' id='line_1_40' title="bbox 192 2807 1674 2852; baseline -0.002 -8"><span class='ocrx_word' id='word_1_384' title='bbox 192 2811 287 2845; x_wconf 89' lang='lat' dir='ltr'><strong>landi</strong></span> <span class='ocrx_word' id='word_1_385' title='bbox 299 2807 447 2842; x_wconf 88' lang='lat' dir='ltr'><strong>causaB</strong></span> <span class='ocrx_word' id='word_1_386' title='bbox 461 2807 633 2848; x_wconf 72' lang='lat' dir='ltr'><strong>‘reliqui’,</strong></span> <span class='ocrx_word' id='word_1_387' title='bbox 656 2808 855 2849; x_wconf 84' lang='lat' dir='ltr'><strong>speculandi</strong></span> <span class='ocrx_word' id='word_1_388' title='bbox 868 2809 980 2850; x_wconf 85' lang='lat' dir='ltr'><strong>gratia</strong></span> <span class='ocrx_word' id='word_1_389' title='bbox 999 2810 1016 2842; x_wconf 83' lang='lat' dir='ltr'><strong>b</strong></span> <span class='ocrx_word' id='word_1_390' title='bbox 1028 2810 1119 2842; x_wconf 79' lang='lat' dir='ltr'><strong>cde.</strong></span> <span class='ocrx_word' id='word_1_391' title='bbox 1239 2810 1282 2844; x_wconf 79' lang='lat'><strong>28</strong></span> <span class='ocrx_word' id='word_1_392' title='bbox 1298 2809 1674 2852; x_wconf 79' lang='lat' dir='ltr'><strong>essetpostmuttitudo</strong></span> 
     </span>
    </p>
   </div>
   <div class='ocr_carea' id='block_1_4' title="bbox 193 2858 892 2901">
    <p class='ocr_par' dir='ltr' id='par_1_12' title="bbox 193 2858 892 2901">
     <span class='ocr_line' id='line_1_41' title="bbox 193 2858 892 2901; baseline -0.009 -6"><span class='ocrx_word' id='word_1_393' title='bbox 193 2873 263 2896; x_wconf 88' lang='lat' dir='ltr'><strong>om.</strong></span> <span class='ocrx_word' id='word_1_394' title='bbox 285 2862 316 2893; x_wconf 87' lang='lat' dir='ltr'><strong>b.</strong></span> <span class='ocrx_word' id='word_1_395' title='bbox 459 2858 606 2901; x_wconf 85' lang='lat' dir='ltr'><strong>quodne,</strong></span> <span class='ocrx_word' id='word_1_396' title='bbox 626 2860 665 2889; x_wconf 78' lang='lat' dir='ltr'><strong>ut</strong></span> <span class='ocrx_word' id='word_1_397' title='bbox 683 2858 842 2898; x_wconf 75' lang='lat' dir='ltr'><strong>uidetur,</strong></span> <span class='ocrx_word' id='word_1_398' title='bbox 863 2869 892 2890; x_wconf 84' lang='lat' dir='ltr'><strong>e.</strong></span> 
     </span>
    </p>
   </div>
  </div>
 </body>
</html>
