1835 3240
79 1968 117 1999 10

455 727 510 774 C.
576 725 814 773 IVLII
876 722 1334 771 CAESARIS

256 870 407 940 DE
476 867 886 938 BELLO
960 867 1524 938 GALLICO

529 1023 995 1069 COMMENTARIVS
1025 1023 1255 1068 PRIMVS.

263 1353 391 1395 Gallia
423 1360 484 1394 est
515 1353 640 1393 omnis
664 1352 790 1393 diuisa
811 1353 851 1392 in
873 1360 1005 1406 partes
1028 1359 1132 1403 tres3
1182 1367 1344 1405 quarum
1374 1369 1491 1395 unam
1522 1356 1633 1396 inco-

151 1423 236 1462 lunt
257 1420 406 1476 Belgae
422 1453 432 1471 ,
467 1421 582 1461 aliam
603 1420 794 1473 Aquitani
811 1452 820 1469 ‚
853 1420 1010 1460 tertiam
1034 1419 1096 1471 qui
1119 1420 1294 1473 ipsorum
1316 1422 1450 1476 lingna
1474 1420 1630 1474 Celtae,

152 1497 287 1530 nostra
311 1488 415 1530 Galli
438 1489 696 1543 appellantur.
741 1487 793 1527 Hi
817 1501 953 1527 omnes
976 1487 1132 1541 lingua,
1158 1488 1373 1537 institutis,
1399 1489 1552 1543 legibus
1574 1491 1634 1531 in-
1655 1496 1680 1532 2

152 1565 212 1598 ter
233 1572 276 1598 se
299 1558 497 1598 differunt.
553 1555 689 1597 Gallos
720 1556 765 1595 ab
788 1555 999 1608 Aquitanis
1023 1553 1225 1596 Garumna
1248 1556 1390 1597 flumen
1406 1589 1416 1608 ,
1451 1572 1471 1598 a
1494 1557 1633 1612 Belgis

152 1622 341 1664 Matrona
364 1632 403 1665 et
424 1622 609 1677 Sequana
633 1624 783 1663 diuidit.
828 1622 979 1661 Horum
1003 1623 1174 1663 omnium
1197 1625 1402 1665 fortissimi
1425 1633 1519 1665 sunt
1539 1623 1633 1666 Bel-
1656 1631 1680 1666 3

149 1705 238 1746 gae,
264 1699 469 1745 propterea
495 1692 595 1744 quod
619 1706 640 1731 a
664 1691 767 1731 cultu
793 1697 909 1742 atque
934 1691 1175 1731 humanitate
1198 1693 1429 1745 prouinciae
1450 1692 1634 1746 longissi—

148 1773 208 1800 me
230 1759 396 1809 absunt⁵
429 1759 667 1810 minimeque
702 1758 749 1798 ad
772 1771 840 1797 eos
863 1765 1106 1798 mercatores
1130 1773 1248 1812 saepe
1271 1766 1493 1800 commeant
1513 1768 1632 1813 atque

148 1840 210 1876 ea,
235 1840 334 1880 quae
356 1827 404 1867 ad
426 1826 706 1867 effeminandos
729 1825 882 1864 animos
902 1826 1116 1878 pertinent,
1141 1827 1360 1880 inportant,
1386 1827 1634 1881 proximique
1656 1833 1680 1869 4

147 1900 241 1933 sunt
262 1892 488 1943 Germanis,
514 1894 579 1946 qui
602 1900 711 1933 trans
734 1892 917 1933 Rhenum
940 1893 1146 1943 incolunt,
1173 1894 1402 1947 quibuscum
1426 1896 1634 1936 continen-

148 1967 209 2001 ter
228 1961 371 2002 bellum
393 1968 551 2015 gerunt.
597 1958 686 2013 Qua
709 1961 755 2001 de
778 1975 898 2001 causa
921 1959 1096 2001 Heluetii
1120 1976 1273 2015 quoque
1296 1963 1468 2016 reliquos
1492 1961 1629 2004 Gallos

150 2028 294 2068 uirtute
326 2030 588 2083 praecedunt,
623 2029 725 2082 quod
754 2029 835 2069 fere
869 2029 1075 2069 cotidianis
1106 2030 1267 2083 proeliis
1299 2045 1385 2070 cum
1416 2029 1629 2072 Germanis

235 2152 434 2176 scnirrvnAe
454 2154 704 2175 DiSCREPANTtA.
741 2142 864 2185 Incipit
881 2142 970 2175 liber
988 2142 1064 2175 Gaii
1083 2143 1244 2176 Caesaris
1264 2145 1347 2177 belli
1366 2145 1491 2178 Gallici
1511 2146 1633 2178 Iuliani

146 2194 186 2225 de
211 2196 408 2228 narratione
427 2200 614 2238 temporum
629 2220 637 2235 ‚
669 2198 743 2226 tum
760 2196 870 2226 rubro
891 2194 1015 2238 Incipit
1033 2196 1121 2228 liber
1139 2196 1294 2229 Suetonii
1313 2198 1367 2238 Ag
1388 2197 1536 2240 Incipiat
1554 2198 1634 2239 (sic)

145 2244 225 2276 libri
244 2244 320 2278 Gaii
338 2246 499 2278 Caesaris
519 2245 602 2277 belli
622 2244 747 2276 Gallici
765 2244 889 2277 Iuliani
909 2246 949 2278 de
969 2247 1167 2278 narratione
1186 2252 1375 2290 temporum
1393 2249 1444 2290 B3
1466 2249 1637 2292 Incipiunt

144 2295 224 2326 libri
243 2295 319 2328 Gaii
337 2296 497 2328 Caesaris
517 2296 599 2327 belli
620 2295 745 2328 Gallici
765 2295 843 2327 Iulii
863 2295 953 2328 Celsi
973 2297 1014 2328 de
1034 2298 1234 2330 narratione
1261 2303 1449 2341 temporum
1468 2300 1516 2341 E3
1548 2300 1635 2332 Inci-

146 2347 240 2389 piunt
256 2349 336 2381 libri
356 2348 432 2381 Gaii
456 2348 532 2380 Iulii
552 2347 712 2380 Caesaris
732 2347 815 2379 belli
835 2347 960 2380 Gallici
977 2349 1018 2380 de
1037 2350 1236 2381 narratione
1255 2355 1441 2393 temporum
1467 2362 1527 2383 ac.
1565 2352 1633 2384 ‘Dc

147 2398 343 2430 narratione
363 2403 549 2442 temporum
568 2400 633 2431 hoo
650 2409 738 2440 opus
757 2400 962 2431 inscribunt
978 2400 1010 2431 D
1023 2400 1067 2432 b’:
1086 2402 1365 2444 infinscrz'plz'o
1384 2403 1484 2435 nulla
1502 2407 1566 2435 est.
1592 2404 1633 2436 P.

147 2449 190 2481 34
206 2453 301 2482 eoetr.
415 2452 428 2484 l
451 2452 558 2483 omnis
578 2452 676 2493 ests.
796 2455 864 2482 tres
884 2456 1002 2493 partes
1015 2453 1091 2494 Ef,
1110 2453 1219 2495 partis
1239 2459 1309 2486 tres
1328 2466 1362 2496 a,
1382 2461 1498 2498 partes
1517 2457 1579 2489 tris
1600 2458 1631 2488 b.

286 2503 308 2537 2
338 2503 481 2535 alteram
514 2503 678 2546 Aquitani
709 2503 903 2534 Atmotnus
939 2504 980 2535 de
1004 2507 1098 2545 gest.
1122 2504 1254 2537 Franc.
1281 2508 1404 2549 praef.
1432 2517 1462 2538 c.
1490 2507 1512 2539 4
1538 2508 1637 2549 apud

148 2550 389 2594 Bouquetum,
419 2556 521 2586 cuius
550 2557 669 2586 tamen
697 2553 765 2585 duo
791 2553 893 2586 codd.
924 2554 1025 2586 aliam
1052 2558 1186 2587 tenent.
1329 2557 1348 2589 3
1375 2563 1495 2590 nostra
1520 2563 1631 2591 autern

147 2601 237 2634 Galli
256 2604 286 2635 b.
427 2606 474 2638 hii
499 2606 543 2638 E.
685 2606 706 2637 4
734 2604 897 2638 Garunna
924 2606 1032 2649 ΒΕΓ,
1063 2606 1234 2640 Garomna
1260 2609 1463 2643 Aimoinus.

147 2652 166 2683 7
192 2660 344 2686 comeant
357 2656 396 2697 f.
553 2658 574 2690 8
601 2658 778 2700 inportant
800 2657 966 2689 ABDE.
1116 2658 1134 2691 9
1162 2658 1289 2691 Renum
1306 2660 1418 2703 BEf.
1560 2664 1632 2705 qni-

147 2704 209 2736 hus
238 2716 311 2737 cum
337 2707 450 2740 deleto
483 2719 558 2741 oum
586 2712 623 2740 et
645 2709 766 2741 eodem
792 2712 874 2740 ante
901 2709 1024 2751 quibus
1049 2713 1298 2753 suprascripto
1319 2713 1372 2754 B,
1403 2723 1477 2746 cum
1506 2716 1627 2756 quibus

150 2757 347 2790 Aimoz'nus.
497 2762 538 2794 10
567 2761 711 2793 Heluitii
736 2762 769 2793 A
801 2771 951 2803 semper.
1102 2763 1140 2795 11
1169 2763 1294 2807 fores.
1445 2767 1630 2799 cotidianis

145 2809 218 2840 ΑΕ
234 2813 280 2850 et,
302 2810 510 2855 ubicumque
526 2813 620 2846 nihil
635 2816 880 2855 annotantem,
899 2814 953 2855 B,-
972 2815 1172 2848 cottidianis
1188 2817 1226 2859 f.
1375 2819 1517 2861 praeliis
1544 2823 1628 2852 ante

147 2871 239 2893 corr.
261 2862 300 2893 B.
