1835 3240
672 156 1096 202 *233--2

135 277 192 319 Ibi
214 289 297 316 cum
320 273 565 315 excidissent
587 280 626 315 et
645 273 685 313 in
707 273 885 328 margine
901 280 1035 313 essent
1051 273 1244 328 suppleta,
1270 287 1406 315 errore
1420 274 1622 329 superiore

135 347 221 386 loco
244 343 371 397 posita
392 349 509 392 sunt,
542 341 630 395 quia
646 372 656 391 ,
690 348 734 381 ut
755 342 880 381 altero
902 339 1023 381 uerba
1060 346 1070 366 ‘
1086 348 1124 381 et
1146 356 1233 381 cum
1256 342 1303 381 ad
1326 356 1394 383 eos
1418 344 1623 396 appropin-

134 408 321 465 quasset’,
345 410 400 450 ita
422 409 554 463 priore
580 414 679 448 ‘cum
702 409 1094 462 appropinquassent'
1117 409 1363 463 legebantur.

245 475 405 517 Initium
430 491 464 517 c.
493 477 545 516 12
567 476 623 516 sic
646 476 859 516 edebatur:
899 475 1093 516 ‘Postero
1125 476 1185 516 die
1220 489 1269 516 ex
1302 477 1459 531 legione
1482 489 1625 515 uerna-

135 547 219 588 cula
243 546 384 586 milites
409 552 501 585 sunt
524 544 625 597 capti
649 543 695 583 ab
719 544 914 596 equitibus
939 544 1083 584 nostris
1106 542 1160 593 Il,
1187 545 1250 597 qui
1274 546 1459 585 dixerunt
1480 557 1523 583 se
1545 557 1627 582 ser-

134 628 206 654 uos
230 627 333 653 esse.
379 610 478 653 Cum
504 612 701 660 uenirent,
728 612 875 665 cogniti
898 619 990 651 sunt
1012 625 1033 651 a
1056 612 1270 652 militibus:
1306 612 1369 665 qui
1402 617 1518 651 antea
1541 624 1626 649 cum

133 680 256 721 Fabio
280 688 318 720 et
338 679 461 720 Pedio
485 681 641 720 fuerant
679 686 719 718 et
748 693 770 720 a
793 679 997 719 Trebonio
1022 681 1348 734 transfugerant'.
1394 679 1469 719 Hic
1492 685 1627 719 extre-

133 764 195 790 ma
219 749 336 789 uerba
360 747 585 788 necessario
607 747 757 787 maiore
780 748 1032 787 distinetione
1055 763 1076 788 a
1106 748 1377 801 superioribus
1410 745 1628 800 separanda

133 825 239 868 sunt,
264 824 306 857 ut
318 817 415 865 seci,
443 815 536 856 etde
551 813 699 854 duobus
714 815 898 855 militibus
911 815 1077 869 legionis
1091 817 1329 856 uernaculae
1343 814 1625 868 intellegenda,

135 886 197 939 qui
221 899 243 925 a
266 882 518 925 Caesarianis
541 883 640 936 capti
665 890 792 922 erant.
836 882 940 923 Nam
963 885 1001 923 in
1026 881 1212 923 Caesaris
1237 885 1417 923 exercitu
1439 883 1492 933 ii,
1519 882 1584 935 qui
1606 896 1629 921 a

134 952 362 1002 Trebonio,
406 953 534 1004 legato
568 947 783 1000 Caesaris,
818 952 1139 1004 transfugerant,
1185 965 1272 991 esse
1314 965 1391 991 uon
1424 957 1626 1005 poterant.

132 1019 283 1061 Verum
306 1034 355 1060 ne
376 1019 441 1059 illa
464 1018 617 1072 quidem
640 1018 795 1059 ratione
819 1032 863 1058 ea
887 1019 1005 1059 uerba
1030 1019 1132 1059 tueri
1156 1020 1261 1059 licet.
1304 1018 1409 1059 Nam
1443 1033 1529 1058 cum
1553 1016 1630 1057 Fa—

133 1087 235 1128 bium
260 1094 298 1128 et
318 1086 484 1128 Pedium
507 1086 746 1139 aliquantum
769 1094 858 1140 post
878 1085 1121 1127 Trebonium
1145 1102 1163 1127 a
1182 1084 1359 1127 Caesare
1381 1087 1420 1126 in
1444 1085 1630 1138 Hispani-

133 1170 193 1196 am
216 1156 357 1196 missos
380 1169 467 1196 esse
491 1162 670 1205 constet,
706 1154 768 1207 qui
791 1169 812 1195 a
833 1153 1036 1195 Trebonio
1060 1156 1383 1209 transfugerant,
1418 1167 1629 1206 numquam

135 1238 221 1264 cum
251 1222 375 1264 Fabio
408 1230 447 1263 et
477 1222 600 1263 Pedio
633 1223 757 1263 fuisse
796 1230 973 1277 apertum
1004 1231 1088 1263 est:
1133 1230 1171 1263 et
1200 1230 1405 1276 utramque
1436 1222 1631 1275 legionem

135 1291 386 1331 uernaculam
410 1304 431 1329 a
454 1290 658 1330 Trebonio
681 1291 945 1344 transfugisse
968 1298 1108 1332 auctor
1130 1305 1164 1331 e.
1189 1290 1231 1340 7,
1257 1290 1283 1330 4
1305 1290 1465 1330 retulit:
1505 1293 1515 1312 ⁶
1534 1289 1632 1327 duae

137 1360 296 1398 suerunt
316 1358 571 1406 uernaculae,
597 1371 696 1410 quae
719 1371 741 1397 a
761 1357 963 1398 Trebonio
987 1358 1313 1412 transfugerant'.
1379 1355 1423 1397 Si
1445 1357 1486 1396 in
1509 1356 1634 1396 omni-

137 1426 209 1466 bus
232 1426 342 1465 codd.
370 1426 424 1465 ita
447 1425 634 1478 scriptum
657 1432 791 1473 esset,
824 1432 864 1465 ut
886 1440 1003 1478 supra
1027 1426 1162 1480 posui,
1188 1440 1266 1466 non
1289 1433 1422 1479 posset
1445 1424 1631 1471 dubitari,

140 1493 231 1545 quin
255 1493 372 1533 uerba
398 1498 433 1533 ‘a
446 1492 648 1532 Trebonio
671 1494 981 1546 transfugerant’
1006 1507 1057 1533 ex
1081 1494 1153 1534 hoc
1175 1494 1260 1547 ipso
1283 1494 1370 1533 loco
1393 1507 1429 1533 c.
1453 1491 1495 1542 7,
1522 1505 1634 1545 quem

137 1561 251 1600 modo
273 1561 454 1614 ascripsi,
478 1560 579 1600 male
601 1560 663 1599 hic
685 1561 794 1600 illata
818 1567 967 1600 essent.
1024 1558 1103 1601 Sed
1127 1575 1213 1600 cum
1236 1561 1277 1600 in
1298 1558 1416 1601 Leid.
1442 1575 1502 1614 pr.
1528 1560 1636 1614 lega-

137 1634 203 1667 tur
236 1632 301 1668 ‘et
331 1643 416 1667 cum
438 1626 640 1667 Trebonio
672 1627 1010 1680 transfugerant’,
1045 1628 1085 1667 in
1107 1626 1202 1667 Par.
1244 1642 1325 1668 sec.
1354 1633 1411 1668 ‘et
1432 1627 1637 1667 Trebonio

138 1695 465 1747 transfugerant⁷,
491 1695 623 1734 uerbis
648 1699 704 1734 ‘et
722 1694 940 1734 Trebonio'
962 1695 1130 1735 retentis
1154 1696 1278 1735 solum
1305 1693 1635 1748 ‘transfugerant'

138 1763 415 1816 interpolatum
438 1762 623 1802 indicaui.
677 1761 764 1802 Hoc
787 1763 941 1802 sublato
964 1763 1116 1803 minore
1139 1762 1395 1803 distinctione
1418 1770 1508 1816 post
1541 1769 1550 1786 ‘
1567 1762 1639 1801 min

139 1831 283 1870 litibus’
306 1831 434 1884 posita
456 1830 576 1870 uerba
607 1830 689 1882 ‘qui
713 1844 798 1869 cum
820 1828 946 1870 Fabio
970 1838 1009 1871 et
1030 1830 1154 1871 Pedio
1177 1832 1335 1871 fuerant
1358 1838 1396 1871 et
1418 1830 1637 1871 Trebonio'

139 1898 346 1938 referenda
370 1904 460 1937 sunt
481 1897 526 1937 ad
550 1898 771 1951 proximum
807 1897 1058 1938 ‘militibust
1104 1898 1209 1939 Nam
1233 1914 1317 1939 cum
1342 1914 1377 1939 c.
1402 1898 1445 1949 7,
1479 1898 1506 1939 4
1528 1899 1567 1938 h.
1593 1898 1639 1938 li-

141 1966 201 2005 bri
234 1972 390 2019 praeter
420 1966 515 2005 duas
548 1967 809 2015 uernaculas,
855 1980 1019 2022 quarum
1052 1967 1175 2007 altera
1208 1968 1434 2008 accuratius
1467 1967 1640 2008 secunda

141 2033 433 2087 appellabatur,
480 2034 611 2074 nullae
646 2035 822 2088 legiones
854 2048 876 2074 a
907 2032 1110 2074 Trebonio
1144 2036 1407 2087 transfugisse
1440 2036 1638 2084 dicantur,

141 2101 380 2141 tricesimam
402 2108 442 2141 et
462 2102 689 2143 uicesimam
715 2102 903 2157 primam,
938 2116 1039 2154 quae
1073 2109 1231 2155 praeter
1261 2103 1349 2142 illas
1381 2103 1419 2142 in
1450 2103 1641 2143 ulteriore

141 2168 341 2222 prouincia
363 2169 520 2209 fuerunt
542 2170 600 2223 (b.
625 2170 749 2211 Alex.
775 2168 844 2219 53,
869 2167 920 2209 6:
955 2183 1042 2209 nam
1067 2169 1242 2223 quintam
1268 2168 1421 2211 Caesar
1443 2184 1577 2210 secum
1598 2170 1639 2212 in

139 2235 315 2276 Africam
330 2237 512 2287 duxerat,
527 2238 607 2278 uid.
625 2238 710 2278 bar.
727 2252 791 2290 qu.
806 2252 843 2291 p.
859 2236 942 2278 218
956 2239 1081 2290 sqq),
1106 2237 1147 2277 in
1161 2238 1233 2277 fide
1246 2238 1444 2278 mansisse
1458 2245 1636 2291 apparet.

140 2302 225 2344 Eae
245 2304 367 2357 igitur
397 2312 533 2358 postea
564 2306 604 2346 in
626 2304 739 2346 Pedii
770 2319 922 2359 quoque
955 2312 993 2345 et
1024 2303 1138 2345 Fabii
1171 2307 1352 2346 exercitu
1384 2307 1568 2346 fuerant:
1602 2313 1643 2346 et

142 2372 329 2412 militibus
359 2386 493 2413 earum
524 2374 749 2427 legionum,
782 2387 867 2414 cum
892 2371 943 2425 Q.
970 2370 1114 2413 Cassio
1136 2371 1323 2428 Longino
1354 2388 1423 2428 pro
1453 2380 1641 2427 praetore

143 2440 369 2480 ulteriorem
392 2439 624 2494 Hispaniam
656 2441 860 2482 obtinente
889 2455 967 2481 una
1000 2455 1087 2481 cum
1117 2442 1342 2482 uernaculis
1385 2442 1637 2490 meruissent,

144 2508 440 2549 uernacularum
463 2509 662 2562 legionum
685 2510 829 2550 milites
852 2509 934 2549 noti
958 2516 1085 2549 erant.

256 2574 405 2616 Eodem
437 2577 563 2630 capite
595 2578 686 2618 inde
718 2591 739 2617 a
764 2579 801 2631 ξ.
827 2577 850 2616 5
875 2577 971 2617 baec
993 2578 1202 2629 leguntur:
1241 2575 1479 2617 ‘Praeterito
1510 2576 1638 2616 noctis

148 2647 321 2694 tempore
343 2644 587 2697 eruptionem
619 2646 667 2685 ad
687 2645 884 2699 legionem
908 2643 964 2686 Vl
987 2646 1191 2694 fecerunt,
1226 2659 1312 2684 cum
1344 2645 1385 2685 in
1418 2658 1536 2698 opere
1568 2658 1639 2683 no-

148 2708 220 2747 stri
252 2709 410 2750 distenti
442 2720 600 2763 essent,
641 2714 865 2767 acriterque
896 2727 1071 2768 pugnare
1102 2720 1342 2767 coeperunt:
1380 2726 1542 2765 quorum
1575 2711 1637 2751 uis

147 2789 328 2829 repressa
357 2791 380 2817 a
408 2781 577 2829 nostris,
623 2782 698 2822 etsi
730 2781 908 2836 oppidani
940 2782 1145 2836 superiore
1176 2782 1264 2821 loco
1304 2779 1630 2820 defendebantur.

148 2841 198 2883 Hi
222 2858 306 2883 cum
329 2847 573 2899 eruptionem
594 2850 724 2891 facere
747 2849 994 2904 coepissent,
1028 2856 1159 2890 tamen
1191 2849 1338 2890 uirtute
1369 2847 1535 2888 militum
1564 2858 1636 2884 no-
