1835 3240
102 196 184 238 59ss
666 192 739 234 DE
772 190 960 233 BELLO
994 190 1171 234 CIVILI

133 309 157 349 3
180 310 253 349 mis
286 307 427 348 eastris
451 304 640 347 Caesaris
672 305 852 345 aberant.
896 303 1046 345 Eodem
1070 319 1193 346 naues
1210 337 1220 356 ,
1256 320 1350 359 quas
1373 307 1658 348 demonstraui-

178 390 264 416 mus
294 388 439 430 aggere
469 382 507 413 et
536 373 634 413 leuis
665 379 887 412 armaturae
920 373 1103 413 militibus
1136 375 1372 427 completas,
1409 389 1579 428 quasque
1611 375 1657 415 ad

178 443 465 498 Dyrrhachium
490 454 610 481 naues
634 440 772 492 longas
797 440 963 480 habebat
979 471 988 489 ,
1013 441 1132 480 mittit
1154 447 1217 490 et,
1243 442 1332 494 quid
1354 456 1375 481 a
1398 457 1549 495 quoque
1572 443 1654 482 fieri

130 512 155 552 4
179 511 294 561 uelit,
330 509 534 563 praecipit.
578 508 639 547 Ad
673 521 740 547 eas
773 508 1008 547 munitiones
1041 505 1194 548 Caesar
1223 506 1433 548 Lentulum
1457 509 1658 550 Marcelli-

178 594 268 619 num
302 583 547 629 quaestorem
579 589 665 615 cum
688 575 843 628 legione
866 582 958 615 Vllll
981 576 1146 629 positum
1171 575 1349 615 habebat.
1394 575 1520 626 Huic,
1556 577 1654 630 quod

178 645 399 686 ualetudine
431 644 556 683 minus
585 643 786 683 commoda
810 643 1013 694 utebatur,
1046 642 1231 684 Fuluium
1252 642 1484 683 Postumum
1509 644 1658 685 adiuto-

102 715 157 759 63
177 727 257 754 rem
289 711 553 753 summiserat.
597 709 699 750 Erat
728 724 773 750 eo
804 711 890 751 loco
920 713 1025 751 fossa
1048 713 1185 765 pedum
1208 717 1271 751 XV
1294 718 1333 750 et
1355 711 1495 751 uallum
1521 719 1657 752 contra

177 782 326 822 hostem
349 779 389 819 in
411 779 654 819 altitudinem
678 779 815 832 pedum
838 786 894 829 X,
927 780 1230 832 tantundemque
1254 779 1336 819 eius
1360 779 1453 819 ualli
1475 793 1597 832 agger
1618 779 1658 818 in

130 852 156 891 2
179 847 423 889 latitudinem
446 846 629 900 patebat:
668 847 714 886 ab
738 861 784 887 eo
807 847 1034 887 intermisso
1057 847 1183 900 spatio
1206 847 1343 901 pedum
1367 854 1422 886 DC
1445 847 1546 887 alter
1567 861 1657 886 con-

176 929 316 957 uersus
338 916 377 955 in
394 915 632 955 contrariam
654 922 804 968 partem
823 922 908 955 erat
925 915 1051 955 uallus
1072 915 1277 955 humiliore
1293 915 1407 968 paulo
1425 914 1658 955 munitione.

129 984 153 1024 3
175 983 262 1025 Hoc
294 984 396 1023 enim
429 983 698 1037 superioribus
728 983 864 1023 diebus
888 983 1030 1023 timens
1054 980 1234 1031 Caesar,
1268 996 1318 1022 ue
1342 983 1510 1022 nauibus
1532 983 1659 1022 nostri

174 1051 584 1101 circumuenirentur,
609 1051 798 1105 duplicem
823 1065 868 1091 eo
891 1051 978 1092 loco
1002 1052 1153 1092 fecerat
1174 1050 1334 1099 uallum,
1361 1057 1417 1099 ut,
1445 1051 1477 1090 si
1500 1050 1658 1104 ancipiti

127 1121 152 1160 4
175 1120 325 1175 proelio
349 1120 615 1167 dimicaretur,
635 1127 769 1173 posset
789 1119 937 1160 resisti.
974 1118 1053 1160 Sed
1077 1132 1235 1172 operum
1259 1117 1487 1170 magnitudo
1510 1125 1549 1158 et
1566 1132 1658 1158 con·

175 1189 306 1229 tinens
330 1188 501 1228 omnium
525 1187 672 1226 dierum
695 1187 821 1236 labor,
846 1187 944 1240 quod
967 1187 1070 1226 milia
1094 1200 1280 1240 passuum
1302 1186 1341 1225 in
1365 1186 1531 1226 circuitu
1555 1186 1655 1239 [mu-

128 1257 152 1297 5
176 1256 365 1309 nitioues]
386 1262 481 1294 xvll
501 1261 586 1294 erat
608 1255 854 1308 complexus,
879 1254 1105 1308 perficiendi
1128 1254 1294 1307 spatium
1317 1267 1396 1293 non
1418 1253 1547 1293 dabat.
1583 1252 1658 1293 lta-

1694 922 1734 954 10

176 1337 251 1376 que
284 1330 419 1363 contra
452 1335 559 1361 mare
590 1328 865 1362 transuersum
897 1322 1067 1372 uallum,
1103 1321 1167 1374 qui
1199 1322 1267 1362 bas
1303 1322 1397 1361 duas
1420 1321 1656 1361 munitiones
1698 1342 1704 1343 ff

176 1391 451 1444 coniungeret,
468 1390 637 1429 nondum
662 1391 897 1444 perfecerat.
931 1387 1046 1441 Quae
1068 1403 1133 1431 res
1156 1397 1249 1430 nota
1271 1388 1572 1443 eratPompei0‚
1593 1389 1659 1429 de-

175 1461 254 1500 lata
278 1473 347 1513 per
361 1458 600 1511 Allobrogas
623 1459 824 1512 perfugas,
849 1472 1108 1512 magnumque
1132 1458 1278 1498 nostris
1301 1458 1490 1498 attulerat
1510 1456 1658 1497 incom-

126 1528 153 1570 6
175 1528 343 1568 modum.
388 1525 492 1566 Nam
527 1533 568 1566 ut
589 1527 635 1566 ad
668 1539 775 1567 mare
807 1533 967 1567 nostrae
989 1526 1175 1567 cohortes
1199 1539 1326 1566 nonae
1347 1525 1514 1579 legionis
1537 1538 1658 1565 excu-

173 1597 355 1644 buerant,
377 1607 583 1635 accessere
607 1594 736 1634 subito
760 1595 884 1648 prima
906 1595 990 1634 luce
1012 1593 1243 1647 Pompeiani
1268 1594 1490 1647 [exercitus
1513 1593 1658 1634 aduen-

174 1673 237 1705 tus
261 1664 440 1718 extitit]3
480 1663 597 1703 simul
620 1663 785 1703 nauibus
809 1662 1061 1703 circumuecti
1085 1661 1227 1702 milites
1249 1661 1289 1701 in
1312 1661 1552 1702 exteriorem
1574 1660 1657 1700 ual—

172 1735 248 1774 lum
275 1732 357 1772 'tela
387 1731 604 1778 iaciebant,
638 1732 843 1783 fossaeque
865 1744 1013 1784 aggere
1036 1729 1355 1782 complebantur,
1390 1736 1427 1769 et
1449 1728 1656 1781 legionarii

172 1800 374 1841 interioris
404 1798 631 1838 munitionis
655 1799 884 1838 defensores
908 1798 1024 1838 scalis
1047 1797 1213 1837 admotis
1237 1797 1446 1837 tormentis
1470 1796 1655 1848 cuiusque

171 1868 330 1923 generis
363 1867 525 1919 telisque
557 1865 780 1915 terrebant,
815 1879 1034 1919 magnaque
1066 1864 1269 1905 multitudo
1292 1864 1585 1917 sagittariorum
1608 1862 1654 1903 ab

123 1938 147 1978 7
173 1944 336 1989 utraque
369 1942 479 1989 parte
506 1934 907 1974 circumfundebatur.
952 1932 1120 1973 Multum
1144 1939 1274 1972 autem
1301 1932 1347 1971 ab
1370 1932 1448 1971 ictu
1469 1930 1655 1985 lapidum,

171 2004 269 2058 quod
301 2017 420 2043 unum
452 2002 600 2042 nostris
624 2009 705 2042 erat
730 2003 873 2052 telum,
908 2001 1078 2041 uiminea
1102 2001 1315 2054 tegimenta
1337 1999 1460 2054 galeis
1482 1998 1656 2053 inposita

122 2074 148 2115 ὃ
170 2072 446 2114 defendebant.
481 2068 618 2125 Itaque
641 2084 727 2111 cum
751 2069 930 2110 omnibus
953 2069 1070 2110 rebus
1094 2069 1218 2110 nostri
1242 2074 1517 2123 premerentur
1537 2073 1654 2119 atque

310 2229 329 2260 3
350 2237 366 2260 a
387 2226 532 2270 quoqne]
552 2232 652 2269 atque
674 2227 704 2258 b.
870 2228 888 2259 4
909 2225 1017 2258 uellet
1037 2226 1067 2257 b.
1248 2222 1424 2266 praecepit
1442 2232 1462 2253 ιι
1477 2221 1508 2253 b.

166 2279 366 2313 Marcellum
385 2289 406 2311 α
422 2280 439 2311 b
452 2290 481 2310 ο.
675 2279 692 2310 5
714 2277 867 2319 legiones
885 2288 918 2318 α,
938 2277 1130 2318 legionibus
1151 2277 1181 2308 b.
1370 2272 1601 2316 praepositum
1620 2281 1650 2302 ο.

310 2332 328 2363 6
347 2330 538 2362 ualitudine
557 2340 590 2361 α.
731 2329 924 2361 Postumum
941 2340 975 2370 a,
997 2327 1218 2361 ‘Postumium
1237 2328 1296 2360 vel
1313 2325 1545 2359 Postbumium
1564 2333 1647 2355 mss.

166 2386 202 2413 et
218 2381 296 2413 edd.
315 2381 410 2422 qdd?
547 2381 565 2412 7
587 2381 806 2412 summiserat
824 2390 857 2420 a,
879 2391 947 2412 non
967 2379 1074 2411 subm.
1233 2379 1338 2421 pedes
1357 2388 1377 2409 a
1390 2378 1420 2408 b.
1577 2374 1652 2406 ual-

165 2436 233 2466 lum
252 2445 272 2465 a
287 2434 348 2474 bd,
370 2433 482 2465 uallus
503 2433 619 2464 Aldus
636 2443 672 2464 u.
836 2432 856 2464 8
876 2431 1152 2474 tantumdemque
1171 2431 1233 2471 (a).
1396 2429 1414 2460 9
1435 2427 1651 2459 altitudinem

167 2487 198 2517 b.
410 2485 449 2517 10
471 2485 642 2526 paululum
664 2485 695 2516 b.
911 2485 943 2516 11
968 2485 1095 2515 nostris
1114 2494 1148 2515 α.
1367 2480 1496 2513 1411111.
1519 2489 1610 2522 pass.
1631 2489 1651 2510 a

169 2540 264 2570 ίηιεε.
286 2536 485 2569 nonnulli'.
665 2536 871 2568 munitiones
890 2547 960 2568 xvi1
981 2540 1078 2567 ‘mss.
1097 2532 1283 2577 plerique',
1303 2542 1372 2563 xvn
1392 2532 1597 2563 munitiones
1617 2541 1650 2570 α,

166 2601 238 2623 xvn
255 2590 444 2621 munitione
466 2588 633 2620 Clark-ius
653 2600 674 2620 u
687 2602 697 2620 .-
719 2599 827 2620 uncos
848 2588 1094 2629 Oudendorp&
1110 2596 1218 2618 suasu
1234 2587 1353 2627 posui.
1512 2584 1552 2616 17
1571 2593 1652 2615 con-

167 2642 326 2681 iungeret
346 2640 571 2679 ciacconius,
595 2640 811 2679 contingeret
830 2639 930 2671 codd.
1108 2637 1149 2670 18
1166 2636 1369 2676 Allobrogas
1389 2646 1409 2666 α
1422 2645 1450 2675 c,
1472 2644 1539 2666 non
1559 2634 1652 2666 Allo-

167 2695 305 2734 broges.
446 2691 613 2722 attulerat
631 2701 650 2721 a
666 2691 696 2730 b,
718 2691 835 2722 attulit
852 2702 888 2722 u.
1033 2689 1072 2721 19
1094 2686 1246 2729 nostrae]
1268 2698 1286 2718 n
1307 2698 1336 2719 e.
1478 2695 1586 2717 nonae
1604 2684 1651 2715 le-

169 2745 286 2785 giones
308 2743 337 2783 b,
360 2752 446 2773 nona
467 2742 621 2782 legiones
640 2752 674 2772 α.
817 2741 1075 2772 excubauerant
1095 2740 1126 2770 b.
1273 2739 1316 2770 ‘20
1333 2737 1506 2768 exereitus
1526 2736 1652 2767 aduen-

166 2802 221 2827 tus
240 2794 375 2826 exstitit
393 2803 413 2824 α
426 2793 503 2824 bd3
520 2792 596 2823 dett·
614 2816 623 2832 ,
643 2791 816 2822 exercitus
830 2801 1003 2833 nouusque
1018 2800 1132 2822 eorum
1146 2789 1314 2821 aduentus
1328 2788 1463 2820 exstitit
1481 2798 1502 2818 u
1515 2799 1526 2818 :
1544 2796 1652 2818 unco-5·

169 2859 231 2890 ego
252 2845 482 2878 circumdedi.
504 2845 544 2876 P.
569 2845 627 2877 174
650 2844 781 2885 (extitit
800 2844 848 2881 a).
989 2843 1026 2876 21
1051 2842 1167 2882 simul]
1187 2852 1229 2873 ex
1242 2851 1362 2873 errore
1373 2839 1455 2871 add.
1470 2849 1505 2871 u.

167 2899 208 2934 23
228 2897 430 2929 munitiones
450 2908 482 2928 ιι.
623 2895 663 2929 26
685 2894 829 2936 inposita
849 2904 880 2925 a.

1689 1599 1732 1633 20

1688 1937 1730 1971 25
