1835 3240
86 894 124 926 to

84 1234 123 1266 15

82 1572 124 1606 20

83 1913 101 1947 ἰθ

108 1914 125 1945 cv

619 160 802 205 COMM.
825 160 845 203 l
866 158 990 203 CAP.
1013 159 1188 203 8—12.
1632 162 1715 206 499

158 279 237 322 Sed
258 286 388 319 tamen
418 276 465 317 ad
487 276 617 316 omnia
645 289 688 317 se
710 276 949 317 descendere
971 281 1150 331 paratum
1172 281 1288 327 atque
1310 274 1440 314 omnia
1461 277 1538 327 pati
1559 277 1636 317 rei·
1659 276 1684 317 5

158 347 334 402 publicae
355 358 489 385 causa.
534 343 817 385 proficiscatur
838 344 1047 399 Pompeius
1080 343 1120 383 in
1151 356 1243 383 suas
1275 342 1526 395 prouincias,
1564 344 1640 397 ipsi

159 414 360 455 exercitus
384 413 605 462 dimittant,
641 414 843 454 discedant
864 414 905 453 in
926 411 1040 453 ltalia
1061 424 1198 451 omnes
1221 410 1267 450 ab
1291 409 1410 450 armis
1427 441 1436 459 ‚
1471 418 1596 451 metus
1620 426 1640 452 6

157 481 315 521 ciuitate
338 482 518 531 tollatur,
544 481 668 521 libera
690 481 845 521 comitia
870 488 985 534 atque
1008 480 1135 520 omnis
1156 477 1377 533 respublica
1398 478 1553 518 senatui
1576 493 1642 531 po-

160 550 325 602 puloque
349 549 525 589 Romano
549 549 812 602 permittatur.
855 548 966 589 Haec
989 563 1064 601 quo
1093 547 1248 588 facilius
1279 546 1478 599 certisque
1508 547 1643 586 condi·
1663 547 1690 588 6

158 617 337 658 cionibus
362 619 453 657 liant
477 625 515 657 et
536 618 791 657 iureiurando
816 618 1071 665 sanciantur,
1106 623 1173 656 aut
1194 615 1277 668 ipse
1300 614 1458 668 propius
1480 615 1644 654 accedat

157 692 224 725 aut
245 700 288 725 se
310 685 479 739 patiatur
500 685 715 725 accedere:
742 686 841 735 fore,
866 685 922 725 uti
945 699 1015 738 per
1035 683 1228 736 colloquia
1251 696 1386 722 omnes
1409 689 1641 723 controuer-

155 753 238 793 siae
261 761 559 807 componantur.
603 752 789 807 Acceptis
813 753 1005 793 mandatis
1028 750 1201 791 Roscius
1224 765 1246 790 a
1269 748 1445 791 Caesare
1467 748 1642 804 Capuam
1664 750 1719 795 10

157 822 338 873 peruenit
360 821 487 874 ibique
511 821 692 861 consules
714 820 1021 874 Pompeiumque
1042 818 1220 859 inuenit:
1246 819 1442 872 postulata
1455 816 1642 859 Caesaris

155 890 371 929 renuntiat.
410 889 466 928 llli
490 889 705 929 deliberata
725 904 771 929 re
793 889 1037 944 respondent
1058 888 1281 940 scriptaque
1303 887 1351 926 ad
1374 901 1459 926 eum
1483 887 1642 927 manda—
1664 887 1692 927 2

157 963 196 995 ta
218 957 447 1006 remittunt3
473 971 638 1009 quorum
663 957 758 997 haee
783 964 868 997 erat
888 970 1061 997 summa:
1089 952 1242 995 Caesar
1262 955 1302 994 in
1315 952 1484 994 Galliam
1506 968 1643 995 reuer-
1665 954 1689 994 3

159 1030 320 1071 teretur,
347 1025 525 1064 Arimino
549 1026 779 1073 excederet,
804 1025 1002 1065 exercitus
1026 1024 1264 1072 dimitteret3
1291 1035 1389 1074 quae
1412 1021 1444 1062 si
1467 1023 1642 1073 fecisset,

154 1089 384 1145 Pompeium
416 1093 456 1132 in
488 1092 701 1147 Hispanias
732 1093 894 1132 iturum.
939 1090 1125 1141 Interea,
1161 1091 1288 1144 quoad
1310 1090 1404 1130 fides
1428 1097 1534 1130 esset
1555 1090 1645 1130 data
1665 1089 1693 1130 4

158 1156 373 1200 Caesarem
396 1162 604 1211 facturum,
629 1175 727 1214 quae
751 1161 1016 1214 polliceretur,
1041 1173 1119 1199 non
1141 1159 1438 1199 intermissuros
1462 1158 1645 1198 consules

156 1225 460 1280 Pompeiumque
484 1229 676 1270 delectus.
720 1229 824 1269 Erat
844 1229 979 1281 iniqua
1001 1227 1179 1267 condicio
1203 1226 1416 1280 postulare,
1443 1222 1651 1267 utCaesar
1670 1226 1720 1270 11

157 1294 340 1335 Arimino
354 1297 568 1336 excederet
589 1304 705 1349 atque
727 1298 766 1336 in
790 1297 1032 1351 prouinciam
1047 1301 1335 1342 reuerteretur‚
1360 1294 1486 1348 ipsum
1499 1301 1538 1335 et
1557 1309 1646 1349 pro-

159 1363 310 1402 uincias
343 1371 382 1403 et
412 1364 588 1417 legiones
620 1365 767 1405 alienas
800 1373 962 1415 tenere,
997 1363 1217 1405 exereitum
1243 1360 1433 1403 Caesaris
1463 1363 1566 1403 uelle
1589 1363 1645 1403 di-

158 1431 280 1479 mitti,
316 1432 490 1472 delectus
523 1433 692 1483 habere3
728 1433 905 1487 polliceri
927 1447 970 1473 se
992 1433 1031 1473 iu
1054 1431 1297 1485 prouinciam
1327 1431 1470 1471 iturum
1501 1444 1642 1484 neque,
1667 1430 1694 1471 2

157 1506 248 1538 ante
271 1513 383 1554 quem
407 1501 506 1540 diem
530 1502 655 1541 iturus
678 1502 753 1551 sit,
781 1502 941 1541 definire
958 1532 968 1550 ,
994 1508 1050 1550 ut,
1076 1500 1109 1540 si
1131 1506 1290 1553 peracto
1314 1499 1520 1539 consulatu
1544 1496 1647 1540 Cae-

158 1567 257 1606 saris
281 1582 359 1607 non
382 1569 581 1621 profectus
604 1575 734 1618 esset,
770 1570 875 1609 nulla
905 1576 1037 1608 tamen
1069 1567 1263 1608 mendacii
1286 1566 1479 1620 religione
1502 1567 1647 1607 obstri-

157 1642 241 1674 ctus
265 1635 489 1676 uideretur:
515 1644 665 1690 tempus
688 1651 785 1677 uero
809 1637 1001 1689 colloquio
1025 1650 1103 1676 non
1126 1636 1220 1676 dare
1243 1649 1366 1688 neque
1391 1649 1645 1676 accessurum
1668 1633 1694 1675 3

157 1702 333 1756 polliceri
355 1718 537 1757 magnam
569 1706 677 1758 pacis
701 1706 1014 1758 desperationem
1037 1703 1253 1744 adferebat.
1318 1700 1455 1755 Itaque
1485 1703 1532 1743 ab
1554 1702 1648 1743 Ari·
1669 1703 1697 1743 4

156 1771 260 1810 mino
282 1770 342 1811 M.
368 1772 585 1812 Antonium
622 1787 707 1813 cum
732 1774 959 1813 cohortibus
980 1779 1010 1813 V
1032 1772 1240 1812 Arretium
1271 1770 1415 1821 mittit;
1449 1770 1532 1825 ipsc
1554 1770 1648 1811 Ari-

158 1839 251 1878 mini
275 1854 361 1879 cum
384 1840 533 1881 duabus
557 1842 816 1896 [legionibus]
841 1841 1020 1881 subsistit
1041 1841 1171 1894 ibique
1204 1839 1399 1880 delectum
1422 1839 1566 1880 habere
1588 1839 1648 1879 in-

158 1907 308 1957 stituit3
334 1906 542 1949 Pisaurum
560 1940 570 1959 ,
595 1908 764 1960 Fanum,
790 1909 998 1950 Anconam
1021 1909 1189 1964 singulis
1212 1907 1441 1948 cohortibus
1465 1914 1645 1961 occupat.

158 1972 315 2015 Interea
346 1977 494 2016 certior
525 1978 651 2018 factus
674 1977 857 2032 Iguuium
881 1977 1097 2018 Thermum
1130 1984 1351 2031 praetorem
1375 1975 1601 2016 cohortibus
1623 1980 1653 2015 V
1675 1974 1725 2020 12

161 2049 319 2093 tenere,
356 2044 534 2098 oppidum
564 2047 743 2097 munire,
777 2047 1025 2099 omniumque
1058 2059 1145 2086 esse
1175 2043 1430 2099 Iguuinorum
1464 2043 1650 2097 optimam

159 2124 251 2163 erga
273 2125 317 2153 se
339 2113 599 2163 uoluntatem,
620 2112 836 2156 Curionem
858 2130 945 2156 eum
969 2114 1092 2155 tribus
1115 2112 1359 2163 cohortibus,
1383 2125 1479 2165 quas
1489 2109 1650 2152 Pisauri

160 2323 162 2325 ι
284 2321 288 2325 ὁ
305 2283 317 2316 1
341 2289 443 2326 atque
462 2276 629 2318 ——causa
649 2297 718 2318 om.
742 2288 771 2319 b.
930 2287 952 2321 2
970 2285 1199 2329 proficiscitur
1216 2295 1262 2316 m.
1278 2293 1337 2326 pr.
1357 2284 1394 2317 a.
1425 2326 1427 2328 v
1547 2283 1568 2315 4
1586 2283 1650 2315 tol-
1671 2289 1674 2291 ’

159 2330 275 2365 l'a‘ntur
295 2334 337 2366 b.·
370 2330 374 2332 ’
466 2337 484 2368 5
504 2338 757 2370 conditionibus
777 2338 842 2380 (a).
985 2339 1003 2370 6
1023 2337 1216 2369 sanctiatur
1233 2347 1266 2369 α.
1386 2338 1387 2345 ’
1423 2329 1444 2367 8
1462 2344 1480 2367 a
1499 2334 1648 2369 Caesare

162 2384 209 2414 ab
223 2384 282 2425 cd,
304 2396 378 2418 cum
397 2386 437 2418 L.
460 2387 611 2421 Caesare
631 2400 664 2421 u.
687 2391 725 2422 P.
751 2391 827 2423 134.
1039 2389 1079 2421 10
1099 2400 1135 2421 re
1156 2388 1342 2430 suppleuit
1362 2387 1555 2429 Gruterus,
1577 2398 1645 2420 om.

164 2436 264 2469 codd.
418 2440 455 2472 11
477 2442 658 2474 remittunt
676 2453 752 2484 egO,
773 2442 977 2485 permittunt
993 2452 1014 2473 α
1029 2442 1045 2473 la
1058 2452 1095 2482 c,-
1116 2451 1176 2484 per
1193 2451 1251 2472 eos
1271 2439 1449 2471 remittunt
1467 2449 1502 2470 u.

168 2488 205 2520 15
226 2489 369 2522 dilectus
388 2502 420 2532 α,
443 2493 606 2525 dilectum
628 2495 659 2526 b.
823 2494 974 2526 conditio
994 2493 1058 2536 (a).
1214 2494 1252 2526 16
1272 2493 1379 2535 ipsum
1399 2493 1431 2524 in
1451 2492 1649 2535 prouincias

164 2550 210 2570 m.
226 2550 284 2580 P7'·
307 2552 340 2573 tl·
482 2546 522 2578 18
542 2546 690 2578 dilectus
709 2557 729 2577 α
743 2547 774 2578 b.
919 2547 957 2579 19
978 2546 1157 2578 consulatu
1177 2545 1337 2577 Caesaris
1359 2548 1453 2577 ίηιεες.
1472 2546 1650 2588 plerique‘

168 2593 212 2629 ef>
234 2593 297 2631 ‘lm‘
313 2591 421 2634 cons,
441 2605 483 2635 ας
505 2596 665 2629 Caesaris
685 2599 865 2630 consulatu
884 2608 919 2630 u.
1106 2599 1148 2630 20
1170 2607 1231 2628 non
1252 2595 1427 2639 profectus
1447 2603 1540 2629 esset
1558 2608 1646 2639 ego,-

168 2641 260 2672 cons.
280 2641 453 2683 profectus
473 2652 566 2679 esset
583 2658 603 2679 a
622 2649 666 2687 (is
685 2648 812 2689 praef.)
832 2648 871 2688 d,
893 2646 986 2681 cons.
1009 2647 1183 2690 profectus
1203 2658 1267 2679 non
1288 2652 1381 2678 esset
1403 2647 1444 2686 b‚·
1470 2645 1646 2689 Pompeius

167 2692 339 2733 profectus
362 2704 424 2725 non
445 2704 536 2729 esset
555 2709 589 2729 u.
609 2699 649 2730 P.
672 2700 749 2731 135.
912 2700 955 2731 22
974 2699 1155 2731 adferebat
1174 2709 1207 2730 α.
1395 2698 1437 2731 24
1457 2697 1647 2738 legionibus

167 2744 353 2776 delendum
372 2746 468 2777 uidit
482 2747 669 2781 Davisius.
813 2750 975 2782 dilectum
994 2762 1015 2782 α.
1028 2751 1057 2782 b.
1215 2751 1257 2784 25
1278 2748 1432 2781 Pisarum
1452 2752 1534 2780 ante
1553 2759 1646 2781 corr.

167 2806 200 2827 α.
342 2796 383 2832 26
403 2796 552 2838 Iguuium
571 2804 607 2832 ec
625 2801 665 2833 27
685 2800 902 2843 lguuinorum
922 2805 957 2833 et
975 2802 1051 2842 500,
1072 2802 1092 2834 4
1111 2800 1265 2842 Iguuium
1277 2800 1392 2832 Aldus
1410 2810 1530 2841 nepoti,
1546 2799 1648 2841 Tigu-

170 2848 236 2880 ium
256 2851 292 2880 et
310 2846 531 2889 Tiguinorum
549 2853 587 2882 et
601 2849 737 2892 Tigium
755 2851 877 2884 abed.
1014 2852 1058 2888 28
1077 2850 1292 2894 cohortibus]
1312 2850 1502 2891 legionibus
1523 2851 1555 2884 b.

1337 2904 1419 2945 32*
