1835 3240
94 887 134 921 10

97 1225 136 1258 15

575 149 758 194 COMM.
782 147 821 191 II
844 146 968 191 CAP.
991 145 1198 190 28—31.
1632 139 1714 184 553

157 269 334 313 aduersis
356 265 533 322 partibus
556 266 765 307 coniuncta
788 266 833 319 (ἧ-
848 277 974 318 neque
1006 261 1107 303 enim
1131 273 1185 300 ex
1213 257 1364 300 Marsis
1386 258 1639 311 Pelignisque

162 337 386 385 ueniebant,
411 342 452 375 ut
474 335 536 387 qui
559 334 761 388 superiore
783 340 899 373 nocte
911 360 1058 373 ......
1083 330 1123 370 in
1146 326 1418 369 contuberniis
1439 326 1640 378 †commi-

163 406 330 457 litesque
362 403 538 443 nonnulli
567 403 754 457 grauiora
767 430 917 441 ......
943 410 1148 439 sermones
1179 395 1344 436 militum
1382 393 1486 433 dubii
1510 393 1642 433 durius

162 471 470 525 accipiebantur,
496 471 672 511 nonnulli
695 470 811 510 etiam
834 468 880 508 ab
903 468 950 507 iis
967 499 976 517 ,
1012 466 1075 519 qni
1098 463 1366 517 diligentiores
1388 461 1513 501 uideri
1538 461 1644 500 uole-

163 541 276 589 bant,
300 539 565 592 fingebantur.
599 537 750 590 Quibus
772 537 818 576 de
841 535 969 576 causis
993 533 1158 574 consilio
1180 537 1319 571 uocato
1342 530 1389 570 de
1411 542 1559 568 summa
1579 541 1643 567 re·
1660 526 1719 570 30

161 622 248 648 rum
272 607 490 647 deliberare
511 606 661 659 incipit.
695 604 825 645 Erant
846 603 1082 648 sententiae,
1107 614 1205 654 qnae
1228 599 1444 639 conandum
1468 595 1648 637 omnibus

161 676 286 716 modis
319 682 527 727 castraque
549 672 646 715 Vari
677 671 934 726 oppugnanda
959 675 1194 718 censerent,
1230 667 1330 720 quod
1359 668 1399 706 in
1429 663 1649 705 huiusmodi

165 744 331 784 militum
363 742 538 782 consiliis
571 741 690 781 otium
724 740 895 780 maxime
929 737 1170 778 contrarium
1204 749 1292 775 esse
1333 734 1647 774 arbitrarentur:

165 820 363 866 postremo
395 816 597 865 praestare
619 808 802 848 dicebant
823 820 891 861 per
911 806 1098 846 uirtutem
1130 804 1169 843 in
1191 817 1317 857 pugna
1340 802 1430 842 belli
1453 803 1651 841 fortunam
1672 797 1699 838 2

168 880 359 934 experiri,
386 892 498 931 quam
521 878 700 918 desertos
723 883 762 917 et
784 875 1074 916 circumuentos
1097 871 1144 911 ab
1167 870 1247 910 suis
1271 870 1547 924 grauissimum
1562 881 1652 921 sup-

167 948 324 1002 plicium
348 946 514 1000 perpeti.
558 944 711 993 Erant,
748 943 812 997 qui
835 947 1047 982 censerent
1078 940 1124 980 de
1155 939 1273 979 tertia
1306 938 1437 992 uigilia
1459 937 1500 977 in
1523 942 1653 976 castra
1675 932 1700 973 3

167 1012 357 1055 Cornelia
378 1014 654 1062 recedendum,
681 1018 721 1051 ut
743 1011 891 1051 maiore
914 1010 1039 1064 spatio
1055 1007 1240 1061 temporis
1262 1007 1472 1046 interiecto
1488 1004 1655 1044 militum

166 1089 318 1122 mentes
341 1088 591 1130 sanarentur,
617 1080 757 1129 simul,
782 1079 815 1119 si
837 1079 927 1131 quid
950 1078 1111 1131 grauius
1134 1075 1367 1124 accidisset,
1394 1087 1535 1126 magna
1557 1072 1657 1112 mul-

168 1150 335 1190 titudine
358 1150 516 1189 nauium
549 1156 588 1189 et
619 1148 740 1188 tutius
777 1154 816 1188 et
846 1147 998 1187 facilius
1021 1146 1061 1185 in
1084 1142 1257 1185 Siciliam
1280 1149 1462 1196 receptus
1485 1142 1656 1180 daretur.

171 1215 294 1257 Curio
318 1224 522 1270 utrumque
552 1216 777 1270 improbans
806 1215 1038 1264 consilium,
1072 1220 1258 1267 quantum
1294 1210 1407 1251 alteri
1437 1208 1660 1251 sententiae
1681 1206 1731 1251 31

172 1286 328 1325 deesset
349 1286 484 1335 animi,
511 1292 658 1325 tantum
682 1284 795 1324 alteri
818 1296 1026 1337 superesse
1039 1281 1217 1322 dicebat:
1243 1280 1313 1320 hos
1329 1278 1577 1332 turpissimae
1600 1278 1659 1316 fu-

176 1367 248 1406 gae
271 1354 461 1393 rationem
484 1353 650 1402 habere,
684 1353 772 1392 illos
807 1352 923 1391 etiam
954 1351 1086 1404 iniquo
1108 1349 1194 1389 loco
1218 1348 1480 1388 dimicandum
1505 1352 1656 1400 putare.

177 1420 282 1473 ‘Qua
305 1420 437 1471 enim’,
462 1422 612 1474 inquit,
640 1422 806 1461 ‘fiducia
839 1426 878 1459 et
908 1433 1026 1473 opere
1059 1425 1098 1458 et
1128 1424 1271 1458 natura
1302 1416 1375 1455 loci
1400 1413 1660 1454 munitissima
1680 1410 1708 1451 2

175 1496 306 1529 castra
329 1490 547 1543 expugnari
571 1503 686 1543 posse
708 1488 967 1528 confidimus?
1015 1486 1099 1527 Aut
1119 1499 1214 1526 uero
1238 1484 1329 1538 quid
1350 1482 1573 1537 proficimus
1592 1511 1602 1530 ,
1627 1479 1661 1520 si
1681 1477 1708 1519 3

172 1564 333 1610 accepto
355 1572 498 1611 magno
522 1557 756 1598 detrimento
779 1557 826 1598 ab
849 1556 1141 1610 oppugnatione
1165 1560 1382 1594 castrorum
1400 1549 1662 1591 discedimus?

176 1622 299 1677 Quasi
324 1639 402 1665 non
435 1625 600 1666 felicitas
632 1640 765 1666 rerum
797 1631 997 1679 gestarum
1029 1622 1231 1663 exercitus
1255 1618 1569 1661 beneuolentiam
1591 1617 1665 1656 irn-

175 1693 424 1746 peratoribus
447 1700 486 1732 et
508 1707 573 1733 res
596 1693 787 1733 aduersae
811 1693 898 1733 odia
921 1691 1132 1745 colligant!
1170 1687 1403 1730 Castrorum
1427 1694 1555 1727 autem
1577 1699 1662 1724 mu·-
1682 1682 1710 1724 4

176 1760 269 1800 tatio
293 1761 383 1813 quid
408 1761 524 1801 habet
552 1762 626 1802 nisi
661 1769 812 1815 turpem
851 1761 980 1813 fugam
1012 1766 1051 1799 et
1082 1758 1397 1812 desperationem
1430 1754 1601 1794 omnium
1625 1758 1665 1793 et

176 1828 454 1870 alienationem
485 1830 714 1870 exercitus?
761 1828 869 1869 Nam
903 1841 1029 1881 neque
1061 1827 1254 1881 pudentes
1287 1823 1477 1878 suspicari
1510 1827 1667 1875 oportet

104 1903 145 1937 25
178 1896 249 1936 sibi
273 1911 407 1950 parum
430 1898 563 1948 credi,
588 1912 717 1952 neque
739 1898 938 1952 improbos
962 1896 1065 1937 scire
1088 1908 1178 1936 sese
1200 1893 1330 1934 timeri
1349 1924 1359 1943 ,
1399 1891 1500 1945 quod
1522 1890 1598 1930 illis
1621 1889 1667 1929 li-

181 1965 349 2004 centiam
373 1965 488 2006 timor
509 1973 651 2020 augeat
672 1972 832 2016 noster,
866 1965 925 2006 his
955 1964 1084 2004 studia
1105 1962 1319 2003 deminuat.
1365 1958 1476 2012 Quod
1501 1959 1533 1999 si
1556 1956 1664 2008 iam',
1689 1955 1713 1996 5

182 2032 329 2086 inquit,
357 2038 367 2057 ‘
383 2034 480 2074 baec
511 2035 718 2088 explorata
741 2034 953 2074 habeamus
969 2063 979 2081 ,
1014 2045 1112 2085 quae
1135 2032 1181 2072 de
1203 2029 1406 2072 exercitus
1429 2027 1666 2068 alienatione

183 2100 380 2152 dicuntur,
406 2115 505 2155 quae
528 2102 680 2155 quidem
703 2116 776 2157 ego
798 2109 866 2143 aut
888 2100 1047 2142 omnino
1071 2100 1170 2140 falsa
1193 2105 1261 2140 aut
1282 2104 1391 2138 certe
1411 2096 1565 2136 minora
1588 2094 1670 2148 opi-

328 2239 342 2271 1
364 2239 521 2271 aduersis
544 2239 806 2280 Carrariensz's,
829 2239 977 2272 diuersis
996 2239 1144 2280 reliqui.
1359 2237 1379 2270 2
1398 2235 1671 2275 commilitesque

186 2291 300 2333 codd-7
323 2292 640 2334 commilitonesque
661 2293 697 2324 P.
712 2292 898 2324 Manutius
912 2302 947 2323 u.
1087 2290 1107 2323 3
1120 2289 1281 2331 grauiora
1299 2298 1319 2320 α
1332 2288 1349 2319 b
1363 2298 1380 2319 e
1392 2298 1422 2326 e,
1443 2286 1620 2327 grauiores
1635 2295 1669 2316 ll.

329 2345 421 2376 dubii
439 2345 460 2377 2
479 2345 579 2385 dett„
602 2345 703 2376 dubia
724 2356 745 2377 α
759 2345 853 2385 bec,-
873 2344 975 2385 uulgo
996 2353 1029 2374 u.
1202 2342 1223 2373 4
1241 2339 1498 2382 accipiebantur
1518 2337 1673 2369 nonnulli

189 2405 208 2425 α
223 2395 315 2436 bce,·
335 2396 559 2438 accipiebant,
583 2397 745 2428 nonnulla
764 2407 799 2428 u.
942 2396 982 2427 ab
1002 2395 1054 2426 tis
1074 2404 1108 2425 α.
1269 2394 1286 2424 5
1306 2392 1445 2434 quibus]
1467 2391 1568 2422 rebus
1587 2389 1671 2421 add.

190 2446 221 2477 b.
360 2452 482 2479 uocato
502 2458 521 2479 (ι
535 2449 564 2488 b,
587 2452 774 2479 conuocato
793 2458 829 2479 u.
980 2447 997 2478 7
1018 2447 1050 2478 in
1069 2445 1253 2486 suppleuit
1274 2443 1456 2484 Clarlfius,
1478 2453 1546 2475 om.
1568 2442 1669 2474 codd.

332 2499 350 2531 9
371 2504 525 2542 prestare
545 2510 578 2531 α.
734 2500 771 2532 11
795 2500 926 2542 perpeti
945 2509 965 2530 α
979 2499 1008 2539 b,
1030 2498 1113 2540 pati.
1134 2496 1238 2528 Porro
1258 2506 1293 2527 u.
1452 2496 1492 2528 12
1512 2494 1675 2526 Cornelia

192 2559 212 2580 α
227 2549 284 2587 bc,
306 2549 512 2582 Corneliana
530 2561 566 2583 u.
710 2551 748 2583 13
769 2549 911 2593 siquid]
932 2549 1092 2591 quicquid
1110 2551 1194 2580 ante
1213 2557 1304 2579 corr.
1326 2557 1358 2578 a.
1510 2545 1548 2577 15
1568 2554 1675 2586 quau<

193 2605 262 2631 tum
281 2602 471 2633 sententiae
490 2612 522 2642 a,
545 2606 704 2643 quantum
725 2603 780 2633 uni
800 2601 991 2633 sententiae
1013 2601 1044 2632 b.
1187 2600 1227 2632 18
1246 2598 1362 2640 inquid
1381 2608 1415 2629 α.
1564 2597 1602 2628 21
1628 2596 1675 2627 l'e-

196 2652 308 2682 licitas
329 2652 413 2683 ‘mei
429 2653 471 2689 7’,
492 2657 526 2684 et
545 2652 695 2685 felicitas
715 2653 766 2694 (a)
782 2653 920 2684 mucius
934 2663 968 2683 u.
1108 2650 1374 2682 beniuolentiam
1387 2659 1407 2681 a
1422 2647 1532 2680 ‘mssa’

196 2702 394 2744 imperatori
412 2714 440 2734 c.
583 2705 627 2739 22
646 2705 810 2745 colligant
830 2705 847 2735 b
863 2715 891 2744 c,
914 2703 1077 2742 colligent
1095 2713 1136 2741 α,-
1158 2702 1343 2733 concilient
1362 2711 1396 2731 α.
1537 2700 1577 2732 22
1592 2698 1675 2728 alie-

198 2754 384 2797 nationem]
405 2756 676 2798 desperationem
698 2757 730 2789 b.
867 2756 1034 2799 pudentes
1052 2754 1129 2786 eod.
1151 2754 1231 2786 Vrs.
1253 2755 1273 2787 2
1291 2752 1405 2792 (ἰείί.,·
1426 2751 1674 2794 prudentesre-

197 2808 297 2848 liqui,
319 2807 379 2840 sed
396 2808 572 2851 prudentis
594 2808 625 2839 b.
766 2808 808 2842 26
829 2808 995 2839 diminuat
1012 2817 1032 2838 a
1055 2807 1152 2837 ‘mssa
1173 2809 1211 2837 et
1226 2805 1304 2837 edd.
1325 2803 1420 2846 qcld.’
1567 2802 1607 2837 27
1628 2802 1679 2834 in·-

197 2860 275 2901 quid
294 2869 327 2890 α.
470 2859 652 2891 habeamus
671 2868 691 2889 a
709 2860 729 2891 2
748 2859 851 2900 dett„
871 2858 1034 2890 habemus
1052 2857 1166 2890 Aldus
1186 2867 1220 2889 ιι.
