1835 3240
80 163 162 205 506
640 162 714 204 DE
747 162 934 204 BELLO
968 161 1143 204 CIVILI

155 275 488 331 RutiliusLupus
509 283 667 330 praetor
690 276 911 316 Tarracina
935 289 1022 316 cum
1046 277 1192 327 trihus3
1216 291 1315 331 quae
1330 279 1467 332 procul
1489 279 1637 332 equita-

155 351 236 384 tum
249 343 435 387 Caesaris
458 346 723 397 conspicatae,
749 344 811 384 cui
835 344 1167 397 praeeratVibius
1180 343 1339 396 Curius,
1364 347 1501 387 relicto
1524 361 1636 401 prae-

107 411 134 452 4
156 419 241 453 tore
272 413 383 467 signa
415 413 461 452 ad
484 410 649 452 Curium
681 413 927 452 transferunt
957 420 1073 465 atque
1095 413 1141 452 ad
1164 427 1249 452 eum
1274 421 1492 455 transeunt.
1536 414 1634 455 Item

153 480 313 534 reliquis
336 480 540 520 itineribus
563 480 774 519 nonnullae
798 480 981 520 cohortes
1003 481 1043 520 in
1066 495 1205 534 agmen
1228 478 1438 532 Caesaris,
1475 483 1574 523 aliae
1595 483 1633 522 in

155 549 306 602 equites
328 549 518 588 incidunt.
563 547 784 587 Reducitur
805 549 851 588 ad
873 561 961 588 eum
985 549 1201 602 deprensus
1224 563 1277 588 ex
1298 549 1440 589 itinere
1461 549 1518 590 N.
1544 549 1631 591 Ma-

109 615 133 656 5
155 617 241 672 gius
264 614 486 665 Cremona,
526 617 748 669 praefectus
773 616 924 656 fabrum
947 614 1022 657 Cn.
1047 615 1239 670 Pompeii.
1267 614 1391 668 Quem
1415 614 1565 658 Caesar
1586 620 1632 658 ad

153 699 241 725 eum
263 684 426 724 remittit
447 698 534 724 cum
556 684 774 724 mandatis:
815 685 996 737 quoniam
1028 685 1074 724 ad
1095 685 1133 724 id
1156 692 1308 738 tempus
1332 685 1495 726 facultas
1517 687 1635 726 collo—

153 752 296 805 quendi
319 766 397 792 non
420 752 561 802 fuerit,
597 759 712 805 atque
742 753 824 806 ipse
846 750 1098 793 Brundisium
1122 753 1173 792 sit
1195 760 1384 793 uenturus
1401 784 1411 802 ,
1444 753 1636 794 interesse

105 818 132 859 6
153 821 388 874 reipublicae
411 828 450 860 et
472 822 688 860 communis
711 821 847 861 salutis
878 834 922 860 se
955 835 1041 860 cum
1063 819 1251 874 Pompeio
1283 821 1475 874 colloqui,
1510 834 1635 874 neque

154 902 250 929 uero
272 889 372 930 idem
397 889 529 943 profici
552 890 668 942 longo
690 889 843 928 itineris
865 888 992 942 spatio
1007 919 1017 938 ,
1053 903 1138 929 cum
1174 903 1243 942 per
1264 889 1361 928 alios
1384 889 1637 930 condiciones

78 955 133 999 25
157 957 349 1004 ferantur,
374 971 419 998 ac
441 958 474 997 si
497 971 628 997 coram
652 958 698 997 de
721 957 901 997 omnibus
925 956 1222 997 condicionibus
1248 957 1504 1010 disceptetur.
1564 956 1636 997 His

155 1025 255 1065 datis
276 1026 470 1066 mandatis
492 1024 745 1066 Brundisium
770 1039 856 1065 cum
890 1025 1109 1078 legionibus
1130 1031 1175 1064 VI
1198 1025 1403 1078 peruenit,
1438 1025 1636 1065 ueteranis

154 1099 200 1132 111
222 1100 261 1133 et
281 1094 467 1146 reliquis,
503 1107 599 1147 quas
633 1108 685 1134 ex
715 1108 817 1134 nouo
849 1094 1003 1134 delectu
1035 1094 1260 1133 confecerat
1294 1099 1410 1145 atque
1433 1092 1472 1132 in
1494 1093 1636 1132 itinere

105 1159 132 1199 2
154 1161 446 1214 compleuerat:
472 1160 721 1202 Domitianas
744 1162 846 1201 enim
870 1162 1050 1201 cohortes
1074 1161 1250 1214 protinus
1277 1158 1489 1200 aCorfinio
1512 1160 1551 1199 in
1574 1158 1637 1200 Si-

154 1228 281 1268 ciliam
319 1230 495 1270 miserat.
558 1229 725 1282 Reperit
766 1230 950 1269 eonsules
981 1228 1272 1282 Dyrrhachium
1311 1229 1509 1281 profectos
1552 1242 1638 1267 cum

152 1310 292 1349 magna
316 1303 425 1350 parte
448 1298 667 1346 exercitus,
692 1295 918 1350 Pompeium
941 1310 1147 1336 remanere
1165 1294 1367 1335 Brundisii
1390 1309 1474 1335 cum
1498 1294 1638 1335 cohor-

106 1363 130 1404 3
155 1363 257 1404 tibus
279 1365 444 1418 uiginti3
469 1378 595 1418 neque
618 1372 768 1405 certum
789 1365 958 1405 inueniri
982 1372 1161 1417 poterat,
1193 1364 1446 1403 obtinendine
1467 1361 1639 1403 Brundi-

152 1431 201 1472 sii
235 1446 355 1473 causa
386 1433 439 1473 ibi
467 1433 748 1483 remansisset,
784 1447 860 1486 quo
890 1433 1044 1472 facilius
1077 1445 1192 1472 omne
1223 1431 1495 1471 Hadriaticum
1531 1443 1638 1471 mare

153 1501 344 1541 extremis
365 1499 504 1542 ltaliae
536 1501 710 1554 partibus
743 1501 1051 1555 regionibusque
1073 1498 1269 1540 Graeciae
1290 1501 1330 1539 in
1354 1505 1548 1553 potestate
1570 1499 1636 1538 ha-

1673 897 1710 929 10

1671 1235 1712 1268 15

152 1567 265 1608 beret
286 1576 403 1623 atque
426 1584 476 1610 ex
500 1577 664 1622 utraque
686 1576 795 1623 parte
818 1569 960 1609 bellum
974 1568 1250 1608 administrare
1263 1574 1411 1622 posset,
1437 1582 1487 1607 an
1508 1566 1639 1620 inopia
1669 1572 1711 1608 20

104 1635 131 1676 4
153 1637 310 1677 nauium
333 1638 385 1678 ibi
406 1638 638 1687 restitisset,
663 1638 908 1690 nemusque,
938 1651 986 1677 ne
1008 1637 1074 1677 ille
1096 1636 1246 1676 ltaliam
1271 1636 1534 1675 dimittendam
1559 1649 1636 1674 non

152 1705 418 1755 existimaret,
443 1707 574 1746 exitus
595 1706 1033 1758 administrationesque
1052 1704 1281 1744 Brundisini
1304 1710 1438 1757 portus
1461 1703 1637 1757 inpedire

105 1771 130 1812 5
153 1773 338 1813 instituit.
382 1771 561 1826 Quorum
584 1788 743 1827 operum
769 1774 864 1813 haec
888 1781 974 1814 erat
995 1774 1109 1813 ratio.
1165 1770 1253 1824 Qua
1280 1773 1410 1811 fauces
1433 1778 1548 1811 erant
1569 1785 1638 1810 an-

151 1841 405 1895 gustissimae
428 1849 591 1896 portus,
626 1843 748 1882 moles
777 1849 895 1895 atque
917 1855 1101 1894 aggerem
1125 1841 1170 1881 ab
1194 1848 1355 1892 utraque
1378 1846 1489 1893 parte
1510 1838 1636 1878 litoris

104 1907 131 1950 6
151 1909 336 1959 iaciebat,
362 1911 460 1963 quod
485 1911 543 1950 his
565 1910 660 1951 locis
684 1917 770 1951 erat
793 1911 978 1950 uadosum
1003 1923 1126 1949 mare.
1179 1907 1359 1960 Longius
1383 1919 1634 1960 progressus,
1668 1912 1710 1945 25

153 1992 238 2018 cum
260 1991 383 2031 agger
404 1978 544 2018 altiore
567 1993 667 2030 aqua
690 1979 885 2018 contineri
907 1992 984 2017 non
1009 1984 1165 2031 posset,
1200 1983 1306 2016 rates
1338 1975 1510 2028 duplices
1543 1987 1638 2026 quo-

104 2044 130 2086 7
153 2058 226 2098 que
250 2059 390 2085 uersus
414 2047 551 2100 pedum
572 2053 674 2086 XXX
697 2061 717 2086 e
739 2046 902 2100 regione
925 2046 1037 2085 molis
1062 2044 1306 2085 conlocabat.
1369 2042 1453 2082 Has
1483 2048 1638 2094 quater-

153 2113 214 2154 nis
246 2115 404 2155 ancoris
435 2128 486 2154 ex
518 2121 579 2154 1111
613 2114 766 2168 angulis
790 2113 1035 2163 destinabat,
1072 2127 1120 2153 ne
1152 2112 1332 2153 fluctibus
1364 2115 1635 2150 mouerentur.

297 2259 311 2291 1
335 2258 491 2291 Rutulius
511 2269 544 2290 α.
687 2257 900 2290 Tarrachina
919 2267 939 2288 a
953 2257 984 2288 b.
1126 2263 1211 2296 quae
1230 2264 1298 2285 om.
1319 2263 1353 2284 a.
1507 2250 1528 2283 2
1546 2248 1640 2281 Vibi·

153 2320 193 2342 us
205 2308 469 2352 Glandorpz'us5
491 2309 607 2341 Biuius
626 2310 761 2351 reliqui
779 2309 892 2349 codd„
914 2307 1041 2339 Buuius
1062 2305 1093 2337 b.
1235 2302 1376 2345 Curius]
1396 2306 1535 2345 praetor
1552 2300 1635 2332 add.

154 2363 184 2394 b.
326 2365 346 2395 4
366 2362 466 2394 aliam
487 2372 520 2393 a.
663 2364 679 2394 5
701 2363 890 2404 deprensus
910 2371 943 2401 a,
965 2359 1195 2402 deprehensus
1215 2357 1293 2389 edd.
1433 2353 1474 2386 N.
1495 2354 1639 2385 Perizo-

153 2416 246 2454 nius,
268 2413 328 2445 Cn.
351 2414 451 2446 codd.
473 2413 553 2445 Vid.
577 2413 672 2444 Plut.
692 2413 816 2455 Pomp.
841 2413 896 2443 63.
1037 2410 1055 2441 ὃ
1076 2409 1263 2441 Cremonae
1282 2408 1331 2439 ab
1345 2417 1373 2438 c.
1529 2406 1549 2437 8
1568 2405 1638 2447 ipse

155 2464 381 2504 ciacconius,
405 2465 445 2496 ad
467 2475 502 2496 se
523 2463 624 2495 codd.
811 2462 1026 2496 Brondisium
1045 2472 1077 2492 a.
1242 2460 1260 2491 9
1281 2457 1328 2500 et]
1351 2461 1385 2488 ut
1404 2467 1423 2487 α
1437 2457 1493 2488 bc.

155 2516 196 2548 10
215 2516 331 2558 profici
351 2527 370 2547 ιι
385 2517 416 2556 b,
438 2516 553 2558 perfici
574 2526 609 2547 u.
812 2515 1024 2547 conditiones
1043 2516 1080 2544 et
1096 2513 1130 2545 ll
1153 2511 1406 2542 conditionibus
1426 2508 1492 2550 (a).

154 2566 194 2600 13
214 2572 248 2599 et
265 2568 500 2606 Petanianus,
522 2572 595 2598 uta
609 2568 649 2606 b;
670 2577 737 2598 om.
758 2577 794 2597 u.
935 2564 1062 2595 dilectu
1081 2573 1114 2594 α.
1265 2562 1302 2593 15
1324 2558 1548 2603 Dyrrachium
1568 2557 1636 2600 (a).

298 2619 336 2651 19
357 2620 621 2661 regionibusque
640 2629 709 2650 om.
730 2619 761 2650 b.
902 2620 1073 2659 potestate
1095 2615 1189 2645 ‘mssa
1211 2612 1341 2644 omnes'
1355 2615 1391 2642 cc
1406 2612 1501 2642 linea
1521 2613 1638 2641 extre—

152 2680 230 2702 mae
247 2672 413 2712 apposita
433 2681 466 2710 a,
488 2674 693 2712 potestatem
713 2679 749 2700 u.
890 2668 929 2701 21
952 2667 1010 2698 itte
1030 2665 1162 2697 ltaliam
1181 2675 1215 2705 a,
1238 2663 1369 2695 Italiam
1389 2662 1447 2694 ille
1467 2661 1545 2693 edd.

153 2721 197 2756 22
216 2721 603 2763 administrationesque
624 2723 692 2752 int.
711 2729 804 2751 uers-
828 2720 859 2751 b.
1022 2716 1175 2759 inpedire
1194 2726 1227 2747 α.
1379 2715 1423 2747 24
1441 2713 1547 2745 moles
1564 2723 1586 2744 a
1604 2714 1641 2743 et

153 2773 361 2813 deteriores,
384 2772 504 2804 molem
524 2772 601 2803 edd.
622 2774 705 2803 autc
724 2781 758 2802 u.
913 2769 955 2801 26
974 2779 1106 2810 quoque
1125 2776 1247 2799 uersus
1267 2777 1343 2809 ego,
1367 2775 1498 2808 quoquo
1517 2773 1636 2808 uersus

154 2824 206 2866 (α)
221 2824 298 2856 edd.
321 2824 360 2855 P.
375 2824 430 2857 72.
569 2821 613 2854 27
632 2833 650 2865 p
685 2831 773 2853 cxxx
793 2831 821 2851 c.
963 2818 1162 2851 conlocabat
1179 2829 1211 2849 a.
1354 2817 1397 2849 28
1417 2815 1552 2847 ancoris
1570 2813 1633 2857 (a),

153 2875 311 2907 anchoris
332 2886 364 2907 u.
506 2874 694 2906 distinabat
712 2872 760 2905 ab
774 2882 791 2903 c
804 2871 836 2903 d.
