<?xml version="1.0" encoding="UTF-8"?>
<!DOCTYPE html PUBLIC "-//W3C//DTD XHTML 1.0 Transitional//EN"
    "http://www.w3.org/TR/xhtml1/DTD/xhtml1-transitional.dtd">
<html xmlns="http://www.w3.org/1999/xhtml" xml:lang="en" lang="en">
 <head>
  <title>
</title>
<meta http-equiv="Content-Type" content="text/html;charset=utf-8" />
  <meta name='ocr-system' content='tesseract 3.04.00' />
  <meta name='ocr-capabilities' content='ocr_page ocr_carea ocr_par ocr_line ocrx_word'/>
</head>
<body>
  <div class='ocr_page' id='page_1' title='image "./commentarii00caesuoft_0380.png"; bbox 0 0 1835 3240; ppageno 0'>
   <div class='ocr_carea' id='block_1_1' title="bbox 90 154 1190 200">
    <p class='ocr_par' dir='ltr' id='par_1_1' title="bbox 90 154 1190 200">
     <span class='ocr_line' id='line_1_1' title="bbox 90 154 1190 200; baseline 0.002 -2"><span class='ocrx_word' id='word_1_1' title='bbox 90 157 172 200; x_wconf 88' lang='grc'>370</span> <span class='ocrx_word' id='word_1_2' title='bbox 613 157 686 198; x_wconf 90' lang='lat' dir='ltr'>DE</span> <span class='ocrx_word' id='word_1_3' title='bbox 720 157 908 200; x_wconf 88' lang='lat' dir='ltr'>BELLO</span> <span class='ocrx_word' id='word_1_4' title='bbox 941 154 1190 200; x_wconf 88' lang='lat' dir='ltr'>GALLICO</span> 
     </span>
    </p>
   </div>
   <div class='ocr_carea' id='block_1_2' title="bbox 94 268 1658 1542">
    <p class='ocr_par' dir='ltr' id='par_1_2' title="bbox 118 268 1646 528">
     <span class='ocr_line' id='line_1_2' title="bbox 118 268 1642 325; baseline 0.001 -14"><span class='ocrx_word' id='word_1_5' title='bbox 118 270 146 311; x_wconf 88' lang='lat'>4</span> <span class='ocrx_word' id='word_1_6' title='bbox 167 271 288 325; x_wconf 87' lang='lat' dir='ltr'>plent.</span> <span class='ocrx_word' id='word_1_7' title='bbox 323 268 471 310; x_wconf 88' lang='lat' dir='ltr'>Eadem</span> <span class='ocrx_word' id='word_1_8' title='bbox 494 270 661 320; x_wconf 85' lang='lat' dir='ltr'>ratione,</span> <span class='ocrx_word' id='word_1_9' title='bbox 688 286 763 323; x_wconf 85' lang='lat' dir='ltr'>qna</span> <span class='ocrx_word' id='word_1_10' title='bbox 784 271 923 324; x_wconf 78' lang='lat' dir='ltr'>pridie,</span> <span class='ocrx_word' id='word_1_11' title='bbox 949 271 996 310; x_wconf 87' lang='lat' dir='ltr'>ab</span> <span class='ocrx_word' id='word_1_12' title='bbox 1018 271 1163 311; x_wconf 92' lang='lat' dir='ltr'>nostris</span> <span class='ocrx_word' id='word_1_13' title='bbox 1186 271 1397 312; x_wconf 71' lang='lat' dir='ltr'>resistitur.</span> <span class='ocrx_word' id='word_1_14' title='bbox 1433 271 1520 312; x_wconf 88' lang='lat' dir='ltr'>Hoc</span> <span class='ocrx_word' id='word_1_15' title='bbox 1543 272 1642 312; x_wconf 88' lang='lat' dir='ltr'>idem</span> 
     </span>
     <span class='ocr_line' id='line_1_3' title="bbox 121 337 1644 393; baseline 0.001 -15"><span class='ocrx_word' id='word_1_16' title='bbox 121 337 145 378; x_wconf 86' lang='lat'>5</span> <span class='ocrx_word' id='word_1_17' title='bbox 168 337 328 391; x_wconf 87' lang='lat' dir='ltr'>reliquis</span> <span class='ocrx_word' id='word_1_18' title='bbox 352 337 534 391; x_wconf 73' lang='lat' dir='ltr'><strong>deinceps</strong></span> <span class='ocrx_word' id='word_1_19' title='bbox 558 340 598 377; x_wconf 78' lang='lat' dir='ltr'>lit</span> <span class='ocrx_word' id='word_1_20' title='bbox 621 339 769 377; x_wconf 80' lang='lat' dir='ltr'>diebus.</span> <span class='ocrx_word' id='word_1_21' title='bbox 803 337 923 377; x_wconf 80' lang='lat' dir='ltr'>Nulla</span> <span class='ocrx_word' id='word_1_22' title='bbox 946 351 1034 391; x_wconf 86' lang='lat' dir='ltr'>pars</span> <span class='ocrx_word' id='word_1_23' title='bbox 1058 340 1237 379; x_wconf 74' lang='lat' dir='ltr'>nocturni</span> <span class='ocrx_word' id='word_1_24' title='bbox 1260 340 1446 393; x_wconf 86' lang='lat' dir='ltr'>temporis</span> <span class='ocrx_word' id='word_1_25' title='bbox 1469 342 1514 380; x_wconf 89' lang='lat' dir='ltr'>ad</span> <span class='ocrx_word' id='word_1_26' title='bbox 1537 340 1644 380; x_wconf 86' lang='lat' dir='ltr'>labo-</span> 
     </span>
     <span class='ocr_line' id='line_1_4' title="bbox 166 405 1646 461; baseline 0.001 -15"><span class='ocrx_word' id='word_1_27' title='bbox 166 420 248 446; x_wconf 85' lang='lat' dir='ltr'>rem</span> <span class='ocrx_word' id='word_1_28' title='bbox 271 405 567 454; x_wconf 80' lang='lat' dir='ltr'>intermittitur3</span> <span class='ocrx_word' id='word_1_29' title='bbox 603 419 681 444; x_wconf 89' lang='lat' dir='ltr'>non</span> <span class='ocrx_word' id='word_1_30' title='bbox 703 405 855 457; x_wconf 86' lang='lat' dir='ltr'>aegris,</span> <span class='ocrx_word' id='word_1_31' title='bbox 889 419 966 445; x_wconf 90' lang='lat' dir='ltr'>non</span> <span class='ocrx_word' id='word_1_32' title='bbox 989 406 1206 446; x_wconf 88' lang='lat' dir='ltr'>uulneratis</span> <span class='ocrx_word' id='word_1_33' title='bbox 1228 407 1392 447; x_wconf 75' lang='lat' dir='ltr'>facultas</span> <span class='ocrx_word' id='word_1_34' title='bbox 1415 408 1557 461; x_wconf 87' lang='lat' dir='ltr'>quietis</span> <span class='ocrx_word' id='word_1_35' title='bbox 1580 408 1646 448; x_wconf 88' lang='lat' dir='ltr'>da-</span> 
     </span>
     <span class='ocr_line' id='line_1_5' title="bbox 169 471 1646 528; baseline 0.001 -15"><span class='ocrx_word' id='word_1_36' title='bbox 169 480 247 513; x_wconf 88' lang='lat' dir='ltr'>tur.</span> <span class='ocrx_word' id='word_1_37' title='bbox 292 471 573 524; x_wconf 81' lang='lat' dir='ltr'>Quaecumque</span> <span class='ocrx_word' id='word_1_38' title='bbox 595 473 642 511; x_wconf 90' lang='lat' dir='ltr'>ad</span> <span class='ocrx_word' id='word_1_39' title='bbox 667 473 837 524; x_wconf 83' lang='lat' dir='ltr'>proximi</span> <span class='ocrx_word' id='word_1_40' title='bbox 861 472 936 513; x_wconf 92' lang='lat' dir='ltr'>diei</span> <span class='ocrx_word' id='word_1_41' title='bbox 959 474 1287 527; x_wconf 71' lang='lat' dir='ltr'>oppugnationem</span> <span class='ocrx_word' id='word_1_42' title='bbox 1311 488 1405 528; x_wconf 90' lang='lat' dir='ltr'>opus</span> <span class='ocrx_word' id='word_1_43' title='bbox 1427 482 1542 525; x_wconf 92' lang='lat' dir='ltr'>sunt,</span> <span class='ocrx_word' id='word_1_44' title='bbox 1576 490 1646 515; x_wconf 90' lang='lat' dir='ltr'>no-</span> 
     </span>
    </p>

    <p class='ocr_par' dir='ltr' id='par_1_3' title="bbox 94 538 1654 1001">
     <span class='ocr_line' id='line_1_6' title="bbox 121 538 1644 596; baseline 0.001 -15"><span class='ocrx_word' id='word_1_45' title='bbox 121 539 147 581; x_wconf 86' lang='grc'><strong>6</strong></span> <span class='ocrx_word' id='word_1_46' title='bbox 168 548 230 581; x_wconf 84' lang='lat' dir='ltr'>ctu</span> <span class='ocrx_word' id='word_1_47' title='bbox 254 546 556 594; x_wconf 80' lang='lat' dir='ltr'>comparantur3</span> <span class='ocrx_word' id='word_1_48' title='bbox 581 538 724 579; x_wconf 87' lang='lat' dir='ltr'>multae</span> <span class='ocrx_word' id='word_1_49' title='bbox 746 548 953 593; x_wconf 75' lang='lat' dir='ltr'>praeustae</span> <span class='ocrx_word' id='word_1_50' title='bbox 973 541 1106 590; x_wconf 90' lang='lat' dir='ltr'>sudes,</span> <span class='ocrx_word' id='word_1_51' title='bbox 1132 555 1295 594; x_wconf 86' lang='lat' dir='ltr'>magnus</span> <span class='ocrx_word' id='word_1_52' title='bbox 1319 542 1520 582; x_wconf 83' lang='lat' dir='ltr'>muralium</span> <span class='ocrx_word' id='word_1_53' title='bbox 1548 543 1644 596; x_wconf 90' lang='lat' dir='ltr'>pilo-</span> 
     </span>
     <span class='ocr_line' id='line_1_7' title="bbox 167 607 1648 663; baseline 0.001 -16"><span class='ocrx_word' id='word_1_54' title='bbox 167 622 251 647; x_wconf 90' lang='lat' dir='ltr'>rum</span> <span class='ocrx_word' id='word_1_55' title='bbox 276 621 461 647; x_wconf 89' lang='lat' dir='ltr'>numerus</span> <span class='ocrx_word' id='word_1_56' title='bbox 484 607 730 658; x_wconf 82' lang='lat' dir='ltr'>instituitur3</span> <span class='ocrx_word' id='word_1_57' title='bbox 757 615 886 649; x_wconf 88' lang='lat' dir='ltr'>turres</span> <span class='ocrx_word' id='word_1_58' title='bbox 909 609 1230 656; x_wconf 72' lang='lat' dir='ltr'>contabulantur7</span> <span class='ocrx_word' id='word_1_59' title='bbox 1259 609 1403 662; x_wconf 84' lang='lat' dir='ltr'>pinnae</span> <span class='ocrx_word' id='word_1_60' title='bbox 1425 610 1648 663; x_wconf 79' lang='lat' dir='ltr'>loricaeque</span> 
     </span>
     <span class='ocr_line' id='line_1_8' title="bbox 120 674 1648 729; baseline 0.001 -13"><span class='ocrx_word' id='word_1_61' title='bbox 120 675 146 716; x_wconf 90' lang='lat'>7</span> <span class='ocrx_word' id='word_1_62' title='bbox 170 689 221 715; x_wconf 80' lang='lat' dir='ltr'>ex</span> <span class='ocrx_word' id='word_1_63' title='bbox 244 674 417 715; x_wconf 72' lang='lat' dir='ltr'>cratibus</span> <span class='ocrx_word' id='word_1_64' title='bbox 440 680 688 715; x_wconf 80' lang='lat' dir='ltr'>attexuntur.</span> <span class='ocrx_word' id='word_1_65' title='bbox 732 674 821 729; x_wconf 92' lang='lat' dir='ltr'>Ipse</span> <span class='ocrx_word' id='word_1_66' title='bbox 845 674 1014 725; x_wconf 89' lang='lat' dir='ltr'>Cicero,</span> <span class='ocrx_word' id='word_1_67' title='bbox 1048 691 1132 717; x_wconf 91' lang='lat' dir='ltr'>cum</span> <span class='ocrx_word' id='word_1_68' title='bbox 1165 677 1394 717; x_wconf 87' lang='lat' dir='ltr'>tenuissima</span> <span class='ocrx_word' id='word_1_69' title='bbox 1424 677 1648 718; x_wconf 86' lang='lat' dir='ltr'>ualetudine</span> 
     </span>
     <span class='ocr_line' id='line_1_9' title="bbox 170 743 1648 798; baseline 0.001 -16"><span class='ocrx_word' id='word_1_70' title='bbox 170 750 301 792; x_wconf 86' lang='lat' dir='ltr'>esset,</span> <span class='ocrx_word' id='word_1_71' title='bbox 338 755 386 782; x_wconf 93' lang='lat' dir='ltr'>ne</span> <span class='ocrx_word' id='word_1_72' title='bbox 418 749 650 782; x_wconf 90' lang='lat' dir='ltr'>nocturnum</span> <span class='ocrx_word' id='word_1_73' title='bbox 681 743 832 796; x_wconf 90' lang='lat' dir='ltr'>quidem</span> <span class='ocrx_word' id='word_1_74' title='bbox 856 745 931 784; x_wconf 90' lang='lat' dir='ltr'>sibi</span> <span class='ocrx_word' id='word_1_75' title='bbox 955 752 1104 798; x_wconf 90' lang='lat' dir='ltr'>tempus</span> <span class='ocrx_word' id='word_1_76' title='bbox 1128 746 1175 784; x_wconf 89' lang='lat' dir='ltr'>ad</span> <span class='ocrx_word' id='word_1_77' title='bbox 1198 745 1364 798; x_wconf 88' lang='lat' dir='ltr'>quietem</span> <span class='ocrx_word' id='word_1_78' title='bbox 1389 744 1648 797; x_wconf 78' lang='lat' dir='ltr'>relinquebat,</span> 
     </span>
     <span class='ocr_line' id='line_1_10' title="bbox 94 809 1652 866; baseline 0.001 -16"><span class='ocrx_word' id='word_1_79' title='bbox 94 809 148 853; x_wconf 84' lang='lat'>41</span> <span class='ocrx_word' id='word_1_80' title='bbox 171 817 216 850; x_wconf 95' lang='lat' dir='ltr'>ut</span> <span class='ocrx_word' id='word_1_81' title='bbox 237 810 339 849; x_wconf 87' lang='lat' dir='ltr'>ultro</span> <span class='ocrx_word' id='word_1_82' title='bbox 363 809 526 849; x_wconf 88' lang='lat' dir='ltr'>militum</span> <span class='ocrx_word' id='word_1_83' title='bbox 550 824 746 851; x_wconf 83' lang='lat' dir='ltr'>concursu</span> <span class='ocrx_word' id='word_1_84' title='bbox 760 813 979 853; x_wconf 87' lang='lat' dir='ltr'>acuocibus</span> <span class='ocrx_word' id='word_1_85' title='bbox 1004 813 1076 852; x_wconf 89' lang='lat' dir='ltr'>sibi</span> <span class='ocrx_word' id='word_1_86' title='bbox 1100 826 1263 866; x_wconf 79' lang='lat' dir='ltr'>parcere</span> <span class='ocrx_word' id='word_1_87' title='bbox 1286 819 1510 866; x_wconf 79' lang='lat' dir='ltr'>cogeretur.</span> <span class='ocrx_word' id='word_1_88' title='bbox 1538 811 1652 852; x_wconf 90' lang='lat' dir='ltr'>Tunc</span> 
     </span>
     <span class='ocr_line' id='line_1_11' title="bbox 173 876 1654 934; baseline 0.002 -18"><span class='ocrx_word' id='word_1_89' title='bbox 173 878 292 917; x_wconf 91' lang='lat' dir='ltr'>duces</span> <span class='ocrx_word' id='word_1_90' title='bbox 313 876 588 931; x_wconf 88' lang='lat' dir='ltr'>principesque</span> <span class='ocrx_word' id='word_1_91' title='bbox 611 877 876 930; x_wconf 90' lang='lat' dir='ltr'>Neruiorum,</span> <span class='ocrx_word' id='word_1_92' title='bbox 901 881 966 934; x_wconf 90' lang='lat' dir='ltr'>qui</span> <span class='ocrx_word' id='word_1_93' title='bbox 988 880 1154 934; x_wconf 78' lang='lat' dir='ltr'>aliquem</span> <span class='ocrx_word' id='word_1_94' title='bbox 1177 881 1370 921; x_wconf 91' lang='lat' dir='ltr'>sermonis</span> <span class='ocrx_word' id='word_1_95' title='bbox 1393 880 1540 919; x_wconf 88' lang='lat' dir='ltr'>aditum</span> <span class='ocrx_word' id='word_1_96' title='bbox 1563 893 1654 919; x_wconf 91' lang='lat' dir='ltr'>cau-</span> 
     </span>
     <span class='ocr_line' id='line_1_12' title="bbox 171 944 1654 1001; baseline 0.003 -18"><span class='ocrx_word' id='word_1_97' title='bbox 171 958 332 996; x_wconf 82' lang='lat' dir='ltr'>samque</span> <span class='ocrx_word' id='word_1_98' title='bbox 354 944 551 986; x_wconf 76' lang='lat' dir='ltr'>amicitiae</span> <span class='ocrx_word' id='word_1_99' title='bbox 573 960 659 986; x_wconf 89' lang='lat' dir='ltr'>cum</span> <span class='ocrx_word' id='word_1_100' title='bbox 683 944 881 989; x_wconf 88' lang='lat' dir='ltr'>Cicerone</span> <span class='ocrx_word' id='word_1_101' title='bbox 903 949 1121 999; x_wconf 86' lang='lat' dir='ltr'>habebant,</span> <span class='ocrx_word' id='word_1_102' title='bbox 1155 948 1334 1001; x_wconf 87' lang='lat' dir='ltr'>conloqui</span> <span class='ocrx_word' id='word_1_103' title='bbox 1365 961 1453 987; x_wconf 90' lang='lat' dir='ltr'>sese</span> <span class='ocrx_word' id='word_1_104' title='bbox 1474 947 1577 988; x_wconf 88' lang='lat' dir='ltr'>uelle</span> <span class='ocrx_word' id='word_1_105' title='bbox 1598 947 1654 987; x_wconf 91' lang='lat' dir='ltr'>di-</span> 
     </span>
    </p>

    <p class='ocr_par' dir='ltr' id='par_1_4' title="bbox 122 1010 1657 1272">
     <span class='ocr_line' id='line_1_13' title="bbox 123 1010 1652 1069; baseline 0 -15"><span class='ocrx_word' id='word_1_106' title='bbox 123 1013 150 1054; x_wconf 76' lang='grc'>2</span> <span class='ocrx_word' id='word_1_107' title='bbox 171 1018 280 1052; x_wconf 85' lang='lat' dir='ltr'>cunt.</span> <span class='ocrx_word' id='word_1_108' title='bbox 324 1010 448 1052; x_wconf 88' lang='lat' dir='ltr'>Facta</span> <span class='ocrx_word' id='word_1_109' title='bbox 470 1020 666 1066; x_wconf 82' lang='lat' dir='ltr'>potestate</span> <span class='ocrx_word' id='word_1_110' title='bbox 688 1016 839 1066; x_wconf 85' lang='lat' dir='ltr'>eadem,</span> <span class='ocrx_word' id='word_1_111' title='bbox 866 1030 965 1069; x_wconf 88' lang='lat' dir='ltr'>quae</span> <span class='ocrx_word' id='word_1_112' title='bbox 980 1016 1190 1057; x_wconf 80' lang='lat' dir='ltr'>Ambiorix</span> <span class='ocrx_word' id='word_1_113' title='bbox 1211 1030 1297 1056; x_wconf 92' lang='lat' dir='ltr'>cum</span> <span class='ocrx_word' id='word_1_114' title='bbox 1321 1015 1478 1055; x_wconf 86' lang='lat' dir='ltr'>Titurio</span> <span class='ocrx_word' id='word_1_115' title='bbox 1501 1022 1652 1068; x_wconf 87' lang='lat' dir='ltr'>egerat,</span> 
     </span>
     <span class='ocr_line' id='line_1_14' title="bbox 122 1080 1652 1134; baseline 0.002 -15"><span class='ocrx_word' id='word_1_116' title='bbox 122 1080 146 1119; x_wconf 79' lang='lat'><strong>3</strong></span> <span class='ocrx_word' id='word_1_117' title='bbox 170 1087 499 1120; x_wconf 87' lang='lat' dir='ltr'>commemorant:</span> <span class='ocrx_word' id='word_1_118' title='bbox 525 1095 678 1121; x_wconf 89' lang='lat' dir='ltr'>omnem</span> <span class='ocrx_word' id='word_1_119' title='bbox 702 1097 789 1123; x_wconf 90' lang='lat' dir='ltr'>esse</span> <span class='ocrx_word' id='word_1_120' title='bbox 811 1083 848 1123; x_wconf 89' lang='lat' dir='ltr'>in</span> <span class='ocrx_word' id='word_1_121' title='bbox 873 1084 991 1124; x_wconf 84' lang='lat' dir='ltr'>armis</span> <span class='ocrx_word' id='word_1_122' title='bbox 1015 1082 1208 1134; x_wconf 67' lang='lat' dir='ltr'>Galliam,</span> <span class='ocrx_word' id='word_1_123' title='bbox 1235 1082 1457 1124; x_wconf 84' lang='lat' dir='ltr'>Germanos</span> <span class='ocrx_word' id='word_1_124' title='bbox 1470 1082 1652 1122; x_wconf 83' lang='lat' dir='ltr'>Rhenum</span> 
     </span>
     <span class='ocr_line' id='line_1_15' title="bbox 124 1145 1657 1205; baseline 0.001 -17"><span class='ocrx_word' id='word_1_125' title='bbox 124 1147 150 1187; x_wconf 83' lang='lat'>4</span> <span class='ocrx_word' id='word_1_126' title='bbox 174 1149 391 1197; x_wconf 74' lang='lat' dir='ltr'>transisse,</span> <span class='ocrx_word' id='word_1_127' title='bbox 428 1145 614 1189; x_wconf 75' lang='lat' dir='ltr'>Caesaris</span> <span class='ocrx_word' id='word_1_128' title='bbox 654 1150 971 1204; x_wconf 83' lang='lat' dir='ltr'>reliquorumque</span> <span class='ocrx_word' id='word_1_129' title='bbox 1006 1152 1169 1192; x_wconf 84' lang='lat' dir='ltr'>hiberna</span> <span class='ocrx_word' id='word_1_130' title='bbox 1201 1152 1430 1205; x_wconf 88' lang='lat' dir='ltr'>oppugnari.</span> <span class='ocrx_word' id='word_1_131' title='bbox 1493 1150 1657 1190; x_wconf 87' lang='lat' dir='ltr'>Addunt</span> 
     </span>
     <span class='ocr_line' id='line_1_16' title="bbox 173 1213 1656 1272; baseline 0.002 -17"><span class='ocrx_word' id='word_1_132' title='bbox 173 1216 289 1256; x_wconf 86' lang='lat' dir='ltr'>etiam</span> <span class='ocrx_word' id='word_1_133' title='bbox 323 1217 368 1256; x_wconf 91' lang='lat' dir='ltr'>de</span> <span class='ocrx_word' id='word_1_134' title='bbox 402 1213 539 1257; x_wconf 72' lang='lat' dir='ltr'>Sabini</span> <span class='ocrx_word' id='word_1_135' title='bbox 581 1224 728 1257; x_wconf 88' lang='lat' dir='ltr'>morte:</span> <span class='ocrx_word' id='word_1_136' title='bbox 772 1219 1043 1272; x_wconf 82' lang='lat' dir='ltr'>Ambiorigem</span> <span class='ocrx_word' id='word_1_137' title='bbox 1076 1226 1278 1259; x_wconf 84' lang='lat' dir='ltr'>ostentant</span> <span class='ocrx_word' id='word_1_138' title='bbox 1318 1218 1407 1258; x_wconf 87' lang='lat' dir='ltr'>fidei</span> <span class='ocrx_word' id='word_1_139' title='bbox 1451 1218 1656 1258; x_wconf 83' lang='lat' dir='ltr'>faciundae</span> 
     </span>
    </p>

    <p class='ocr_par' dir='ltr' id='par_1_5' title="bbox 125 1282 1658 1542">
     <span class='ocr_line' id='line_1_17' title="bbox 125 1282 1655 1340; baseline 0.001 -16"><span class='ocrx_word' id='word_1_140' title='bbox 125 1283 149 1324; x_wconf 84' lang='lat'>5</span> <span class='ocrx_word' id='word_1_141' title='bbox 172 1297 307 1324; x_wconf 87' lang='lat' dir='ltr'>causa.</span> <span class='ocrx_word' id='word_1_142' title='bbox 376 1282 520 1323; x_wconf 79' lang='lat' dir='ltr'>Errare</span> <span class='ocrx_word' id='word_1_143' title='bbox 553 1298 620 1324; x_wconf 89' lang='lat' dir='ltr'>eos</span> <span class='ocrx_word' id='word_1_144' title='bbox 644 1285 802 1334; x_wconf 88' lang='lat' dir='ltr'>dicunt,</span> <span class='ocrx_word' id='word_1_145' title='bbox 838 1286 868 1325; x_wconf 92' lang='lat' dir='ltr'>si</span> <span class='ocrx_word' id='word_1_146' title='bbox 893 1287 1099 1339; x_wconf 84' lang='lat' dir='ltr'>quicquam</span> <span class='ocrx_word' id='word_1_147' title='bbox 1122 1288 1168 1326; x_wconf 86' lang='lat' dir='ltr'>ab</span> <span class='ocrx_word' id='word_1_148' title='bbox 1191 1287 1250 1327; x_wconf 90' lang='lat' dir='ltr'>his</span> <span class='ocrx_word' id='word_1_149' title='bbox 1272 1285 1456 1340; x_wconf 87' lang='lat' dir='ltr'>praesidii</span> <span class='ocrx_word' id='word_1_150' title='bbox 1480 1292 1655 1339; x_wconf 88' lang='lat' dir='ltr'>sperent,</span> 
     </span>
     <span class='ocr_line' id='line_1_18' title="bbox 173 1351 1657 1407; baseline 0.002 -18"><span class='ocrx_word' id='word_1_151' title='bbox 173 1351 236 1403; x_wconf 87' lang='lat' dir='ltr'>qui</span> <span class='ocrx_word' id='word_1_152' title='bbox 259 1351 342 1390; x_wconf 88' lang='lat' dir='ltr'>suis</span> <span class='ocrx_word' id='word_1_153' title='bbox 365 1351 481 1390; x_wconf 87' lang='lat' dir='ltr'>rebus</span> <span class='ocrx_word' id='word_1_154' title='bbox 505 1352 701 1403; x_wconf 73' lang='lat' dir='ltr'>diffidant3</span> <span class='ocrx_word' id='word_1_155' title='bbox 737 1367 826 1393; x_wconf 89' lang='lat' dir='ltr'>sese</span> <span class='ocrx_word' id='word_1_156' title='bbox 859 1360 989 1394; x_wconf 85' lang='lat' dir='ltr'>tamen</span> <span class='ocrx_word' id='word_1_157' title='bbox 1013 1355 1085 1394; x_wconf 91' lang='lat' dir='ltr'>hoc</span> <span class='ocrx_word' id='word_1_158' title='bbox 1108 1369 1195 1395; x_wconf 88' lang='lat' dir='ltr'>esse</span> <span class='ocrx_word' id='word_1_159' title='bbox 1217 1355 1257 1394; x_wconf 90' lang='lat' dir='ltr'>in</span> <span class='ocrx_word' id='word_1_160' title='bbox 1279 1351 1513 1394; x_wconf 87' lang='lat' dir='ltr'>Ciceronem</span> <span class='ocrx_word' id='word_1_161' title='bbox 1537 1367 1657 1407; x_wconf 92' lang='lat' dir='ltr'>popu-</span> 
     </span>
     <span class='ocr_line' id='line_1_19' title="bbox 172 1417 1658 1474; baseline 0.002 -17"><span class='ocrx_word' id='word_1_162' title='bbox 172 1418 329 1471; x_wconf 89' lang='lat' dir='ltr'>lumque</span> <span class='ocrx_word' id='word_1_163' title='bbox 343 1417 563 1458; x_wconf 82' lang='lat' dir='ltr'>Romanum</span> <span class='ocrx_word' id='word_1_164' title='bbox 579 1421 725 1469; x_wconf 81' lang='lat' dir='ltr'>animo,</span> <span class='ocrx_word' id='word_1_165' title='bbox 752 1427 794 1460; x_wconf 92' lang='lat' dir='ltr'>ut</span> <span class='ocrx_word' id='word_1_166' title='bbox 815 1421 911 1460; x_wconf 89' lang='lat' dir='ltr'>nibil</span> <span class='ocrx_word' id='word_1_167' title='bbox 933 1422 1006 1461; x_wconf 92' lang='lat' dir='ltr'>nisi</span> <span class='ocrx_word' id='word_1_168' title='bbox 1031 1422 1193 1462; x_wconf 82' lang='lat' dir='ltr'>hiberna</span> <span class='ocrx_word' id='word_1_169' title='bbox 1211 1428 1397 1462; x_wconf 86' lang='lat' dir='ltr'>recusent</span> <span class='ocrx_word' id='word_1_170' title='bbox 1419 1428 1535 1474; x_wconf 84' lang='lat' dir='ltr'>atque</span> <span class='ocrx_word' id='word_1_171' title='bbox 1559 1421 1658 1461; x_wconf 81' lang='lat' dir='ltr'>lianc</span> 
     </span>
     <span class='ocr_line' id='line_1_20' title="bbox 126 1485 1658 1542; baseline 0.002 -17"><span class='ocrx_word' id='word_1_172' title='bbox 126 1485 153 1526; x_wconf 84' lang='lat'>6</span> <span class='ocrx_word' id='word_1_173' title='bbox 173 1486 472 1527; x_wconf 85' lang='lat' dir='ltr'>inueterascere</span> <span class='ocrx_word' id='word_1_174' title='bbox 487 1488 811 1528; x_wconf 88' lang='lat' dir='ltr'>consuetudinem</span> <span class='ocrx_word' id='word_1_175' title='bbox 835 1489 983 1529; x_wconf 87' lang='lat' dir='ltr'>nolint:</span> <span class='ocrx_word' id='word_1_176' title='bbox 1009 1489 1130 1529; x_wconf 90' lang='lat' dir='ltr'>licere</span> <span class='ocrx_word' id='word_1_177' title='bbox 1150 1490 1226 1530; x_wconf 87' lang='lat' dir='ltr'>illis</span> <span class='ocrx_word' id='word_1_178' title='bbox 1249 1489 1507 1529; x_wconf 88' lang='lat' dir='ltr'>incolumibus</span> <span class='ocrx_word' id='word_1_179' title='bbox 1530 1502 1600 1542; x_wconf 88' lang='lat' dir='ltr'>per</span> <span class='ocrx_word' id='word_1_180' title='bbox 1615 1502 1658 1528; x_wconf 91' lang='lat' dir='ltr'>se</span> 
     </span>
    </p>
   </div>
   <div class='ocr_carea' id='block_1_3' title="bbox 1687 886 1727 919">
    <p class='ocr_par' dir='ltr' id='par_1_6' title="bbox 1687 886 1727 919">
     <span class='ocr_line' id='line_1_21' title="bbox 1687 886 1727 919; baseline -0.025 0"><span class='ocrx_word' id='word_1_181' title='bbox 1687 886 1727 919; x_wconf 91' lang='grc'>10</span> 
     </span>
    </p>
   </div>
   <div class='ocr_carea' id='block_1_4' title="bbox 1689 1225 1729 1257">
    <p class='ocr_par' dir='ltr' id='par_1_7' title="bbox 1689 1225 1729 1257">
     <span class='ocr_line' id='line_1_22' title="bbox 1689 1225 1729 1257; baseline -0.025 0"><span class='ocrx_word' id='word_1_182' title='bbox 1689 1225 1729 1257; x_wconf 82' lang='lat'>15</span> 
     </span>
    </p>
   </div>
   <div class='ocr_carea' id='block_1_5' title="bbox 175 1553 1732 1611">
    <p class='ocr_par' dir='ltr' id='par_1_8' title="bbox 175 1553 1732 1611">
     <span class='ocr_line' id='line_1_23' title="bbox 175 1553 1732 1611; baseline 0.001 -18"><span class='ocrx_word' id='word_1_183' title='bbox 175 1568 228 1594; x_wconf 81' lang='lat' dir='ltr'>ex</span> <span class='ocrx_word' id='word_1_184' title='bbox 250 1553 424 1594; x_wconf 87' lang='lat' dir='ltr'>hibernis</span> <span class='ocrx_word' id='word_1_185' title='bbox 448 1555 652 1596; x_wconf 85' lang='lat' dir='ltr'>discedere</span> <span class='ocrx_word' id='word_1_186' title='bbox 675 1563 739 1606; x_wconf 89' lang='lat' dir='ltr'>et,</span> <span class='ocrx_word' id='word_1_187' title='bbox 766 1571 1028 1610; x_wconf 85' lang='lat' dir='ltr'>quascumque</span> <span class='ocrx_word' id='word_1_188' title='bbox 1050 1558 1089 1597; x_wconf 87' lang='lat' dir='ltr'>in</span> <span class='ocrx_word' id='word_1_189' title='bbox 1112 1565 1245 1611; x_wconf 86' lang='lat' dir='ltr'>partes</span> <span class='ocrx_word' id='word_1_190' title='bbox 1267 1557 1412 1607; x_wconf 87' lang='lat' dir='ltr'>uelint,</span> <span class='ocrx_word' id='word_1_191' title='bbox 1447 1556 1533 1596; x_wconf 89' lang='lat' dir='ltr'>sine</span> <span class='ocrx_word' id='word_1_192' title='bbox 1555 1563 1660 1596; x_wconf 90' lang='lat' dir='ltr'>metu</span> <span class='ocrx_word' id='word_1_193' title='bbox 1689 1562 1732 1596; x_wconf 81' lang='lat'>20</span> 
     </span>
    </p>
   </div>
   <div class='ocr_carea' id='block_1_6' title="bbox 125 1619 1660 1883">
    <p class='ocr_par' dir='ltr' id='par_1_9' title="bbox 125 1619 1660 1883">
     <span class='ocr_line' id='line_1_24' title="bbox 125 1619 1659 1679; baseline 0.001 -17"><span class='ocrx_word' id='word_1_194' title='bbox 125 1622 151 1662; x_wconf 90' lang='lat'><strong>7</strong></span> <span class='ocrx_word' id='word_1_195' title='bbox 174 1622 383 1676; x_wconf 88' lang='lat' dir='ltr'>proficisci.</span> <span class='ocrx_word' id='word_1_196' title='bbox 430 1619 573 1663; x_wconf 88' lang='lat' dir='ltr'>Cicero</span> <span class='ocrx_word' id='word_1_197' title='bbox 607 1624 654 1664; x_wconf 90' lang='lat' dir='ltr'>ad</span> <span class='ocrx_word' id='word_1_198' title='bbox 683 1624 778 1663; x_wconf 86' lang='lat' dir='ltr'>hacc</span> <span class='ocrx_word' id='word_1_199' title='bbox 810 1638 928 1665; x_wconf 88' lang='lat' dir='ltr'>unum</span> <span class='ocrx_word' id='word_1_200' title='bbox 958 1627 1072 1665; x_wconf 90' lang='lat' dir='ltr'>modo</span> <span class='ocrx_word' id='word_1_201' title='bbox 1094 1625 1318 1679; x_wconf 87' lang='lat' dir='ltr'>respondit:</span> <span class='ocrx_word' id='word_1_202' title='bbox 1354 1639 1432 1665; x_wconf 92' lang='lat' dir='ltr'>non</span> <span class='ocrx_word' id='word_1_203' title='bbox 1455 1638 1543 1664; x_wconf 90' lang='lat' dir='ltr'>esse</span> <span class='ocrx_word' id='word_1_204' title='bbox 1566 1638 1659 1664; x_wconf 85' lang='lat' dir='ltr'>con-</span> 
     </span>
     <span class='ocr_line' id='line_1_25' title="bbox 174 1690 1656 1747; baseline 0.002 -18"><span class='ocrx_word' id='word_1_205' title='bbox 174 1690 418 1730; x_wconf 86' lang='lat' dir='ltr'>suetudinem</span> <span class='ocrx_word' id='word_1_206' title='bbox 439 1691 569 1744; x_wconf 90' lang='lat' dir='ltr'>populi</span> <span class='ocrx_word' id='word_1_207' title='bbox 591 1690 760 1732; x_wconf 84' lang='lat' dir='ltr'>Romani</span> <span class='ocrx_word' id='word_1_208' title='bbox 784 1693 965 1747; x_wconf 87' lang='lat' dir='ltr'>accipere</span> <span class='ocrx_word' id='word_1_209' title='bbox 986 1693 1033 1733; x_wconf 88' lang='lat' dir='ltr'>ab</span> <span class='ocrx_word' id='word_1_210' title='bbox 1057 1693 1169 1734; x_wconf 85' lang='lat' dir='ltr'>hoste</span> <span class='ocrx_word' id='word_1_211' title='bbox 1190 1699 1340 1733; x_wconf 86' lang='lat' dir='ltr'>armato</span> <span class='ocrx_word' id='word_1_212' title='bbox 1363 1693 1656 1733; x_wconf 88' lang='lat' dir='ltr'>condicionem:</span> 
     </span>
     <span class='ocr_line' id='line_1_26' title="bbox 127 1756 1660 1815; baseline 0.001 -18"><span class='ocrx_word' id='word_1_213' title='bbox 127 1756 154 1798; x_wconf 88' lang='grc'><strong>8</strong></span> <span class='ocrx_word' id='word_1_214' title='bbox 176 1757 278 1797; x_wconf 87' lang='lat' dir='ltr'>siah</span> <span class='ocrx_word' id='word_1_215' title='bbox 311 1757 430 1798; x_wconf 89' lang='lat' dir='ltr'>armis</span> <span class='ocrx_word' id='word_1_216' title='bbox 463 1758 664 1798; x_wconf 87' lang='lat' dir='ltr'>discedere</span> <span class='ocrx_word' id='word_1_217' title='bbox 694 1759 845 1810; x_wconf 87' lang='lat' dir='ltr'>uelint,</span> <span class='ocrx_word' id='word_1_218' title='bbox 879 1773 922 1800; x_wconf 93' lang='lat' dir='ltr'>sc</span> <span class='ocrx_word' id='word_1_219' title='bbox 953 1762 1131 1802; x_wconf 89' lang='lat' dir='ltr'>adiutore</span> <span class='ocrx_word' id='word_1_220' title='bbox 1161 1768 1324 1801; x_wconf 85' lang='lat' dir='ltr'>utantur</span> <span class='ocrx_word' id='word_1_221' title='bbox 1353 1762 1581 1815; x_wconf 82' lang='lat' dir='ltr'>legatosque</span> <span class='ocrx_word' id='word_1_222' title='bbox 1612 1760 1660 1799; x_wconf 84' lang='lat' dir='ltr'>ad</span> 
     </span>
     <span class='ocr_line' id='line_1_27' title="bbox 176 1822 1660 1883; baseline 0.001 -18"><span class='ocrx_word' id='word_1_223' title='bbox 176 1822 391 1866; x_wconf 85' lang='lat' dir='ltr'>Caesarem</span> <span class='ocrx_word' id='word_1_224' title='bbox 414 1825 595 1876; x_wconf 78' lang='lat' dir='ltr'>mittant3</span> <span class='ocrx_word' id='word_1_225' title='bbox 631 1840 792 1880; x_wconf 88' lang='lat' dir='ltr'>sperare</span> <span class='ocrx_word' id='word_1_226' title='bbox 821 1842 890 1882; x_wconf 91' lang='lat' dir='ltr'>pro</span> <span class='ocrx_word' id='word_1_227' title='bbox 914 1829 996 1869; x_wconf 88' lang='lat' dir='ltr'>eius</span> <span class='ocrx_word' id='word_1_228' title='bbox 1018 1829 1192 1880; x_wconf 87' lang='lat' dir='ltr'>institia,</span> <span class='ocrx_word' id='word_1_229' title='bbox 1227 1843 1325 1882; x_wconf 86' lang='lat' dir='ltr'>quac</span> <span class='ocrx_word' id='word_1_230' title='bbox 1346 1829 1555 1883; x_wconf 87' lang='lat' dir='ltr'>petierint,</span> <span class='ocrx_word' id='word_1_231' title='bbox 1588 1828 1660 1868; x_wconf 89' lang='lat' dir='ltr'>im-</span> 
     </span>
    </p>
   </div>
   <div class='ocr_carea' id='block_1_7' title="bbox 101 1892 1733 1950">
    <p class='ocr_par' dir='ltr' id='par_1_10' title="bbox 101 1892 1733 1950">
     <span class='ocr_line' id='line_1_28' title="bbox 101 1892 1733 1950; baseline -0.001 -14"><span class='ocrx_word' id='word_1_232' title='bbox 101 1892 158 1937; x_wconf 76' lang='lat'>42</span> <span class='ocrx_word' id='word_1_233' title='bbox 178 1900 419 1947; x_wconf 84' lang='lat' dir='ltr'>petraturos.</span> <span class='ocrx_word' id='word_1_234' title='bbox 490 1894 554 1933; x_wconf 91' lang='lat' dir='ltr'>Ab</span> <span class='ocrx_word' id='word_1_235' title='bbox 604 1895 675 1934; x_wconf 91' lang='lat' dir='ltr'>hac</span> <span class='ocrx_word' id='word_1_236' title='bbox 717 1909 784 1949; x_wconf 91' lang='lat' dir='ltr'>spe</span> <span class='ocrx_word' id='word_1_237' title='bbox 832 1897 979 1950; x_wconf 89' lang='lat' dir='ltr'>repulsi</span> <span class='ocrx_word' id='word_1_238' title='bbox 1018 1896 1163 1937; x_wconf 83' lang='lat' dir='ltr'>Neruii</span> <span class='ocrx_word' id='word_1_239' title='bbox 1204 1897 1308 1937; x_wconf 91' lang='lat' dir='ltr'>uallo</span> <span class='ocrx_word' id='word_1_240' title='bbox 1356 1897 1495 1950; x_wconf 89' lang='lat' dir='ltr'>pedum</span> <span class='ocrx_word' id='word_1_241' title='bbox 1534 1902 1583 1936; x_wconf 91' lang='lat' dir='ltr'>IX</span> <span class='ocrx_word' id='word_1_242' title='bbox 1623 1902 1663 1935; x_wconf 87' lang='lat' dir='ltr'>ct</span> <span class='ocrx_word' id='word_1_243' title='bbox 1691 1902 1733 1936; x_wconf 80' lang='lat'>25</span> 
     </span>
    </p>
   </div>
   <div class='ocr_carea' id='block_1_8' title="bbox 177 1979 1665 2900">
    <p class='ocr_par' dir='ltr' id='par_1_11' title="bbox 177 1979 1665 2639">
     <span class='ocr_line' id='line_1_29' title="bbox 323 1979 1660 2024; baseline 0.001 -13"><span class='ocrx_word' id='word_1_244' title='bbox 323 1979 335 2011; x_wconf 88' lang='grc'>1</span> <span class='ocrx_word' id='word_1_245' title='bbox 360 1980 478 2011; x_wconf 85' lang='lat' dir='ltr'>eadem</span> <span class='ocrx_word' id='word_1_246' title='bbox 498 1981 645 2022; x_wconf 86' lang='lat' dir='ltr'>ratione,</span> <span class='ocrx_word' id='word_1_247' title='bbox 667 1992 732 2023; x_wconf 87' lang='lat' dir='ltr'>qua</span> <span class='ocrx_word' id='word_1_248' title='bbox 751 1982 872 2024; x_wconf 87' lang='lat' dir='ltr'>pridie,</span> <span class='ocrx_word' id='word_1_249' title='bbox 893 1983 933 2014; x_wconf 87' lang='lat' dir='ltr'>ab</span> <span class='ocrx_word' id='word_1_250' title='bbox 954 1984 1078 2015; x_wconf 86' lang='lat' dir='ltr'>nostris</span> <span class='ocrx_word' id='word_1_251' title='bbox 1097 1984 1127 2015; x_wconf 92' lang='lat' dir='ltr'><em>B</em></span> <span class='ocrx_word' id='word_1_252' title='bbox 1145 1988 1181 2015; x_wconf 70' lang='lat' dir='ltr'>et</span> <span class='ocrx_word' id='word_1_253' title='bbox 1197 1984 1274 2016; x_wconf 78' lang='lat' dir='ltr'>edd.</span> <span class='ocrx_word' id='word_1_254' title='bbox 1295 1983 1548 2022; x_wconf 72' lang='lat' dir='ltr'>anteAlclum;</span> <span class='ocrx_word' id='word_1_255' title='bbox 1565 1991 1583 2013; x_wconf 83' lang='lat' dir='ltr'>a</span> <span class='ocrx_word' id='word_1_256' title='bbox 1604 1992 1660 2013; x_wconf 91' lang='lat' dir='ltr'>no-</span> 
     </span>
     <span class='ocr_line' id='line_1_30' title="bbox 177 2031 1662 2078; baseline 0.003 -16"><span class='ocrx_word' id='word_1_257' title='bbox 177 2031 260 2063; x_wconf 89' lang='lat' dir='ltr'>stris</span> <span class='ocrx_word' id='word_1_258' title='bbox 280 2031 398 2063; x_wconf 83' lang='lat' dir='ltr'>eadem</span> <span class='ocrx_word' id='word_1_259' title='bbox 418 2033 564 2073; x_wconf 85' lang='lat' dir='ltr'>ratione,</span> <span class='ocrx_word' id='word_1_260' title='bbox 586 2043 651 2074; x_wconf 86' lang='lat' dir='ltr'>qua</span> <span class='ocrx_word' id='word_1_261' title='bbox 670 2034 777 2075; x_wconf 84' lang='lat' dir='ltr'>pridie</span> <span class='ocrx_word' id='word_1_262' title='bbox 796 2034 910 2066; x_wconf 76' lang='lat' dir='ltr'>Aldus</span> <span class='ocrx_word' id='word_1_263' title='bbox 929 2039 966 2067; x_wconf 71' lang='lat' dir='ltr'>et</span> <span class='ocrx_word' id='word_1_264' title='bbox 980 2047 1020 2073; x_wconf 74' lang='grc' dir='ltr'>υ,</span> <span class='ocrx_word' id='word_1_265' title='bbox 1050 2038 1123 2067; x_wconf 64' lang='lat' dir='ltr'>nisa·</span> <span class='ocrx_word' id='word_1_266' title='bbox 1139 2037 1235 2078; x_wconf 80' lang='lat' dir='ltr'>quod</span> <span class='ocrx_word' id='word_1_267' title='bbox 1252 2038 1338 2068; x_wconf 80' lang='lat' dir='ltr'>haec</span> <span class='ocrx_word' id='word_1_268' title='bbox 1356 2046 1433 2067; x_wconf 75' lang='lat' dir='ltr'>cum</span> <span class='ocrx_word' id='word_1_269' title='bbox 1451 2035 1521 2067; x_wconf 88' lang='lat' dir='ltr'>AC</span> <span class='ocrx_word' id='word_1_270' title='bbox 1537 2035 1577 2066; x_wconf 88' lang='lat' dir='ltr'>ab</span> <span class='ocrx_word' id='word_1_271' title='bbox 1598 2035 1662 2066; x_wconf 76' lang='lat' dir='ltr'>lm-</span> 
     </span>
     <span class='ocr_line' id='line_1_31' title="bbox 180 2082 1658 2130; baseline 0.002 -17"><span class='ocrx_word' id='word_1_272' title='bbox 180 2084 246 2114; x_wconf 71' lang='lat' dir='ltr'>bet.</span> <span class='ocrx_word' id='word_1_273' title='bbox 386 2082 407 2116; x_wconf 80' lang='grc'>2</span> <span class='ocrx_word' id='word_1_274' title='bbox 426 2083 568 2125; x_wconf 84' lang='lat' dir='ltr'>reliquis</span> <span class='ocrx_word' id='word_1_275' title='bbox 588 2084 748 2126; x_wconf 86' lang='lat' dir='ltr'>deinceps</span> <span class='ocrx_word' id='word_1_276' title='bbox 768 2085 798 2116; x_wconf 93' lang='lat' dir='ltr'><em>B</em></span> <span class='ocrx_word' id='word_1_277' title='bbox 815 2085 1037 2127; x_wconf 72' lang='lat' dir='ltr'>Stephanus,</span> <span class='ocrx_word' id='word_1_278' title='bbox 1062 2088 1222 2130; x_wconf 83' lang='lat' dir='ltr'>deinceps</span> <span class='ocrx_word' id='word_1_279' title='bbox 1242 2088 1382 2128; x_wconf 85' lang='lat' dir='ltr'>reliquis</span> <span class='ocrx_word' id='word_1_280' title='bbox 1403 2090 1537 2117; x_wconf 72' lang='lat' dir='ltr'>ceterae</span> <span class='ocrx_word' id='word_1_281' title='bbox 1556 2086 1634 2117; x_wconf 81' lang='lat' dir='ltr'>edd.</span> <span class='ocrx_word' id='word_1_282' title='bbox 1648 2097 1658 2116; x_wconf 82' lang='grc'>.-</span> 
     </span>
     <span class='ocr_line' id='line_1_32' title="bbox 182 2134 1659 2179; baseline 0.002 -15"><span class='ocrx_word' id='word_1_283' title='bbox 182 2135 230 2164; x_wconf 79' lang='lat' dir='ltr'>‘in</span> <span class='ocrx_word' id='word_1_284' title='bbox 249 2144 332 2165; x_wconf 79' lang='lat' dir='ltr'>mss.</span> <span class='ocrx_word' id='word_1_285' title='bbox 351 2134 450 2165; x_wconf 69' lang='lat' dir='ltr'>sedes</span> <span class='ocrx_word' id='word_1_286' title='bbox 468 2137 567 2166; x_wconf 74' lang='lat' dir='ltr'>uocis</span> <span class='ocrx_word' id='word_1_287' title='bbox 587 2135 746 2177; x_wconf 85' lang='lat' dir='ltr'>deinceps</span> <span class='ocrx_word' id='word_1_288' title='bbox 766 2138 818 2167; x_wconf 79' lang='lat' dir='ltr'>ila</span> <span class='ocrx_word' id='word_1_289' title='bbox 837 2139 1023 2177; x_wconf 67' lang='lat' dir='ltr'>variatur,</span> <span class='ocrx_word' id='word_1_290' title='bbox 1053 2141 1093 2169; x_wconf 75' lang='lat' dir='ltr'>ut</span> <span class='ocrx_word' id='word_1_291' title='bbox 1118 2141 1152 2169; x_wconf 72' lang='lat' dir='ltr'>in</span> <span class='ocrx_word' id='word_1_292' title='bbox 1183 2140 1238 2169; x_wconf 76' lang='lat' dir='ltr'>liis</span> <span class='ocrx_word' id='word_1_293' title='bbox 1256 2140 1307 2169; x_wconf 71' lang='lat' dir='ltr'>sit</span> <span class='ocrx_word' id='word_1_294' title='bbox 1324 2138 1466 2178; x_wconf 80' lang='lat' dir='ltr'>reliquis</span> <span class='ocrx_word' id='word_1_295' title='bbox 1486 2137 1659 2179; x_wconf 86' lang='lat' dir='ltr'>deinceps,</span> 
     </span>
     <span class='ocr_line' id='line_1_33' title="bbox 179 2186 1656 2231; baseline 0.001 -15"><span class='ocrx_word' id='word_1_296' title='bbox 179 2188 217 2216; x_wconf 78' lang='grc' dir='ltr'>’ίη</span> <span class='ocrx_word' id='word_1_297' title='bbox 237 2186 312 2217; x_wconf 64' lang='lat' dir='ltr'><em>illis</em></span> <span class='ocrx_word' id='word_1_298' title='bbox 331 2186 473 2228; x_wconf 86' lang='lat' dir='ltr'>reliquis</span> <span class='ocrx_word' id='word_1_299' title='bbox 492 2188 529 2218; x_wconf 88' lang='lat' dir='ltr'>fit</span> <span class='ocrx_word' id='word_1_300' title='bbox 547 2187 720 2230; x_wconf 82' lang='lat' dir='ltr'>deinceps,</span> <span class='ocrx_word' id='word_1_301' title='bbox 741 2190 778 2218; x_wconf 78' lang='lat' dir='ltr'>in</span> <span class='ocrx_word' id='word_1_302' title='bbox 797 2188 900 2229; x_wconf 69' lang='lat' dir='ltr'>aliis,</span> <span class='ocrx_word' id='word_1_303' title='bbox 931 2192 972 2220; x_wconf 76' lang='lat' dir='ltr'>vt</span> <span class='ocrx_word' id='word_1_304' title='bbox 989 2189 1120 2231; x_wconf 68' lang='lat' dir='ltr'>uulgo,</span> <span class='ocrx_word' id='word_1_305' title='bbox 1146 2194 1253 2231; x_wconf 74' lang='lat' dir='ltr'>atque</span> <span class='ocrx_word' id='word_1_306' title='bbox 1272 2192 1308 2221; x_wconf 77' lang='lat'>1¹72</span> <span class='ocrx_word' id='word_1_307' title='bbox 1332 2190 1359 2220; x_wconf 77' lang='lat' dir='ltr'><em>C</em></span> <span class='ocrx_word' id='word_1_308' title='bbox 1377 2199 1446 2220; x_wconf 79' lang='lat' dir='ltr'>non</span> <span class='ocrx_word' id='word_1_309' title='bbox 1466 2192 1656 2230; x_wconf 78' lang='lat' dir='ltr'>comparet,</span> 
     </span>
     <span class='ocr_line' id='line_1_34' title="bbox 179 2239 1660 2283; baseline 0.001 -14"><span class='ocrx_word' id='word_1_310' title='bbox 179 2241 254 2270; x_wconf 70' lang='lat' dir='ltr'>nisi</span> <span class='ocrx_word' id='word_1_311' title='bbox 268 2249 336 2270; x_wconf 74' lang='lat' dir='ltr'>sce.</span> <span class='ocrx_word' id='word_1_312' title='bbox 358 2249 405 2270; x_wconf 85' lang='lat' dir='ltr'>m.</span> <span class='ocrx_word' id='word_1_313' title='bbox 425 2240 473 2271; x_wconf 78' lang='lat' dir='ltr'>ad</span> <span class='ocrx_word' id='word_1_314' title='bbox 489 2239 620 2282; x_wconf 78' lang='lat' dir='ltr'>marg.&#39;</span> <span class='ocrx_word' id='word_1_315' title='bbox 757 2239 776 2271; x_wconf 85' lang='lat'>3</span> <span class='ocrx_word' id='word_1_316' title='bbox 796 2240 910 2282; x_wconf 86' lang='lat' dir='ltr'>datur]</span> <span class='ocrx_word' id='word_1_317' title='bbox 932 2252 995 2272; x_wconf 89' lang='lat' dir='ltr'>non</span> <span class='ocrx_word' id='word_1_318' title='bbox 1015 2243 1129 2283; x_wconf 85' lang='lat' dir='ltr'>aegris</span> <span class='ocrx_word' id='word_1_319' title='bbox 1148 2243 1230 2274; x_wconf 80' lang='lat' dir='ltr'>add.</span> <span class='ocrx_word' id='word_1_320' title='bbox 1252 2243 1303 2282; x_wconf 89' lang='lat' dir='ltr'>B,</span> <span class='ocrx_word' id='word_1_321' title='bbox 1322 2241 1384 2273; x_wconf 79' lang='lat' dir='ltr'>sed</span> <span class='ocrx_word' id='word_1_322' title='bbox 1396 2242 1542 2283; x_wconf 76' lang='lat' dir='ltr'>punctis</span> <span class='ocrx_word' id='word_1_323' title='bbox 1560 2240 1660 2281; x_wconf 76' lang='lat' dir='ltr'>infra</span> 
     </span>
     <span class='ocr_line' id='line_1_35' title="bbox 180 2292 1661 2336; baseline 0.001 -15"><span class='ocrx_word' id='word_1_324' title='bbox 180 2293 217 2321; x_wconf 73' lang='lat' dir='ltr'>et</span> <span class='ocrx_word' id='word_1_325' title='bbox 231 2300 339 2331; x_wconf 81' lang='lat' dir='ltr'>supra</span> <span class='ocrx_word' id='word_1_326' title='bbox 354 2294 500 2331; x_wconf 74' lang='lat' dir='ltr'>positis.</span> <span class='ocrx_word' id='word_1_327' title='bbox 637 2292 657 2323; x_wconf 77' lang='lat'>4</span> <span class='ocrx_word' id='word_1_328' title='bbox 677 2301 908 2334; x_wconf 87' lang='lat' dir='ltr'>quaecumque</span> <span class='ocrx_word' id='word_1_329' title='bbox 929 2294 999 2335; x_wconf 83' lang='lat' dir='ltr'>(B),</span> <span class='ocrx_word' id='word_1_330' title='bbox 1022 2305 1090 2326; x_wconf 70' lang='lat' dir='ltr'>non</span> <span class='ocrx_word' id='word_1_331' title='bbox 1111 2304 1345 2336; x_wconf 81' lang='lat' dir='ltr'>quaecunque.</span> <span class='ocrx_word' id='word_1_332' title='bbox 1468 2303 1548 2334; x_wconf 88' lang='lat' dir='ltr'>opus</span> <span class='ocrx_word' id='word_1_333' title='bbox 1567 2292 1661 2335; x_wconf 87' lang='lat' dir='ltr'>sunt]</span> 
     </span>
     <span class='ocr_line' id='line_1_36' title="bbox 182 2341 1662 2387; baseline 0.001 -16"><span class='ocrx_word' id='word_1_334' title='bbox 182 2346 369 2382; x_wconf 86' lang='lat' dir='ltr'>oppossunt</span> <span class='ocrx_word' id='word_1_335' title='bbox 387 2341 417 2371; x_wconf 82' lang='lat' dir='ltr'><em>B</em></span> <span class='ocrx_word' id='word_1_336' title='bbox 430 2341 477 2379; x_wconf 73' lang='grc' dir='ltr'>ζ’,</span> <span class='ocrx_word' id='word_1_337' title='bbox 507 2346 691 2382; x_wconf 79' lang='lat' dir='ltr'>oppossent</span> <span class='ocrx_word' id='word_1_338' title='bbox 706 2342 763 2383; x_wconf 87' lang='lat' dir='ltr'>D,-</span> <span class='ocrx_word' id='word_1_339' title='bbox 788 2343 851 2375; x_wconf 78' lang='lat' dir='ltr'>sed</span> <span class='ocrx_word' id='word_1_340' title='bbox 868 2345 903 2374; x_wconf 78' lang='lat' dir='ltr'>in</span> <span class='ocrx_word' id='word_1_341' title='bbox 926 2344 993 2376; x_wconf 78' lang='lat' dir='ltr'>CD</span> <span class='ocrx_word' id='word_1_342' title='bbox 1015 2344 1286 2387; x_wconf 75' lang='lat' dir='ltr'>Oudendorpz&#39;us</span> <span class='ocrx_word' id='word_1_343' title='bbox 1305 2343 1586 2386; x_wconf 82' lang='lat' dir='ltr'>oppugnationem</span> <span class='ocrx_word' id='word_1_344' title='bbox 1605 2343 1662 2374; x_wconf 80' lang='lat' dir='ltr'>de-</span> 
     </span>
     <span class='ocr_line' id='line_1_37' title="bbox 180 2390 1663 2437; baseline 0.004 -17"><span class='ocrx_word' id='word_1_345' title='bbox 180 2390 338 2421; x_wconf 72' lang='lat' dir='ltr'>siderum·</span> <span class='ocrx_word' id='word_1_346' title='bbox 353 2392 563 2432; x_wconf 51' lang='lat' dir='ltr'>significare</span> <span class='ocrx_word' id='word_1_347' title='bbox 582 2392 738 2424; x_wconf 70' lang='lat' dir='ltr'>uidetur.</span> <span class='ocrx_word' id='word_1_348' title='bbox 897 2394 915 2426; x_wconf 83' lang='grc'><strong>6</strong></span> <span class='ocrx_word' id='word_1_349' title='bbox 935 2394 1131 2437; x_wconf 84' lang='lat' dir='ltr'>luricaeqne</span> <span class='ocrx_word' id='word_1_350' title='bbox 1153 2395 1224 2427; x_wconf 83' lang='lat' dir='ltr'>AB</span> <span class='ocrx_word' id='word_1_351' title='bbox 1237 2395 1306 2427; x_wconf 85' lang='lat' dir='ltr'>CD</span> <span class='ocrx_word' id='word_1_352' title='bbox 1319 2396 1351 2427; x_wconf 87' lang='lat' dir='ltr'>b.</span> <span class='ocrx_word' id='word_1_353' title='bbox 1510 2396 1528 2428; x_wconf 92' lang='lat'><strong>7</strong></span> <span class='ocrx_word' id='word_1_354' title='bbox 1548 2399 1663 2427; x_wconf 83' lang='lat' dir='ltr'>conte-</span> 
     </span>
     <span class='ocr_line' id='line_1_38' title="bbox 182 2443 1530 2480; baseline 0.003 -6"><span class='ocrx_word' id='word_1_355' title='bbox 182 2448 311 2475; x_wconf 87' lang='lat' dir='ltr'>xuntur</span> <span class='ocrx_word' id='word_1_356' title='bbox 330 2444 360 2474; x_wconf 87' lang='lat' dir='ltr'>b.</span> <span class='ocrx_word' id='word_1_357' title='bbox 502 2443 693 2475; x_wconf 86' lang='lat' dir='ltr'>ualitudine</span> <span class='ocrx_word' id='word_1_358' title='bbox 712 2445 742 2476; x_wconf 89' lang='lat' dir='ltr'><em>B</em></span> <span class='ocrx_word' id='word_1_359' title='bbox 761 2443 873 2477; x_wconf 81' lang='lat' dir='ltr'>‘mss.’</span> <span class='ocrx_word' id='word_1_360' title='bbox 1013 2448 1031 2480; x_wconf 83' lang='grc'>9</span> <span class='ocrx_word' id='word_1_361' title='bbox 1052 2448 1191 2479; x_wconf 80' lang='lat' dir='ltr'>incursu</span> <span class='ocrx_word' id='word_1_362' title='bbox 1211 2458 1240 2478; x_wconf 85' lang='lat' dir='ltr'>c.</span> <span class='ocrx_word' id='word_1_363' title='bbox 1381 2452 1449 2479; x_wconf 84' lang='lat' dir='ltr'>tum</span> <span class='ocrx_word' id='word_1_364' title='bbox 1471 2448 1488 2478; x_wconf 90' lang='lat' dir='ltr'>b</span> <span class='ocrx_word' id='word_1_365' title='bbox 1502 2457 1530 2478; x_wconf 85' lang='lat' dir='ltr'>e.</span> 
     </span>
     <span class='ocr_line' id='line_1_39' title="bbox 185 2492 1662 2539; baseline 0.002 -13"><span class='ocrx_word' id='word_1_366' title='bbox 185 2494 223 2526; x_wconf 86' lang='lat'>11</span> <span class='ocrx_word' id='word_1_367' title='bbox 246 2492 402 2535; x_wconf 81' lang='lat' dir='ltr'>conloqui</span> <span class='ocrx_word' id='word_1_368' title='bbox 421 2493 463 2524; x_wconf 88' lang='lat' dir='ltr'>B.</span> <span class='ocrx_word' id='word_1_369' title='bbox 620 2494 660 2526; x_wconf 86' lang='lat'>13</span> <span class='ocrx_word' id='word_1_370' title='bbox 680 2505 794 2526; x_wconf 87' lang='lat' dir='ltr'>omnes</span> <span class='ocrx_word' id='word_1_371' title='bbox 812 2506 889 2527; x_wconf 87' lang='lat' dir='ltr'>esse</span> <span class='ocrx_word' id='word_1_372' title='bbox 909 2496 940 2527; x_wconf 91' lang='lat' dir='ltr'>in</span> <span class='ocrx_word' id='word_1_373' title='bbox 962 2497 1065 2528; x_wconf 86' lang='lat' dir='ltr'>armis</span> <span class='ocrx_word' id='word_1_374' title='bbox 1085 2497 1199 2529; x_wconf 88' lang='lat' dir='ltr'>Gallos</span> <span class='ocrx_word' id='word_1_375' title='bbox 1216 2498 1262 2529; x_wconf 84' lang='lat' dir='ltr'>J).</span> <span class='ocrx_word' id='word_1_376' title='bbox 1422 2498 1461 2531; x_wconf 86' lang='grc'>16</span> <span class='ocrx_word' id='word_1_377' title='bbox 1481 2497 1662 2539; x_wconf 86' lang='lat' dir='ltr'>quidquam</span> 
     </span>
     <span class='ocr_line' id='line_1_40' title="bbox 185 2544 1665 2592; baseline 0.002 -15"><span class='ocrx_word' id='word_1_378' title='bbox 185 2546 258 2588; x_wconf 92' lang='lat' dir='ltr'>(B).</span> <span class='ocrx_word' id='word_1_379' title='bbox 400 2544 583 2586; x_wconf 84' lang='lat' dir='ltr'>praesidiis</span> <span class='ocrx_word' id='word_1_380' title='bbox 601 2546 633 2576; x_wconf 89' lang='lat' dir='ltr'><em>D</em></span> <span class='ocrx_word' id='word_1_381' title='bbox 651 2547 681 2577; x_wconf 90' lang='lat' dir='ltr'>b.</span> <span class='ocrx_word' id='word_1_382' title='bbox 804 2547 843 2580; x_wconf 90' lang='grc'>17</span> <span class='ocrx_word' id='word_1_383' title='bbox 862 2548 894 2579; x_wconf 91' lang='lat' dir='ltr'>in</span> <span class='ocrx_word' id='word_1_384' title='bbox 915 2547 1080 2580; x_wconf 85' lang='lat' dir='ltr'>Cicerone</span> <span class='ocrx_word' id='word_1_385' title='bbox 1100 2550 1130 2580; x_wconf 88' lang='lat' dir='ltr'>b.</span> <span class='ocrx_word' id='word_1_386' title='bbox 1250 2550 1430 2592; x_wconf 88' lang='lat' dir='ltr'>populique</span> <span class='ocrx_word' id='word_1_387' title='bbox 1449 2553 1499 2590; x_wconf 76' lang='lat' dir='ltr'>(ct</span> <span class='ocrx_word' id='word_1_388' title='bbox 1516 2560 1665 2590; x_wconf 69' lang='lat' dir='ltr'>sequens·</span> 
     </span>
     <span class='ocr_line' id='line_1_41' title="bbox 185 2595 1661 2639; baseline 0.003 -11"><span class='ocrx_word' id='word_1_389' title='bbox 185 2595 400 2628; x_wconf 78' lang='lat' dir='ltr'>uocabulum</span> <span class='ocrx_word' id='word_1_390' title='bbox 412 2605 480 2636; x_wconf 77' lang='lat' dir='ltr'>per</span> <span class='ocrx_word' id='word_1_391' title='bbox 497 2599 641 2636; x_wconf 79' lang='lat' dir='ltr'>notam,</span> <span class='ocrx_word' id='word_1_392' title='bbox 661 2600 702 2627; x_wconf 76' lang='lat' dir='ltr'>vt</span> <span class='ocrx_word' id='word_1_393' title='bbox 718 2597 892 2639; x_wconf 78' lang='lat' dir='ltr'>arbitror)</span> <span class='ocrx_word' id='word_1_394' title='bbox 914 2599 931 2630; x_wconf 85' lang='lat' dir='ltr'>b</span> <span class='ocrx_word' id='word_1_395' title='bbox 945 2609 974 2631; x_wconf 83' lang='lat' dir='ltr'>c.</span> <span class='ocrx_word' id='word_1_396' title='bbox 1153 2598 1192 2631; x_wconf 80' lang='lat'>19</span> <span class='ocrx_word' id='word_1_397' title='bbox 1212 2599 1469 2632; x_wconf 83' lang='lat' dir='ltr'>inuetereseere</span> <span class='ocrx_word' id='word_1_398' title='bbox 1488 2602 1520 2633; x_wconf 77' lang='lat' dir='ltr'><em>A</em></span> <span class='ocrx_word' id='word_1_399' title='bbox 1531 2601 1561 2632; x_wconf 83' lang='lat' dir='ltr'><em>B</em></span> <span class='ocrx_word' id='word_1_400' title='bbox 1577 2600 1661 2632; x_wconf 87' lang='lat' dir='ltr'>CD.</span> 
     </span>
    </p>

    <p class='ocr_par' dir='ltr' id='par_1_12' title="bbox 184 2648 1664 2900">
     <span class='ocr_line' id='line_1_42' title="bbox 328 2648 1663 2694; baseline 0.003 -15"><span class='ocrx_word' id='word_1_401' title='bbox 328 2648 371 2682; x_wconf 88' lang='grc'>20</span> <span class='ocrx_word' id='word_1_402' title='bbox 390 2657 619 2689; x_wconf 87' lang='lat' dir='ltr'>quascumque</span> <span class='ocrx_word' id='word_1_403' title='bbox 640 2648 714 2689; x_wconf 89' lang='lat' dir='ltr'>(B).</span> <span class='ocrx_word' id='word_1_404' title='bbox 856 2650 888 2681; x_wconf 92' lang='lat' dir='ltr'>in</span> <span class='ocrx_word' id='word_1_405' title='bbox 909 2651 975 2690; x_wconf 83' lang='lat' dir='ltr'>bc,</span> <span class='ocrx_word' id='word_1_406' title='bbox 996 2661 1063 2682; x_wconf 82' lang='lat' dir='ltr'>om.</span> <span class='ocrx_word' id='word_1_407' title='bbox 1085 2651 1115 2682; x_wconf 87' lang='lat' dir='ltr'><em>B</em></span> <span class='ocrx_word' id='word_1_408' title='bbox 1136 2652 1228 2683; x_wconf 50' lang='lat' dir='ltr'>‘mss</span> <span class='ocrx_word' id='word_1_409' title='bbox 1252 2651 1316 2684; x_wconf 71' lang='lat'>13³.</span> <span class='ocrx_word' id='word_1_410' title='bbox 1444 2653 1488 2687; x_wconf 72' lang='lat'>22</span> <span class='ocrx_word' id='word_1_411' title='bbox 1506 2652 1663 2694; x_wconf 86' lang='lat' dir='ltr'>accipere</span> 
     </span>
     <span class='ocr_line' id='line_1_43' title="bbox 184 2698 1664 2744; baseline 0.003 -14"><span class='ocrx_word' id='word_1_412' title='bbox 184 2700 215 2732; x_wconf 89' lang='lat' dir='ltr'><em>B</em></span> <span class='ocrx_word' id='word_1_413' title='bbox 234 2698 389 2739; x_wconf 76' lang='lat' dir='ltr'>‘eeterz‘³,</span> <span class='ocrx_word' id='word_1_414' title='bbox 412 2698 513 2730; x_wconf 90' lang='lat' dir='ltr'>ullam</span> <span class='ocrx_word' id='word_1_415' title='bbox 533 2700 688 2741; x_wconf 84' lang='lat' dir='ltr'>accipere</span> <span class='ocrx_word' id='word_1_416' title='bbox 709 2699 826 2731; x_wconf 79' lang='lat' dir='ltr'>bede.</span> <span class='ocrx_word' id='word_1_417' title='bbox 989 2701 1215 2733; x_wconf 82' lang='lat' dir='ltr'>conditionem</span> <span class='ocrx_word' id='word_1_418' title='bbox 1237 2702 1311 2744; x_wconf 81' lang='lat' dir='ltr'>(B).</span> <span class='ocrx_word' id='word_1_419' title='bbox 1469 2703 1514 2737; x_wconf 86' lang='grc'>23</span> <span class='ocrx_word' id='word_1_420' title='bbox 1533 2703 1664 2744; x_wconf 77' lang='lat' dir='ltr'>legatos</span> 
     </span>
     <span class='ocr_line' id='line_1_44' title="bbox 187 2750 1663 2796; baseline 0 -13"><span class='ocrx_word' id='word_1_421' title='bbox 187 2752 228 2783; x_wconf 89' lang='lat' dir='ltr'>ad</span> <span class='ocrx_word' id='word_1_422' title='bbox 239 2752 423 2783; x_wconf 85' lang='lat' dir='ltr'>Caesarem</span> <span class='ocrx_word' id='word_1_423' title='bbox 438 2750 475 2782; x_wconf 78' lang='lat' dir='ltr'>C.</span> <span class='ocrx_word' id='word_1_424' title='bbox 581 2752 623 2785; x_wconf 80' lang='grc'>24</span> <span class='ocrx_word' id='word_1_425' title='bbox 639 2751 789 2794; x_wconf 84' lang='lat' dir='ltr'>sperare]</span> <span class='ocrx_word' id='word_1_426' title='bbox 804 2761 839 2783; x_wconf 89' lang='lat' dir='ltr'>se</span> <span class='ocrx_word' id='word_1_427' title='bbox 851 2751 933 2783; x_wconf 76' lang='lat' dir='ltr'>add.</span> <span class='ocrx_word' id='word_1_428' title='bbox 956 2753 973 2783; x_wconf 80' lang='lat' dir='ltr'>b</span> <span class='ocrx_word' id='word_1_429' title='bbox 987 2764 1002 2783; x_wconf 80' lang='lat' dir='ltr'>c</span> <span class='ocrx_word' id='word_1_430' title='bbox 1014 2753 1037 2784; x_wconf 74' lang='lat' dir='ltr'>cl</span> <span class='ocrx_word' id='word_1_431' title='bbox 1047 2763 1075 2784; x_wconf 77' lang='lat' dir='ltr'>e.</span> <span class='ocrx_word' id='word_1_432' title='bbox 1184 2755 1285 2795; x_wconf 79' lang='lat' dir='ltr'>251x‚</span> <span class='ocrx_word' id='word_1_433' title='bbox 1301 2764 1410 2796; x_wconf 74' lang='lat' dir='ltr'>supra</span> <span class='ocrx_word' id='word_1_434' title='bbox 1422 2757 1578 2796; x_wconf 69' lang='lat' dir='ltr'>ascripto</span> <span class='ocrx_word' id='word_1_435' title='bbox 1597 2765 1663 2795; x_wconf 80' lang='lat' dir='ltr'>mo,</span> 
     </span>
     <span class='ocr_line' id='line_1_45' title="bbox 188 2801 1662 2846; baseline 0.003 -14"><span class='ocrx_word' id='word_1_436' title='bbox 188 2802 263 2833; x_wconf 82' lang='lat' dir='ltr'>Bet</span> <span class='ocrx_word' id='word_1_437' title='bbox 282 2802 414 2833; x_wconf 88' lang='lat' dir='ltr'>‘nouem</span> <span class='ocrx_word' id='word_1_438' title='bbox 428 2801 488 2832; x_wconf 79' lang='lat' dir='ltr'>uel</span> <span class='ocrx_word' id='word_1_439' title='bbox 505 2812 538 2833; x_wconf 81' lang='lat' dir='ltr'>ix</span> <span class='ocrx_word' id='word_1_440' title='bbox 557 2802 588 2833; x_wconf 80' lang='lat' dir='ltr'><em>A</em></span> <span class='ocrx_word' id='word_1_441' title='bbox 603 2801 699 2840; x_wconf 71' lang='lat' dir='ltr'>CD’5</span> <span class='ocrx_word' id='word_1_442' title='bbox 718 2811 767 2832; x_wconf 84' lang='lat' dir='ltr'>xe</span> <span class='ocrx_word' id='word_1_443' title='bbox 790 2802 932 2834; x_wconf 73' lang='lat' dir='ltr'>Orosius</span> <span class='ocrx_word' id='word_1_444' title='bbox 946 2802 1007 2844; x_wconf 80' lang='grc' dir='ltr'>ΙἸ,</span> <span class='ocrx_word' id='word_1_445' title='bbox 1033 2804 1090 2845; x_wconf 81' lang='lat'>103</span> <span class='ocrx_word' id='word_1_446' title='bbox 1111 2815 1145 2835; x_wconf 73' lang='lat' dir='ltr'>xx</span> <span class='ocrx_word' id='word_1_447' title='bbox 1164 2815 1208 2836; x_wconf 85' lang='lat' dir='ltr'>n:</span> <span class='ocrx_word' id='word_1_448' title='bbox 1229 2816 1288 2846; x_wconf 64' lang='grc' dir='ltr'>ΧΠ,</span> <span class='ocrx_word' id='word_1_449' title='bbox 1308 2808 1438 2836; x_wconf 75' lang='lat' dir='ltr'>omisso</span> <span class='ocrx_word' id='word_1_450' title='bbox 1452 2810 1498 2843; x_wconf 88' lang='lat' dir='ltr'>et,</span> <span class='ocrx_word' id='word_1_451' title='bbox 1513 2804 1662 2837; x_wconf 63' lang='lat' dir='ltr'>Whatt-</span> 
     </span>
     <span class='ocr_line' id='line_1_46' title="bbox 185 2852 1663 2900; baseline 0.003 -17"><span class='ocrx_word' id='word_1_452' title='bbox 185 2852 329 2885; x_wconf 66' lang='lat' dir='ltr'>ussid.</span> <span class='ocrx_word' id='word_1_453' title='bbox 349 2853 394 2894; x_wconf 87' lang='lat' dir='ltr'>Il,</span> <span class='ocrx_word' id='word_1_454' title='bbox 417 2853 447 2894; x_wconf 84' lang='lat'>5,</span> <span class='ocrx_word' id='word_1_455' title='bbox 469 2853 500 2886; x_wconf 84' lang='grc'>0.</span> <span class='ocrx_word' id='word_1_456' title='bbox 523 2853 577 2894; x_wconf 82' lang='grc'>30,</span> <span class='ocrx_word' id='word_1_457' title='bbox 597 2854 629 2888; x_wconf 86' lang='grc'>2.</span> <span class='ocrx_word' id='word_1_458' title='bbox 645 2852 723 2894; x_wconf 76' lang='lat' dir='ltr'>VII,</span> <span class='ocrx_word' id='word_1_459' title='bbox 745 2853 800 2895; x_wconf 72' lang='lat'>72),</span> <span class='ocrx_word' id='word_1_460' title='bbox 820 2855 852 2887; x_wconf 88' lang='lat'>4.</span> <span class='ocrx_word' id='word_1_461' title='bbox 869 2854 962 2896; x_wconf 78' lang='lat' dir='ltr'>Vm,</span> <span class='ocrx_word' id='word_1_462' title='bbox 984 2856 1015 2896; x_wconf 77' lang='lat'>9,</span> <span class='ocrx_word' id='word_1_463' title='bbox 1037 2856 1068 2888; x_wconf 94' lang='lat'>3.</span> <span class='ocrx_word' id='word_1_464' title='bbox 1091 2857 1121 2889; x_wconf 78' lang='lat' dir='ltr'>b.</span> <span class='ocrx_word' id='word_1_465' title='bbox 1144 2859 1215 2889; x_wconf 72' lang='grc' dir='ltr'>οἱα.</span> <span class='ocrx_word' id='word_1_466' title='bbox 1233 2858 1260 2899; x_wconf 82' lang='grc'>1,</span> <span class='ocrx_word' id='word_1_467' title='bbox 1284 2858 1321 2891; x_wconf 78' lang='grc'>61</span> <span class='ocrx_word' id='word_1_468' title='bbox 1344 2861 1438 2891; x_wconf 74' lang='lat' dir='ltr'>eoetr.</span> <span class='ocrx_word' id='word_1_469' title='bbox 1458 2861 1494 2890; x_wconf 82' lang='lat' dir='ltr'>et</span> <span class='ocrx_word' id='word_1_470' title='bbox 1508 2858 1565 2890; x_wconf 62' lang='lat' dir='ltr'>liic</span> <span class='ocrx_word' id='word_1_471' title='bbox 1581 2856 1611 2900; x_wconf 68' lang='grc' dir='ltr'>ἓ,</span> <span class='ocrx_word' id='word_1_472' title='bbox 1630 2857 1663 2892; x_wconf 75' lang='grc'>2.</span> 
     </span>
    </p>
   </div>
  </div>
 </body>
</html>
