1835 3240
94 140 179 183 404
627 139 700 182 DE
732 138 922 182 BELLo
955 135 1205 180 GALLICO

170 253 352 294 Romano
367 285 378 304 ,
403 254 465 307 qui
489 254 545 294 eis
567 261 652 294 erat
673 253 944 307 praepositus,
979 266 1049 305 per
1069 252 1218 292 medios
1241 251 1375 292 hostes
1397 257 1653 304 perrumpunt

123 320 148 361 5
170 322 461 375 incolumesque
483 323 528 361 ad
552 336 669 361 unum
693 334 828 360 omnes
850 320 888 359 in
912 326 1044 359 castra
1066 319 1312 372 perueniunt.
1347 318 1430 359 Hos
1453 318 1652 359 subsecuti

122 387 149 428 6
171 389 329 431 calones
363 390 588 443 equitesque
621 388 755 428 eodem
786 387 933 440 impetu
965 387 1129 426 militum
1162 386 1306 425 uirtute
1329 393 1552 426 seruantur.
1596 386 1652 425 At

168 457 212 507 ii,
238 458 300 510 qui
323 458 362 497 in
384 458 474 510 iugo
498 456 776 505 constiterant,
802 455 906 494 nullo
930 454 1164 494 etiamnunc
1187 468 1260 493 usu
1281 454 1337 493 rei
1361 454 1541 494 militaris
1563 468 1651 507 per-

168 532 280 578 cepto
304 539 429 577 neque
452 525 491 563 in
513 537 584 572 e0,
611 523 713 576 quod
735 523 1021 576 probauerant,
1057 522 1221 561 consilio
1245 535 1498 575 permanere,
1532 529 1574 561 ut
1605 535 1647 561 se

166 591 253 632 loeo
276 592 479 645 superiore
503 591 784 640 defenderent,
822 605 949 643 neque
982 604 1066 630 eam
1100 604 1213 642 quam
1244 589 1431 642 prodesse
1463 588 1548 628 aliis
1572 590 1648 628 uim

167 660 486 711 celeritatemque
498 658 1076 711 uiderantimitaripotuerunt,
1101 658 1167 697 sed
1192 671 1233 697 se
1255 657 1296 695 in
1319 664 1450 696 castra
1472 656 1649 709 recipere

120 726 145 766 7
168 727 297 766 eonati
322 727 496 781 iniquum
518 727 557 766 in
581 727 705 767 locum
731 726 987 767 demiserunt.
1033 723 1327 773 Centuriones,
1365 737 1529 776 quorum
1553 738 1649 763 non-

166 795 261 834 nulli
285 808 335 834 ex
358 794 612 834 inferioribus
636 795 837 835 ordinibus
865 794 1102 847 reliquarum
1128 793 1325 846 legionum
1349 791 1508 831 uirtutis
1533 805 1651 831 causa

163 861 203 900 in
227 862 452 915 superiores
475 869 586 902 erant
610 863 767 903 ordines
790 863 904 902 huius
928 862 1095 915 legionis
1120 860 1304 909 traducti,
1331 866 1484 899 neante
1500 866 1649 912 partam

163 930 221 969 rei
245 929 425 970 militaris
448 930 600 970 laudem
624 931 870 980 amitterent,
896 930 1110 970 fortissime
1134 935 1351 983 pugnantes
1374 928 1646 968 conciderunt.

115 994 142 1036 8
162 995 333 1037 Militum
359 1012 448 1051 pars
470 998 606 1038 horum
629 998 777 1039 uirtute
799 998 1003 1038 summotis
1032 997 1207 1037 hostibus
1230 1004 1389 1050 praeter
1410 1010 1515 1049 spem
1539 996 1648 1036 ineo-

87 1063 141 1108 41
164 1065 280 1105 lumis
302 1065 341 1105 in
365 1072 497 1105 castra
519 1067 714 1119 peruenit,
742 1081 832 1120 pars
855 1081 876 1106 a
897 1065 1076 1106 barbaris
1099 1065 1366 1105 circumuenta
1390 1064 1518 1118 periit.
1547 1062 1648 1104 Ger-

163 1133 268 1173 mani
292 1134 498 1187 desperata
511 1135 809 1188 expugnatione
832 1141 1069 1183 castrorum,
1095 1134 1196 1186 quod
1221 1140 1379 1172 nostros
1402 1132 1478 1172 iam
1502 1131 1648 1171 eonsti-

164 1200 259 1240 tisse
281 1200 319 1240 in
343 1201 621 1241 munitionibus
645 1201 852 1252 uidebant,
878 1217 963 1241 oum
987 1216 1032 1241 ea
1055 1201 1215 1255 praeda,
1251 1215 1363 1253 quam
1388 1201 1427 1239 in
1450 1200 1561 1239 siluis
1585 1199 1649 1238 de—

113 1267 141 1308 2
162 1276 393 1322 posuerant,
420 1276 530 1308 trans
553 1268 734 1309 Rhenum
757 1283 847 1310 sese
869 1276 1121 1323 receperunt.
1185 1268 1246 1307 Ae
1269 1275 1402 1307 tantus
1436 1267 1508 1306 fuit
1530 1266 1647 1306 etiam

161 1343 250 1389 post
272 1336 487 1376 discessum
512 1337 682 1377 hostium
705 1344 852 1386 terror,
879 1344 920 1377 ut
942 1351 986 1377 ea
1008 1343 1140 1386 nocte,
1167 1351 1251 1375 eum
1275 1334 1399 1375 Gaius
1421 1333 1647 1376 Volusenus

161 1403 305 1443 missus
330 1418 415 1443 cum
439 1404 612 1457 equitatu
634 1405 681 1445 ad
705 1412 834 1446 eastra
857 1405 1061 1454 uenisset,
1095 1405 1206 1445 fidem
1237 1418 1314 1443 non
1339 1404 1487 1444 faceret
1507 1403 1648 1442 adesse

112 1469 138 1511 3
161 1485 246 1511 cum
269 1472 453 1512 ineolumi
477 1469 691 1514 Caesarem
715 1474 911 1514 exercitu.
953 1471 1020 1513 Sic
1043 1473 1202 1512 omnino
1225 1472 1376 1512 animos
1400 1472 1516 1511 timor
1537 1483 1647 1523 prae-

162 1547 449 1594 oeeupauerat,
474 1548 518 1581 ut
540 1555 664 1595 paene
686 1542 858 1582 alienata
879 1549 1010 1582 mente
1033 1542 1171 1582 deletis
1194 1541 1372 1581 omnibus
1397 1539 1519 1593 copiis
1543 1537 1649 1590 equi-

160 1615 283 1648 tatum
306 1622 348 1649 se
371 1623 424 1649 ex
455 1610 546 1664 fuga
567 1610 766 1664 recepisse
790 1610 966 1650 dicerent
988 1624 1112 1663 neque
1133 1610 1317 1650 ineolumi
1340 1608 1523 1648 exercitu
1545 1604 1647 1646 Ger-

112 1675 140 1715 4
162 1690 297 1717 manos
321 1684 452 1717 eastra
475 1685 766 1731 oppugnaturos
800 1679 922 1718 fuisse
954 1679 1253 1718 contenderent.
1309 1674 1435 1729 Quem
1467 1675 1646 1714 timorem

84 1742 141 1788 42
163 1741 352 1785 Caesaris
374 1746 566 1785 aduentus
590 1746 764 1786 sustulit.
818 1745 1022 1786 Reuersus
1045 1746 1108 1785 ille
1132 1752 1298 1785 euentus
1322 1744 1411 1783 belli
1435 1758 1511 1782 non
1536 1743 1647 1795 igno-

160 1826 254 1852 rans
278 1827 414 1863 unum,
440 1814 540 1866 quod
564 1814 808 1853 cohortesex
831 1813 1002 1854 statione
1026 1820 1065 1854 et
1086 1813 1281 1867 praesidio
1305 1819 1439 1852 essent
1461 1810 1643 1860 emissae,

162 1888 324 1933 questus
352 1906 406 1912 —
437 1895 485 1921 ne
515 1882 676 1922 minimo
709 1882 862 1935 quidem
896 1896 990 1921 casu
1020 1882 1147 1921 locum
1179 1880 1346 1933 relinqui
1381 1878 1562 1919 debuisse
1593 1903 1648 1908 —

160 1949 322 1988 multum
346 1949 543 1989 fortunam
566 1950 606 1989 in
629 1950 835 2004 repentino
858 1950 1028 1990 hostium
1052 1951 1223 1990 aduentu
1246 1948 1420 2003 potuisse
1442 1946 1644 1996 iudicauit,

111 2015 138 2056 2
160 2016 279 2056 multo
303 2017 421 2056 etiam
444 2018 622 2071 amplius,
649 2018 748 2071 quod
771 2032 895 2072 paene
908 2018 953 2057 ab
976 2018 1061 2071 ipso
1081 2017 1182 2057 uallo
1204 2016 1406 2070 portisque
1429 2022 1647 2054 castrorum

113 2082 138 2123 3
161 2083 350 2124 barbaros
372 2085 598 2126 auertisset.
634 2084 811 2139 Quarum
834 2087 1006 2126 omnium
1029 2099 1159 2125 rerum
1182 2085 1355 2124 maxime
1376 2082 1647 2122 admirandum

161 2152 382 2204 uidebatur,
409 2154 509 2206 quod
533 2152 738 2205 Germani,
765 2154 829 2208 qui
852 2167 898 2194 eo
920 2153 1083 2194 consilio
1106 2152 1287 2193 Rhenum
1311 2151 1572 2199 transierant,
1606 2156 1648 2188 ut

301 2280 321 2309 2
340 2277 595 2322 incolomesque
614 2281 656 2312 B.
800 2283 819 2313 4
838 2281 860 2312 ii
880 2292 948 2313 om.
971 2282 1001 2313 b.
1155 2281 1173 2313 6
1194 2282 1353 2323 prodesse
1374 2280 1400 2311 B
1419 2277 1646 2319 ‘111ss.pler·1‘-

159 2328 248 2370 qne',
271 2328 441 2371 profuisse
460 2341 523 2363 eu.
772 2333 788 2364 7
809 2337 993 2374 potuerunt
1012 2343 1040 2373 e,
1063 2337 1242 2375 potuerant
1259 2333 1289 2364 B
1305 2335 1340 2363 et
1355 2333 1407 2362 sie
1427 2332 1474 2361 ‘et
1491 2334 1648 2372 poterant

157 2390 241 2411 mss.
260 2380 391 2411 multe.
558 2393 635 2414 sese
655 2383 673 2414 b
848 2384 867 2415 8
888 2384 1099 2415 demiserunt
1117 2383 1147 2414 B
1164 2383 1290 2424 Aldus,
1311 2382 1513 2414 dimiserunt
1531 2391 1546 2411 e
1565 2380 1644 2412 edd.

157 2434 242 2462 ante
260 2431 370 2470 --1ld.,·
390 2431 592 2463 dimiserant
613 2433 707 2464 ‘ms-s.
730 2433 773 2474 9⁷,
796 2433 1006 2465 demiserant
1020 2436 1138 2475 prima
1156 2444 1190 2466 u.
1357 2433 1396 2464 12
1416 2431 1590 2463 summotis
1602 2432 1643 2463 B.

302 2484 385 2513 ante
404 2482 558 2514 hostibus
578 2484 660 2515 add.
682 2484 858 2526 paulisper
877 2485 907 2516 b.
1144 2485 1183 2516 14
1202 2484 1452 2526 oppugnatione
1469 2484 1499 2514 b.

161 2533 200 2565 16
220 2544 255 2565 se
275 2534 305 2565 b.
447 2534 485 2567 17
506 2535 610 2567 Gaius
628 2536 670 2576 B,
693 2536 731 2567 C.
753 2547 787 2567 u.
934 2537 971 2568 18
990 2535 1046 2578 ad]
1067 2536 1099 2567 in
1120 2536 1149 2567 b.
1295 2536 1333 2568 l‘.)
1354 2546 1426 2567 cum
1446 2535 1648 2566 incolumem

158 2596 205 2617 m.
222 2596 277 2628 pr.
300 2586 342 2618 B.
499 2588 633 2619 omnino
652 2589 683 2619 B
704 2588 873 2630 ‘7·eliquz'’,
893 2588 1038 2619 omnium
1060 2587 1182 2619 bede.
1338 2588 1440 2619 timor
1457 2597 1648 2629 occupaue-

159 2641 213 2668 rat
233 2637 250 2668 b
263 2636 325 2668 cd.
466 2638 509 2670 ‘20
530 2648 614 2679 pene
627 2639 670 2669 B.
827 2640 1015 2681 equitatum
1034 2649 1069 2670 se
1087 2639 1117 2670 B
1138 2638 1288 2679 ‘cetere'’,
1310 2641 1496 2681 equitatum
1515 2641 1646 2670 ta'ntum

157 2698 194 2719 se
214 2687 337 2719 acde.
479 2689 521 2719 25
541 2688 637 2720 casui
657 2700 674 2719 c
688 2700 716 2719 e.
867 2690 910 2724 26
930 2689 1098 2720 indicauit
1115 2689 1145 2720 A
1157 2689 1215 2730 (B)
1232 2689 1258 2721 C
1274 2690 1312 2720 b:
1333 2691 1365 2720 in
1385 2701 1401 2720 e
1421 2693 1540 2721 utrum
1560 2689 1647 2720 iudi-

158 2739 253 2771 cauit
270 2750 316 2772 an
335 2738 503 2771 iudicauit
520 2743 624 2780 essel,
646 2740 892 2782 Elberlz'ngz‘us
911 2741 1111 2772 discernere
1130 2751 1198 2772 nou
1216 2743 1350 2782 potuit.
1531 2740 1575 2773 27
1594 2750 1649 2772 ea-

159 2795 307 2823 strorum
327 2800 396 2822 om.
417 2789 450 2821 d.
593 2791 637 2825 28
657 2791 846 2822 auertisset
864 2791 894 2822 A
907 2791 965 2832 (B)
985 2791 1013 2822 C
1027 2792 1089 2831 be,
1111 2791 1320 2822 auertissent
1338 2802 1367 2822 e.
1508 2791 1550 2823 29
1570 2800 1648 2821 con-

158 2839 253 2883 silio]
275 2842 387 2872 animo
408 2851 452 2872 m.
472 2851 529 2882 pr.
555 2842 584 2872 Ι).

1687 866 1723 898 10

1683 1206 1721 1238 15

1679 1543 1722 1578 20
