1835 3240
128 555 146 587 ΕΛ

104 891 145 924 10

106 1228 147 1261 15

106 1906 147 1939 25

114 2246 156 2279 30

604 157 788 202 COMM.
813 157 832 200 Ι
854 155 977 200 CAP.
1002 154 1200 198 52-57.
1653 153 1732 196 521

178 278 282 319 mina
302 274 380 316 leui
402 273 566 314 materia
589 273 756 324 fiebant,
781 273 973 325 reliquum
997 283 1140 323 corpus
1163 268 1319 309 nauium
1342 267 1553 308 uiminibus
1567 283 1659 308 con-

174 351 322 386 textum
356 342 474 382 coriis
505 341 767 396 integebatur.
820 339 901 380 Has
943 339 1138 392 perfectas
1170 335 1293 376 carris
1323 335 1466 374 iunctis
1499 336 1656 375 deucliit
1677 334 1702 375 3

175 418 295 452 noctu
316 410 421 450 milia
443 423 628 463 passuum
651 422 672 448 a
697 408 838 448 castris
858 413 957 446 XXII
980 405 1200 460 militesque
1229 403 1288 443 his
1318 402 1484 442 nauibus
1516 403 1656 442 ssumen

175 484 420 532 transportat
442 477 783 528 continentemque
806 475 913 528 ripae
927 474 1065 513 collem
1086 471 1300 526 improuiso
1324 476 1502 524 occupat.
1543 468 1655 508 Hunc
1676 468 1704 508 4

179 547 377 595 celeriter,
402 545 626 599 priusquam
649 544 696 583 ab
719 541 958 583 aduersariis
981 541 1193 589 sentiatur,
1219 537 1446 579 communit.
1494 535 1582 576 Huc
1604 536 1660 576 le-

175 615 330 668 gionem
355 620 491 667 postea
513 613 644 652 traicit
666 617 781 662 atque
804 623 856 649 ex
877 616 1044 661 utraque
1067 614 1175 661 parte
1198 614 1356 660 pontem
1378 604 1577 653 instituit,
1602 603 1660 643 bi-

176 683 249 722 duo
272 681 438 735 perficit.
492 678 553 719 Ita
582 684 824 719 commeatus
857 684 895 717 et
926 676 989 729 qui
1019 675 1204 715 frumenti
1235 688 1352 714 causa
1384 678 1662 727 processerant
1682 669 1707 711 5

176 756 260 789 tuto
294 749 339 789 ad
372 762 414 788 se
445 747 583 800 recipit
616 753 656 786 et
676 760 758 786 rem
784 743 1078 784 frumentariam
1102 742 1290 796 expedire
1313 741 1463 794 incipit.
1508 739 1658 780 Eodem
1680 738 1736 784 55

176 817 237 857 die
260 816 428 869 equitum
450 828 629 868 magnam
653 820 801 868 partem
834 813 975 852 ssumen
998 809 1170 850 traiecit.
1216 807 1290 861 Qui
1322 807 1560 862 inopinantis
1594 821 1662 861 pa·

175 884 374 924 bulatores
397 890 436 923 et
456 883 542 923 sine
562 882 640 922 ullo
655 881 864 934 dissipatos
888 879 1029 919 timore
1050 878 1227 931 adgressi
1252 891 1432 930 magnum
1456 889 1662 916 numerum

176 952 442 993 iumentorum
476 956 592 1002 atque
632 949 827 988 hominum
861 946 1116 999 intercipiunt
1157 945 1460 998 cohortibusque
1501 943 1663 984 cetratis
1683 940 1713 981 2

176 1019 351 1059 subsidio
383 1017 514 1058 missis
546 1016 721 1057 scienter
749 1015 789 1055 in
820 1015 914 1054 duas
946 1021 1077 1067 partes
1108 1027 1199 1054 sese
1229 1012 1493 1062 distribuunt,
1529 1011 1592 1051 alii
1623 1018 1666 1050 ut

176 1086 346 1140 praedae
368 1085 563 1139 praesidio
587 1084 683 1133 sint,
708 1083 773 1123 alii
797 1089 840 1122 ut
860 1082 1111 1123 uenientibus
1134 1081 1326 1122 resistant
1347 1087 1462 1133 atque
1486 1093 1553 1120 eos
1576 1093 1665 1133 pro·

178 1153 342 1208 pellant,
366 1166 561 1206 unamque
584 1152 803 1201 cohortem,
829 1164 927 1205 quae
951 1157 1098 1191 temere
1119 1156 1211 1190 ante
1234 1156 1388 1189 ceteras
1412 1154 1528 1188 extra
1541 1147 1665 1187 aciem
1688 1145 1714 1186 3

179 1229 449 1275 procurrerat,
474 1220 668 1262 seclusam
691 1219 738 1260 ab
760 1218 923 1272 reliquis
947 1218 1263 1259 circumueniunt
1286 1224 1403 1269 atque
1424 1215 1667 1256 interficiunt

179 1289 470 1342 incolumesque
499 1302 584 1329 cum
617 1301 758 1342 magna
791 1286 935 1341 praeda
965 1286 1101 1326 eodem
1137 1292 1255 1340 ponte
1285 1285 1325 1325 in
1358 1291 1490 1324 castra
1532 1296 1668 1324 reuer-
1726 1300 1732 1304 ·

181 1364 332 1397 tuntur.

294 1424 396 1465 Dum
420 1425 515 1465 haec
538 1424 585 1465 ad
607 1422 777 1464 Ilerdam
799 1430 1008 1477 geruntur,
1043 1420 1321 1462 Massilienses
1343 1420 1403 1460 usi
1425 1418 1476 1460 L.
1501 1418 1665 1460 Domitii
1686 1417 1744 1462 56

181 1493 345 1533 consilio
368 1493 479 1533 nauis
502 1493 640 1547 longas
663 1492 877 1546 expediunt
899 1505 1060 1531 numero
1082 1496 1194 1539 XVII,
1220 1503 1384 1543 quarum
1408 1494 1522 1529 erant
1542 1494 1590 1527 XI
1613 1493 1670 1526 te·

182 1567 282 1600 ctae.
309 1559 435 1601 Multa
460 1561 533 1600 huc
554 1561 708 1600 minora
730 1560 887 1613 nauigia
910 1559 1071 1609 addunt,
1096 1565 1138 1598 ut
1158 1558 1241 1612 ipsa
1264 1556 1512 1596 multitudine
1534 1561 1667 1595 nostra
1690 1552 1718 1595 2

182 1628 321 1668 classis
345 1635 559 1669 terreatur.
603 1626 795 1682 Magnum
819 1641 1024 1667 numerum
1048 1625 1366 1680 sagittariorum,
1391 1638 1578 1678 magnum
1600 1621 1671 1662 Al-

181 1696 357 1736 bicorum
376 1727 386 1746 ,
413 1697 458 1736 de
482 1695 620 1749 quibus
643 1709 759 1749 supra
784 1695 1093 1735 demonstratum
1116 1700 1201 1743 est,
1234 1693 1439 1746 imponunt
1460 1699 1575 1744 atque
1599 1690 1670 1730 hos

180 1764 364 1818 praemiis
386 1762 812 1818 pollicitationibusque
832 1763 1012 1803 incitant.
1084 1759 1229 1802 Certas
1252 1760 1325 1801 sibi
1349 1760 1526 1814 deposcit
1547 1771 1669 1798 naues
1692 1755 1718 1796 3

181 1830 380 1873 Domitius
402 1839 518 1885 atque
540 1832 609 1872 has
633 1831 783 1872 colonis
805 1830 1131 1885 pastoribusque,
1157 1842 1254 1883 quos
1277 1842 1407 1869 secum
1432 1827 1669 1875 adduxerat,

181 1901 362 1954 complet.
406 1898 473 1940 Sic
494 1900 674 1940 omnibus
696 1899 814 1940 rebus
836 1900 1033 1940 instructa
1055 1898 1183 1938 classe
1205 1910 1347 1952 magna
1368 1896 1508 1936 fiducia
1531 1894 1577 1934 ad
1601 1908 1670 1933 no-

184 1974 289 2008 stras
311 1982 433 2008 naues
456 1969 687 2022 procedunt,
715 1967 854 2021 quibus
876 1973 1060 2021 praeerat
1081 1964 1133 2006 D.
1158 1964 1322 2006 Brutus.
1387 1963 1473 2004 Hae
1495 1962 1541 2003 ad
1564 1962 1673 2003 insu-

184 2036 276 2083 lam,
302 2050 399 2090 quae
422 2043 481 2077 est
503 2044 638 2076 contra
664 2034 903 2085 Massiliam,
928 2034 1122 2075 stationes
1145 2033 1390 2074 obtinebant.
1426 2031 1527 2072 Erat
1549 2031 1668 2070 multo
1692 2029 1749 2074 57

184 2103 355 2144 inferior
375 2118 539 2145 numero
562 2104 720 2145 nauium
742 2102 920 2154 Brutus3
953 2103 1022 2144 sed
1054 2102 1200 2143 electos
1233 2116 1285 2142 ex
1307 2100 1486 2141 omnibus
1509 2098 1674 2154 legioni-

185 2171 256 2212 bus
280 2172 518 2213 fortissimos
541 2173 664 2223 uiros,
689 2172 990 2226 antesignanos,
1017 2170 1270 2211 centuriones
1286 2201 1297 2220 ,
1322 2166 1476 2209 Caesar
1497 2167 1533 2208 ei
1555 2165 1674 2207 classi

189 2239 448 2292 adtribuerat,
474 2240 537 2295 qui
560 2241 634 2281 sibi
657 2241 693 2281 id
716 2240 892 2281 muneris
915 2240 1243 2294 depoposcerant.
1287 2236 1340 2278 Hi
1362 2249 1500 2276 manus
1524 2235 1673 2276 ferreas
1694 2233 1723 2274 2

329 2401 344 2434 1
366 2401 436 2434 leui
457 2402 474 2434 b
489 2400 547 2442 cd,
569 2412 610 2434 ex
630 2401 700 2434 leui
719 2401 772 2443 (a)
786 2411 820 2433 ιι.
961 2401 1128 2432 intextum
1148 2400 1179 2432 b.
1324 2398 1341 2431 6
1362 2396 1566 2436 transicita‚
1589 2395 1675 2427 ‘tra—

187 2451 269 2483 iecit
285 2452 344 2483 uel
358 2453 539 2485 transiecit
559 2456 623 2485 aut
641 2454 772 2485 traiicit
790 2463 875 2484 mss.
895 2449 999 2484 mei'.
1163 2448 1220 2492 ex]
1240 2450 1280 2481 ab
1301 2450 1333 2481 b.
1485 2448 1637 2480 instituit
1654 2457 1675 2478 a

189 2502 207 2532 b
221 2512 248 2542 e,
270 2502 460 2536 institutum
480 2516 516 2536 u.
656 2504 790 2546 perficit
808 2503 910 2535 biduo
929 2513 958 2534 c.
1077 2501 1314 2535 7commeatus
1333 2511 1353 2532 a
1373 2500 1551 2542 ‘1·eliqm'',
1573 2499 1675 2530 conii-

186 2557 278 2585 tatus
297 2564 359 2586 οη.
379 2555 420 2586 P.
443 2556 519 2590 142.
661 2556 679 2587 9
700 2554 911 2597 inopinantis
930 2553 994 2584 ab.
1136 2552 1349 2595 pabulatoris
1368 2562 1402 2584 α.
1556 2550 1595 2582 10
1615 2549 1675 2580 ad-

188 2604 295 2643 gressi
315 2615 348 2635 α.
535 2615 690 2646 magnum
710 2615 797 2647 ego‚·
822 2605 887 2636 iam
907 2614 1063 2645 magnum
1082 2614 1102 2636 α
1117 2604 1174 2644 bc,
1197 2614 1295 2645 quam
1316 2612 1471 2643 magnum
1491 2612 1512 2633 ιι
1528 2603 1675 2643 praeter*

189 2664 291 2685 usum
313 2655 494 2688 Caesaris.
638 2657 675 2689 11
698 2656 896 2688 cohortibus
917 2666 951 2687 α.
1114 2654 1258 2686 cetratis
1276 2655 1317 2686 P.
1337 2654 1535 2693 Manutius,
1557 2655 1674 2683 centu-

189 2706 287 2737 riatis
306 2707 406 2739 codd.
549 2708 588 2740 19
609 2708 706 2740 nauis
725 2718 758 2740 a.
900 2708 944 2742 22
961 2711 1185 2739 monstratum
1206 2708 1237 2739 b.
1394 2707 1436 2740 23
1456 2710 1489 2737 et
1508 2704 1674 2747 pollicita-

191 2759 340 2790 tionibus
361 2760 392 2791 b.
553 2761 596 2794 28
616 2761 752 2792 nauium
772 2771 911 2792 numero
932 2761 950 2792 b
964 2771 998 2793 ιι.
1180 2760 1308 2791 clectos
1328 2770 1348 2790 a
1370 2760 1463 2790 ‘mssa
1482 2755 1670 2799 pleriquess

192 2810 346 2840 delectos
365 2820 398 2841 ιι.
540 2811 581 2844 30
600 2811 814 2844 adtribuerat
832 2822 866 2844 α,
1023 2811 1055 2843 hi
1075 2821 1096 2843 a
1115 2810 1193 2843 edd.
1213 2814 1296 2843 ante
1315 2810 1398 2843 Ald.
1418 2809 1629 2852 Stephanus,
1651 2806 1674 2838 ii

190 2862 304 2894 Aldus
322 2872 356 2894 u.
