1835 3240
107 886 147 918 10

108 1225 148 1258 15

107 1564 150 1598 20

108 1903 150 1937 25

653 151 838 194 COMM.
862 150 902 192 II
934 148 1059 192 CAP.
1085 151 1254 193 7—10.
1663 153 1746 196 297

185 269 285 324 quod
306 273 459 308 tantum
480 264 729 306 multitudine
750 271 947 319 poterant,
971 263 1018 305 ab
1040 263 1228 304 lateribus
1250 272 1472 318 pugnantes
1486 280 1578 308 suos
1594 269 1671 309 cir-

184 335 410 377 cumuenire
441 340 619 387 possent.
673 331 761 373 Hoc
793 335 896 374 facto
919 333 1066 374 duabus
1089 331 1309 385 legionibus
1324 361 1334 381 ,
1370 347 1467 385 quas
1491 336 1669 387 proxime
1692 335 1716 376 5

183 403 501 456 conscripserat,
533 401 575 442 in
607 401 750 441 castris
770 401 938 451 relictis,
965 407 1021 450 ut,
1058 400 1092 441 si
1115 414 1190 453 quo
1214 413 1310 453 opus
1333 407 1464 451 esset,
1496 402 1670 443 subsidio

184 471 273 511 duci
295 478 483 524 possent,
516 470 689 522 reliquas
712 483 788 509 sex
809 469 987 522 legiones
1019 482 1089 522 pro
1112 468 1256 508 castris
1278 468 1319 508 iu
1341 468 1424 508 acie
1447 470 1667 510 constituit.

185 538 333 579 Hostes
361 538 454 579 item
486 551 578 578 suas
609 537 742 590 copias
774 550 828 577 ex
859 536 999 576 castris
1025 537 1186 576 eductas
1210 536 1502 577 instruxerant.
1546 535 1667 577 Palus
1689 539 1717 582 9

182 614 268 647 erat
291 621 368 647 non
390 620 532 659 magna
552 606 658 645 inter
679 611 857 645 nostrum
879 611 995 658 atque
1018 604 1188 644 hostium
1211 605 1447 645 exercitum.
1501 603 1615 645 Hanc
1637 605 1672 645 si

181 675 308 715 nostri
330 675 562 722 transirent,
588 673 723 713 hostes
747 672 1034 726 expectabant3
1060 672 1187 712 nostri
1209 679 1356 721 autem,
1381 673 1414 713 si
1436 671 1483 712 ab
1504 672 1582 713 illis
1597 672 1672 713 ini-

181 743 278 783 tium
303 741 531 783 transeundi
552 741 680 788 fieret,
704 747 747 781 ut
766 741 975 795 impeditos
998 740 1323 795 adgrederentur,
1348 741 1474 794 parati
1495 740 1535 781 in
1550 740 1671 781 armis

181 819 309 851 erant.
361 810 523 852 Interim
553 808 701 864 proelio
732 809 906 862 equestri
937 809 1043 849 iuter
1073 809 1168 848 duas
1202 808 1308 848 acies
1341 808 1666 850 contendebatur.
1690 807 1718 848 2

179 878 257 921 Vbi
280 879 410 920 neutri
441 878 671 919 transeundi
693 877 846 916 initium
870 877 1033 926 faciunt,
1068 876 1301 916 secundiore
1324 877 1496 932 equitum
1520 876 1669 932 proelio

181 947 330 987 nostris
353 944 507 987 Caesar
528 960 622 987 suos
644 946 684 986 in
707 952 838 985 castra
861 944 1036 984 reduxit.
1071 943 1221 984 Hostes
1244 946 1420 998 protinus
1444 959 1495 986 ex
1518 959 1564 986 eo
1582 944 1668 985 loco
1690 942 1716 984 3

179 1016 227 1056 ad
248 1015 391 1055 flumen
411 1017 598 1056 Axonam
621 1014 925 1064 contenderunt,
950 1013 1052 1066 quod
1075 1026 1164 1052 esse
1187 1019 1273 1066 post
1294 1019 1429 1053 nostra
1452 1020 1580 1054 castra
1604 1013 1671 1053 de-

179 1089 440 1123 monstratum
463 1090 538 1123 est.
573 1081 632 1123 Ibi
655 1082 764 1122 uadis
786 1081 954 1135 repertis
977 1087 1128 1135 partem
1151 1094 1309 1120 suarum
1323 1081 1522 1134 copiarum
1536 1082 1669 1122 tradu-
1689 1079 1718 1121 4

181 1164 271 1191 cere
294 1151 425 1191 conati
443 1159 560 1201 sunt,
584 1165 631 1191 eo
655 1149 845 1197 consilio,
870 1155 936 1199 ut,
961 1149 995 1189 si
1017 1156 1205 1203 possent,
1230 1148 1449 1197 castellum,
1475 1149 1536 1189 cui
1558 1163 1671 1203 prae-

181 1225 267 1259 erat
298 1216 471 1271 Quintus
494 1218 677 1259 Titurius
699 1220 851 1273 legatus
866 1248 876 1268 ,
903 1224 1180 1271 expugnarent
1201 1224 1437 1271 pontemque
1458 1217 1671 1258 interscin-

183 1287 346 1336 derent3
382 1286 564 1327 siminus
594 1287 841 1341 potuissent,
873 1299 992 1339 agros
1013 1284 1230 1325 Remorum
1263 1286 1569 1340 popularentur,
1604 1284 1670 1339 qui
1692 1283 1717 1325 5

182 1368 324 1407 magno
346 1354 458 1394 nobis
480 1355 568 1394 usui
591 1355 639 1394 ad
660 1354 801 1395 bellum
817 1354 1032 1407 gerendum
1046 1361 1173 1403 erant,
1200 1361 1497 1407 commeatuque
1509 1360 1669 1393 nostros

184 1422 454 1475 prohiberent.
513 1421 672 1462 Caesar
702 1422 849 1462 certior
872 1423 1000 1461 factus
1022 1421 1069 1462 ab
1094 1421 1253 1461 Titurio
1276 1435 1431 1462 omnem
1453 1422 1668 1477 equitatum
1690 1421 1747 1466 10

185 1496 224 1529 et
245 1490 343 1529 leuis
366 1497 590 1530 armaturae
601 1488 813 1540 Numidas,
839 1490 1057 1530 funditores
1080 1489 1386 1544 sagittariosque
1409 1496 1566 1543 pontem
1588 1496 1670 1530 tra-

182 1557 288 1597 ducit
319 1565 434 1610 atque
471 1558 519 1598 ad
550 1572 617 1598 eos
649 1558 864 1598 contendit.
917 1557 1083 1597 Acriter
1112 1558 1152 1597 in
1175 1571 1220 1597 eo
1243 1558 1330 1597 loco
1353 1565 1568 1612 pugnatum
1591 1563 1666 1597 est.
1691 1557 1719 1600 2

182 1623 329 1664 Hostes
350 1625 546 1678 inpeditos
568 1625 692 1665 nostri
715 1626 755 1665 in
779 1626 938 1665 flumine
959 1625 1139 1678 adgressi
1161 1640 1344 1678 magnum
1378 1639 1513 1665 eorum
1535 1639 1672 1665 nume-

182 1706 268 1732 rum
291 1692 541 1732 occiderunt:
579 1706 649 1746 per
670 1707 805 1733 eorum
829 1706 997 1748 corpora
1017 1693 1192 1746 reliquos
1213 1693 1475 1733 audacissime
1496 1692 1671 1732 transire
1693 1691 1719 1732 3

183 1767 372 1800 conantes
394 1760 645 1801 multitudine
667 1761 835 1801 telorum
856 1761 1109 1815 repulerunt,
1135 1762 1298 1815 primos,
1322 1761 1387 1814 qui
1410 1759 1669 1809 transierant,

184 1828 360 1883 equitatu
381 1828 670 1869 circumuentos
691 1829 997 1870 interfecerunt.
1031 1828 1181 1870 Hostes
1203 1830 1269 1870 ubi
1291 1830 1395 1870 etde
1409 1827 1672 1883 expugnando
1692 1826 1719 1866 4

183 1896 322 1950 oppido
354 1903 393 1936 et
422 1896 468 1936 de
498 1895 655 1937 flumine
686 1899 929 1939 transeundo
961 1911 1070 1952 spem
1098 1912 1142 1939 se
1171 1898 1363 1939 fefellisse
1384 1897 1675 1939 intellexerunt

331 2029 344 2061 1
364 2030 405 2062 ab
422 2054 430 2071 ,
451 2041 520 2063 non
539 2041 558 2063 a
572 2056 580 2072 ,
602 2031 696 2063 ‘mss.
718 2031 895 2064 meliores’
913 2033 946 2063 D
959 2031 1023 2074 Es
1035 2035 1070 2064 et
1087 2043 1166 2064 cum
1179 2035 1316 2073 puncto
1334 2031 1399 2064 sub
1417 2031 1435 2063 b
1453 2033 1496 2063 Β.

185 2081 203 2113 3
231 2081 260 2113 si
277 2082 361 2123 quod
385 2083 422 2124 b,
452 2084 480 2115 si
503 2094 567 2126 qua
587 2094 665 2115 cum
684 2095 753 2116 uno
780 2085 905 2117 Pctau.
928 2095 962 2116 ll.
1160 2086 1177 2116 5
1198 2085 1364 2116 adductas
1382 2084 1429 2116 D.
1623 2081 1675 2112 in-

185 2136 399 2166 strucserant
414 2135 459 2166 A.
649 2136 768 2178 paulus
796 2147 875 2167 cum
894 2139 1031 2178 puncto
1058 2137 1122 2167 sub
1149 2147 1169 2167 u
1188 2136 1230 2167 B.
1419 2136 1437 2168 6
1458 2131 1628 2175 nostrum]
1653 2142 1673 2163 n

182 2189 314 2226 puncto
339 2189 525 2228 supposito
553 2190 587 2218 et
612 2197 643 2218 m
669 2190 919 2230 suprascripta
944 2199 992 2220 m.
1019 2199 1077 2230 pr.
1096 2190 1140 2220 B.
1338 2187 1357 2220 7
1375 2187 1606 2231 expectabant
1628 2185 1673 2217 Β.

325 2236 345 2268 8
364 2237 639 2278 adgrederentur
654 2238 728 2270 AB
744 2239 812 2280 Cf.
1001 2239 1042 2271 10
1062 2239 1187 2271 nostris
1209 2238 1358 2281 equitum
1377 2238 1509 2281 proelio
1530 2237 1548 2268 b
1563 2260 1572 2277 ,
1593 2235 1689 2278 equi·

185 2291 253 2317 tum
286 2292 479 2320 nostrorum
508 2288 636 2331 proelio
663 2289 709 2321 D.
744 2289 856 2322 Codd.
884 2289 1099 2321 Achaz‘ntre'i
1133 2290 1284 2331 equitum
1317 2289 1447 2332 proelio
1478 2288 1587 2320 nostri
1613 2287 1675 2318 Ιια-

184 2339 261 2370 bere
278 2339 470 2381 dicuntur,-
498 2341 561 2372 sed
585 2344 623 2372 in
640 2341 671 2372 B
690 2341 816 2374 nostris
846 2341 921 2382 legi
946 2341 1080 2374 diserto
1098 2342 1262 2385 Beyerliz'
1285 2343 1489 2373 testimonib
1517 2341 1671 2372 constat.

326 2390 368 2424 12
386 2401 462 2423 esse
482 2392 583 2423 etiam
602 2396 678 2434 post
695 2391 938 2424 Flodoardus.
1088 2393 1129 2425 13
1149 2392 1323 2434 copiarum
1343 2402 1481 2424 suarum
1499 2390 1672 2423 Flodoar-

184 2439 261 2471 dus.
446 2444 966 2485 transduceresFlodoardus.
1138 2445 1178 2478 15
1198 2445 1345 2487 Quintus
1362 2447 1414 2485 B,
1437 2444 1477 2486 Q.
1498 2454 1534 2476 u.

184 2489 430 2525 intersiderent
456 2494 511 2535 D,
546 2494 797 2526 interciderent
828 2494 1054 2527 Flodoardus
1090 2495 1302 2535 Coluenerz’,
1348 2494 1412 2525 sed
1445 2494 1674 2526 interscinde-

185 2545 262 2572 rent
279 2542 378 2574 codd.
398 2546 486 2575 eius.
652 2545 692 2578 17
712 2550 988 2588 commeatusque
1007 2551 1144 2577 nostros
1165 2546 1385 2578 sustinebant
1402 2545 1518 2577 Aldus
1535 2548 1569 2576 et
1585 2544 1671 2576 Flo-

186 2592 353 2626 doardus.
494 2597 536 2630 18
555 2596 687 2629 Caesar
699 2601 785 2640 post
802 2598 930 2629 certior
947 2608 1057 2640 supra
1078 2608 1170 2629 uers.
1191 2597 1273 2630 add.
1285 2598 1331 2640 s,
1354 2601 1441 2639 post
1457 2596 1592 2629 Titurio
1605 2606 1671 2637 po-

187 2647 278 2675 nunt
292 2645 364 2677 DE
376 2646 413 2684 b,
438 2647 502 2679 ubi
517 2650 554 2680 in
576 2648 604 2681 C
621 2649 818 2682 Ariouistus
839 2649 996 2691 legitur5
1022 2660 1091 2682 om.
1110 2649 1266 2691 reliqui,
1294 2651 1404 2681 etiam
1422 2648 1669 2685 Flodoardus,

186 2698 228 2725 ut
244 2695 390 2729 Vossius
406 2699 540 2740 refert,
560 2700 623 2732 sed
638 2701 736 2742 apud
756 2702 992 2734 Coluenerum
1010 2705 1187 2744 scriptum
1204 2705 1260 2733 est
1275 2701 1406 2733 Caesar
1423 2700 1562 2732 certior.

186 2746 226 2777 ab
244 2747 278 2778 A
291 2747 354 2788 (Β)
368 2748 437 2780 CD
451 2774 459 2790 ,
478 2760 498 2781 a
516 2751 594 2783 edd.
613 2755 696 2784 ante
713 2763 748 2785 u.
909 2764 1040 2786 omnem
1059 2754 1270 2797 aequitatem
1287 2752 1525 2786 Flodoardus.

187 2798 224 2831 ²¹
250 2799 419 2841 inpeditos
438 2802 480 2833 B·
653 2803 808 2845 adgressi
826 2805 900 2837 AB
899 2806 938 2847 s.
1125 2806 1168 2840 23
1188 2804 1350 2847 telorum]
1370 2810 1405 2837 et
1422 2802 1566 2835 audacia
1585 2801 1668 2834 add.

188 2848 425 2882 Flodoardvs·
567 2855 790 2896 reppulerunt
807 2857 850 2887 Β.
991 2856 1187 2899 primosque
1205 2856 1261 2898 qui
1282 2856 1313 2887 b.
1455 2854 1496 2886 25
1516 2863 1592 2885 sese
1612 2853 1645 2884 b.
