1835 3240
676 175 1079 218 —99—

144 292 270 333 locum
293 290 403 345 petit,
428 302 502 342 quo
524 302 647 330 naues
669 290 808 343 appelli
831 288 1032 330 iusserat'.
1059 288 1119 330 Eo
1142 303 1229 330 cum
1248 291 1440 342 uenisset,
1465 309 1626 348 oppres-

144 360 199 400 sis
221 357 389 398 hostium
412 357 730 410 exploratoribus
763 357 945 397 celeriter
977 357 1113 411 copiae
1144 357 1428 398 tramittuntur.
1491 359 1628 416 Pergit

145 424 299 467 Caesar
321 426 375 478 (c.
401 422 471 474 61,
497 424 566 477 3>=
603 423 710 465 ‘Vno
733 425 814 464 fere
836 431 1012 478 tempore
1034 424 1105 465 sub
1127 424 1254 466 lucem
1274 425 1448 466 hostibus
1471 430 1628 469 nuntia-

145 493 268 533 turin
292 492 435 532 castris
464 491 733 532 Romanorum
767 499 926 545 praeter
956 492 1279 533 consuetudinem
1302 493 1553 543 tumultuari,
1592 504 1631 535 et

143 575 323 615 magnum
346 560 404 600 ire
427 574 566 614 agmen
584 560 752 599 aduerso
775 559 932 600 flumine
953 560 1203 613 sonitumque
1226 573 1421 601 remorum
1436 561 1477 601 in
1494 562 1630 602 eadem

142 635 252 682 parte
276 627 471 677 exaudiri,
508 634 546 667 et
567 627 682 681 paulo
704 627 805 667 infra
828 628 970 668 milites
992 629 1284 682 transportari'.
1318 627 1454 682 Itaque
1476 629 1627 680 hostes,

140 709 228 736 cum
251 694 374 735 tribus
397 695 493 735 locis
520 695 723 735 Romanos
746 695 920 736 transire
942 695 1247 746 existimarent,
1273 710 1365 737 suas
1388 710 1541 750 quoque
1563 712 1630 738 co-

143 764 226 818 pias
248 765 287 803 in
310 770 391 804 tres
410 770 541 817 partes
559 762 859 812 distribuerunt,
885 777 983 816 quae
1004 777 1069 804 res
1093 777 1140 804 eo
1162 763 1267 814 loco,
1291 765 1339 805 de
1360 778 1437 818 quo
1460 765 1628 817 agimus,

143 846 179 871 c.
203 830 272 881 61,
297 830 338 881 5,
365 831 613 872 declaratur:
661 829 778 871 ‘Nam
802 831 999 885 praesidio
1021 846 1041 872 e
1063 831 1227 886 regione
1250 839 1468 873 castrorum
1492 832 1630 873 relicto

142 906 179 939 et
204 912 325 952 parua
348 912 465 939 manu
487 898 750 940 Metiosedum
772 912 913 940 uersus
936 900 1056 941 missa
1072 930 1082 950 ,
1108 913 1206 953 quae
1230 907 1379 940 tantum
1403 900 1632 954 progredia-

144 974 222 1016 tur,
249 973 432 1019 quantum
457 980 577 1007 naues
592 967 896 1021 processissent,
920 967 1093 1021 reliquas
1111 967 1242 1021 copias
1260 975 1397 1008 contra
1409 967 1632 1010 Labienum

145 1034 370 1075 duxerunt).
425 1034 501 1075 Hic
525 1034 699 1075 Vkertus
729 1042 837 1075 recte
867 1049 937 1075 eos
968 1035 1244 1089 reprehendit,
1279 1037 1342 1090 qui
1365 1035 1632 1078 Metiosedum

143 1103 245 1143 infra
268 1100 470 1143 Lutetiam
494 1104 652 1158 propius
676 1117 783 1143 mare
805 1103 975 1157 positum
998 1103 1122 1144 fuisse
1146 1104 1491 1145 existimauerunt.
1524 1103 1633 1145 Nam

144 1170 177 1210 si
201 1185 246 1211 ea
267 1185 357 1225 pars
382 1171 573 1221 hostium,
599 1184 697 1224 quae
719 1169 984 1212 Metiosedum
1007 1185 1150 1213 uersus
1173 1170 1425 1219 mittebatur,
1459 1173 1633 1213 secundo

144 1240 301 1279 {lumine
324 1240 498 1292 profecta
522 1247 644 1289 esset,
669 1239 709 1279 in
727 1239 890 1280 eandem
912 1247 1061 1292 partem
1079 1239 1177 1280 isset
1197 1253 1283 1279 cum
1306 1240 1468 1294 reliquis
1491 1241 1631 1296 copiis,

145 1321 243 1359 quae
266 1314 403 1347 contra
424 1306 645 1348 Labienum
669 1307 926 1347 ducebantur.
990 1306 1126 1360 Itaque
1158 1308 1257 1348 hanc
1279 1322 1439 1362 paruam
1464 1310 1633 1350 hostium

146 1389 301 1415 manum
325 1375 492 1415 aduerso
516 1375 674 1415 flumine
693 1376 906 1429 profectam
932 1389 1020 1416 esse
1042 1383 1206 1429 apparet
1228 1377 1275 1416 ad
1298 1377 1471 1430 quinque
1493 1378 1634 1418 cohor-

148 1450 231 1489 tes,
267 1457 366 1495 quae
398 1457 444 1482 eo
466 1442 610 1482 itinere
641 1456 663 1481 a
685 1441 864 1483 Labieno
895 1456 981 1482 cum
1012 1443 1298 1497 impedimentis
1326 1444 1472 1485 missae
1503 1453 1631 1496 erant,

147 1511 461 1563 persequendas3
487 1518 527 1550 et
548 1524 685 1559 naues,
712 1524 810 1562 quae
832 1510 893 1550 hic
917 1518 1290 1560 commemorantur,
1316 1524 1386 1552 eae
1402 1512 1637 1567 intellegen-

147 1578 217 1617 dae
240 1584 354 1626 sunt,
390 1591 484 1630 quas
508 1575 662 1618 Caesar
693 1575 769 1627 60,
803 1577 831 1617 4
861 1578 1001 1618 lintres
1023 1579 1305 1632 appellauerat.
1364 1578 1516 1621 Verum
1548 1594 1636 1621 cum

146 1643 323 1694 Caesar,
365 1659 477 1697 quam
515 1645 555 1685 in
587 1651 736 1698 partem
769 1644 866 1685 haec
898 1643 1100 1685 Gallorum
1133 1660 1273 1687 manus
1303 1648 1481 1700 profecta
1513 1654 1635 1698 esset,

144 1712 366 1767 significare
391 1712 534 1761 uellet,
568 1711 798 1752 incredibile
831 1720 891 1752 est
921 1726 1007 1752 eum
1039 1713 1112 1753 hoc
1134 1715 1325 1754 eiusmodi
1347 1715 1487 1769 oppido
1510 1715 1638 1768 posito

145 1780 406 1834 significasse,
432 1780 534 1833 qnod
554 1779 776 1833 legentibus
800 1781 913 1833 plane
935 1788 1043 1822 esset
1063 1783 1241 1834 ignotum
1257 1813 1267 1832 ,
1294 1783 1526 1837 praesertim
1548 1796 1637 1823 cum

145 1862 181 1888 c.
207 1848 286 1898 58,
318 1847 344 1888 2
367 1854 404 1888 et
425 1845 451 1887 6
473 1855 513 1888 et
532 1845 610 1897 60,
645 1846 666 1887 ‘l
700 1848 803 1888 aliud
835 1849 1016 1902 oppidum
1047 1850 1087 1890 in
1119 1850 1255 1890 eadem
1284 1852 1446 1905 regione
1468 1851 1638 1904 positum

146 1923 494 1956 commemorasset
515 1916 677 1969 eiusque
699 1916 816 1956 situm
839 1925 1025 1958 accurate
1048 1918 1308 1959 declarasset.
1365 1916 1504 1971 Itaque
1526 1925 1637 1959 recte

146 1982 328 2037 Scaliger
349 1990 387 2023 et
410 1983 585 2023 Vkertus
607 1983 707 2023 idem
732 1984 794 2024 hic
825 1985 1007 2039 oppidum
1042 1987 1210 2040 positum
1241 1986 1363 2027 fuisse
1395 1993 1634 2037 statuerunt,

147 2052 245 2104 qnod
268 2051 344 2092 illis
367 2051 463 2091 locis
484 2057 573 2091 erat
594 2051 859 2102 nominatum,
892 2053 961 2093 sed
983 2050 1165 2107 Scaliger
1196 2054 1456 2108 interpolatos
1479 2054 1636 2095 codices

146 2127 302 2160 secutus
325 2126 401 2169 est,
426 2133 499 2159 nos
523 2133 609 2159 cum
629 2118 783 2160 Vkerto
804 2121 1020 2160 secundum
1043 2135 1104 2171 ea,
1130 2135 1229 2175 quae
1251 2136 1370 2176 supra
1391 2123 1639 2163 demonstra-

146 2188 286 2237 uimus,
311 2185 568 2228 Melodunum
591 2187 860 2228 restituemus.
905 2186 1047 2241 Neque
1070 2189 1108 2229 id
1130 2195 1279 2230 temere
1301 2190 1482 2232 facimus.
1531 2189 1638 2231 Nam

147 2270 232 2295 cum
257 2270 290 2295 c.
316 2253 386 2304 60,
416 2254 428 2294 l
453 2253 584 2310 Bong.
610 2269 669 2309 pr.
696 2269 782 2296 cum
805 2256 1054 2310 interpolatis
1080 2255 1334 2298 ‘Metiosedo'
1358 2258 1549 2313 scriptum
1570 2259 1639 2299 ha-

145 2323 257 2371 beat,
290 2330 398 2363 certo
430 2337 475 2363 ea
510 2336 575 2362 res
608 2323 754 2363 indicio
785 2330 847 2364 est
874 2323 950 2363 iam
983 2323 1023 2363 in
1057 2325 1192 2365 codice
1213 2326 1428 2381 archetypo
1451 2327 1488 2368 ei
1509 2327 1639 2381 oppidi

146 2391 319 2440 nomini,
353 2391 454 2443 quod
477 2387 630 2431 Caesar
651 2399 861 2446 posuerat,
896 2391 1000 2432 aliud
1023 2393 1145 2433 fuisse
1167 2393 1398 2447 ascriptum.
1451 2393 1496 2435 Id
1517 2395 1641 2449 igitur

148 2465 190 2498 ut
210 2459 373 2512 reliquis
395 2458 493 2499 locis
516 2473 648 2499 ueram
671 2460 907 2514 scripturam
936 2459 977 2500 in
1009 2467 1120 2514 parte
1142 2461 1318 2501 codicum
1343 2463 1518 2517 expulit,
1550 2463 1640 2516 quid

148 2526 285 2566 mirum
310 2534 386 2576 est,
413 2528 513 2580 quod
536 2542 570 2567 c.
595 2527 666 2578 61,
692 2526 716 2567 5
738 2528 839 2567 idem
861 2528 902 2568 in
923 2528 1104 2569 omnibus
1128 2530 1240 2569 codd.
1267 2530 1411 2570 factum
1435 2532 1523 2572 est?
1559 2529 1640 2572 Sed

150 2608 246 2644 quae
267 2608 385 2634 causa
408 2596 538 2645 fuerit,
562 2603 605 2636 ut
626 2610 695 2649 pro
706 2594 925 2637 Meloduno
938 2594 1203 2637 Metiosedum
1218 2605 1446 2651 poneretur,
1471 2606 1539 2640 aut
1551 2598 1641 2653 quid

153 2659 223 2699 boe
244 2675 386 2702 nomen
408 2663 619 2716 significet,
645 2664 793 2705 nescio.
843 2662 1100 2704 Melodunum
1123 2672 1252 2705 autem
1275 2672 1432 2719 praeter
1454 2681 1514 2716 ea,
1541 2680 1640 2720 quae

154 2728 198 2766 de
221 2728 393 2769 codicum
415 2732 650 2772 auctoritate
672 2746 790 2786 supra
812 2733 984 2782 ostendi,
1008 2732 1092 2786 ipso
1115 2732 1194 2773 situ
1218 2735 1529 2774 commendatur.
1562 2733 1640 2774 Est

154 2794 254 2834 enim
278 2795 313 2835 id
337 2798 540 2851 oppidum,
574 2800 674 2852 quod
705 2800 817 2841 hodie
850 2806 1015 2841 uocatur
1044 2799 1207 2841 Melun:
1240 2808 1279 2842 et
1308 2801 1348 2841 in
1378 2802 1511 2842 itiner.
1536 2800 1635 2840 Ant.

154 2863 229 2903 iter
250 2861 411 2904 Lutetia
432 2864 673 2918 Agedieum,
710 2882 784 2920 quo
806 2867 1011 2909 Labienus
1034 2869 1231 2921 profectus
1254 2875 1338 2917 est,
1374 2869 1431 2909 sic
1455 2874 1635 2908 notatur:

1310 2935 1359 2974 7.
