1835 3240
711 200 823 206 --——
884 174 964 216 102

178 295 333 338 cuntur,
367 288 435 328 sed
459 289 694 342 superiores.
740 286 908 328 Praeter
929 289 995 328 illa
1033 289 1123 328 ‘sed
1147 290 1206 328 et⁷
1241 287 1436 328 Whinius
1459 288 1575 327 etiam
1598 288 1657 327 in-

178 356 324 396 feriora
359 361 499 408 ‘atque
522 354 718 395 euocatis'
741 356 852 396 uncis
884 355 1044 395 inclusit
1071 355 1324 408 interpretem
1362 354 1584 404 Graecum,
1619 355 1657 394 ni

177 423 309 473 fallor,
340 430 515 463 secutus.
559 421 760 462 Euocatos
791 422 832 461 in
863 422 947 462 acie
978 429 1083 462 certe
1112 422 1221 474 equis
1244 422 1300 461 uti
1324 436 1401 461 non
1425 422 1597 475 potuisse
1620 428 1659 460 et

176 504 241 531 res
262 490 347 544 ipsa
369 491 496 536 docet,
522 497 576 535 et,
601 489 633 528 si
657 489 847 541 exemplis
870 502 966 540 opus
988 495 1064 536 est,
1097 486 1217 528 Caes.
1243 489 1288 527 de
1310 489 1348 527 b.
1375 489 1450 528 eiu.
1476 487 1560 536 III,
1584 488 1655 528 91.

178 555 255 610 Qui
277 558 399 611 igitur
421 557 538 597 uerba
561 557 626 596 illa
647 556 856 595 defendere
879 555 1010 604 uolet,
1043 555 1077 594 ei
1108 568 1154 594 eo
1178 561 1239 594 est
1260 555 1586 608 confugiendum,
1618 563 1661 594 ut

178 626 338 665 honoris
362 638 481 664 causa
503 624 579 663 illis
603 621 820 663 hominibus
844 635 1074 661 concessum
1100 622 1220 661 fuisse
1251 629 1421 671 statuat,
1458 629 1499 661 ut
1526 622 1565 661 in
1597 621 1661 661 iti-

177 693 338 732 neribus
361 706 459 744 equo
482 691 746 738 ueherentur,
781 689 1018 741 eosdemque
1049 689 1096 728 ad
1119 688 1309 742 reliquum
1332 689 1525 742 priuatum
1550 702 1659 727 usum

178 773 297 812 equos
322 758 519 799 habuisse.
581 756 734 796 Tamen
768 755 863 796 nihil
895 769 1056 808 usquam
1088 756 1136 796 de
1168 756 1239 795 bac
1261 770 1305 796 re
1327 755 1542 810 significari
1564 756 1661 795 adeo

176 827 316 866 mirum
340 833 415 875 est,
441 832 483 864 ut
504 826 588 864 fere
609 821 818 864 aCaesare
844 827 974 875 ‘atque
991 823 1145 876 legatis'
1169 824 1356 877 scriptum
1374 837 1462 864 esse
1484 823 1657 863 credam.

177 892 283 933 Nam
315 891 634 945 quemadmodum
666 889 896 945 interpolari
928 891 1023 931 haec
1055 891 1174 931 uerba
1207 891 1430 944 potuerint,
1465 905 1542 930 non
1575 904 1662 944 per—

177 961 315 1014 spicio.

291 1024 340 1067 C.
366 1025 437 1076 66,
461 1027 487 1066 4
509 1025 822 1079 Vercingetorix
844 1026 1065 1079 praefectos
1088 1027 1257 1080 equitum
1283 1028 1446 1076 edocet,
1480 1027 1662 1079 quemad-

179 1095 333 1136 modum
362 1093 565 1134 Romanos
594 1094 672 1134 iter
703 1093 892 1133 facientes
922 1101 1125 1147 premant,
1158 1108 1256 1147 quae
1284 1094 1407 1134 uerba
1437 1094 1476 1133 in
1509 1094 1663 1147 optimis

180 1163 292 1204 codd.
325 1162 381 1202 ita
412 1161 559 1215 scripta
589 1167 702 1201 suntz
750 1159 940 1201 ‘Proinde
971 1161 1125 1214 agmine
1157 1162 1362 1215 impeditos
1393 1162 1660 1202 adorirentur.

181 1228 226 1271 Si
247 1230 397 1284 pedites
419 1229 501 1270 suis
524 1228 713 1269 auxilium
736 1229 883 1278 ferant,
906 1229 984 1269 iter
1006 1230 1140 1269 facere
1161 1244 1239 1269 non
1263 1243 1379 1283 posse
1395 1260 1405 1279 ,
1429 1230 1479 1278 si,
1503 1229 1541 1270 id
1563 1230 1665 1282 quod

179 1298 305 1352 magis
334 1299 507 1338 futurum
530 1296 728 1343 confidat,
763 1297 914 1337 relictis
947 1297 1234 1350 impedimentis
1267 1311 1362 1337 suae
1384 1297 1500 1337 saluti
1523 1311 1665 1337 consu-

178 1365 275 1415 lant,
300 1372 339 1405 et
360 1379 433 1405 usu
454 1379 585 1405 rerum
610 1365 925 1404 necessariarum
949 1371 989 1404 et
1011 1364 1200 1417 dignitate
1223 1364 1426 1417 spoliatum
1449 1363 1527 1403 iri'.
1592 1363 1666 1404 Hic

181 1433 228 1472 ob
249 1433 341 1473 illa:
379 1433 428 1473 ‘si
452 1433 601 1473 relictis
623 1432 910 1486 impedimentis
932 1445 1027 1471 suae
1050 1431 1164 1471 saluti
1188 1432 1410 1471 consulant'
1447 1431 1665 1471 dubitatum

180 1507 256 1550 est,
280 1515 371 1540 num
393 1508 501 1541 recte
523 1501 716 1541 haberent
737 1500 942 1553 superiora
964 1499 1085 1539 uerba
1118 1500 1175 1539 ‘si
1198 1500 1346 1552 pedites
1368 1498 1450 1538 suis
1474 1499 1666 1539 auxilium

180 1566 347 1608 ferant'.
391 1567 460 1608 Ex
490 1568 567 1609 illis
601 1567 703 1607 enim
736 1580 926 1619 apparere
957 1567 1080 1605 uisum
1112 1573 1175 1606 est
1197 1565 1565 1619 Vercingetorigem
1588 1580 1666 1606 non

180 1634 420 1684 hominihus,
445 1635 512 1675 sed
534 1634 821 1688 impedimentis
844 1634 1032 1673 auxilium
1058 1635 1208 1673 laturos
1232 1647 1318 1673 esse
1340 1632 1543 1674 Romanos
1569 1633 1666 1672 iudi-

182 1702 352 1743 cauisse.
395 1701 631 1756 Itaqueiam
665 1702 705 1740 in
727 1699 847 1741 Leid.
878 1714 936 1754 pr.
968 1701 1156 1754 scriptum
1190 1707 1251 1740 est
1285 1700 1346 1739 ‘si
1378 1701 1667 1753 impedimentis

181 1769 264 1810 suis
287 1769 475 1809 auxilium
500 1768 657 1817 ferant'‚
682 1769 721 1808 in
744 1768 831 1808 edd.
857 1768 1083 1820 quibusdam
1107 1775 1225 1814 uett.‚
1249 1774 1291 1808 ut
1313 1766 1553 1817 Vascosani,
1581 1773 1668 1808 ‘re-

181 1835 267 1877 bus'
289 1843 378 1890 post
402 1836 580 1890 ‘pedites'
602 1836 811 1876 adiectum.
867 1834 1008 1887 Neque
1032 1836 1126 1876 haec
1150 1836 1338 1875 refutauit
1360 1834 1568 1876 Clarkius.
1604 1836 1667 1888 qui

182 1903 413 1957 pronomine
444 1909 454 1928 ‘
469 1904 575 1945 suis'
608 1911 647 1945 et
669 1904 846 1943 homines
869 1910 908 1943 et
928 1917 993 1942 res
1015 1903 1161 1944 includi
1184 1903 1451 1943 existimauit:
1486 1917 1532 1942 eo
1564 1903 1667 1943 enim

182 1977 341 2025 praeter
355 1970 533 2012 homines
555 1972 650 2012 nihil
673 1971 733 2011 hic
755 1970 971 2023 significari
993 1976 1136 2024 potest.
1167 1969 1295 2010 Recte
1313 1970 1534 2011 hominibus
1555 1970 1668 2012 auxi-

183 2038 277 2079 lium
298 2040 450 2079 laturos
475 2040 549 2079 dici
571 2038 772 2080 Romanos
795 2038 884 2078 inde
908 2038 1198 2092 comprobatur,
1224 2039 1323 2090 quod
1356 2038 1527 2091 ‘agmine
1548 2038 1668 2091 impe-

183 2105 324 2156 ditos',
358 2121 437 2146 non
466 2108 742 2161 impedimenta
770 2105 1083 2160 Vercingetorix
1112 2105 1263 2158 equites
1303 2106 1448 2146 adoriri
1477 2106 1665 2146 iusserat.

182 2171 319 2227 Itaque
344 2175 522 2228 ‘pedites’
545 2175 658 2228 paulo
681 2175 796 2215 aliter
815 2175 855 2214 in
878 2175 1001 2229 prima
1024 2173 1216 2215 enuntiati
1238 2180 1347 2227 parte
1370 2174 1466 2223 dici,
1492 2174 1609 2214 aliter
1628 2173 1670 2213 in

183 2240 308 2282 altera
328 2242 504 2295 intellegi
526 2243 777 2283 statuendum
800 2249 876 2282 est.
938 2241 1042 2282 Nam
1073 2241 1153 2281 illic
1176 2255 1221 2281 ea
1243 2255 1333 2295 pars
1355 2241 1525 2294 peditum
1547 2241 1670 2294 signi-

183 2308 338 2359 ficatur,
363 2323 461 2362 quae
483 2310 530 2350 ab
552 2311 715 2350 incursu
737 2310 905 2350 hostium
927 2310 1050 2350 libera
1072 2309 1161 2358 erit,
1186 2309 1247 2348 hic
1269 2322 1420 2349 omnes.
1463 2307 1546 2350 Iam
1570 2322 1669 2361 quae

185 2383 416 2430 sequuntur,
443 2391 494 2416 ex
516 2377 764 2430 interpolatis
787 2377 898 2417 codd.
922 2377 979 2416 ita
995 2377 1099 2418 edita
1117 2382 1233 2416 sunt:
1270 2374 1392 2415 ‘Nam
1409 2376 1455 2416 de
1473 2375 1668 2430 equitibus

185 2443 372 2494 hostium,
397 2444 487 2496 quin
505 2458 618 2484 nemo
641 2457 776 2484 eorum
798 2445 983 2498 progredi
1005 2445 1117 2484 modo
1142 2450 1256 2485 extra
1278 2456 1418 2496 agmen
1440 2443 1596 2491 audeat,
1621 2457 1669 2484 ne

184 2510 293 2565 ipsos
315 2511 466 2563 quidem
491 2511 633 2552 debere
655 2511 851 2552 dubitare.
913 2510 957 2552 Id
979 2526 1054 2565 quo
1076 2511 1225 2551 maiore
1248 2511 1393 2551 faciant
1413 2511 1543 2551 animo
1559 2542 1569 2561 ,
1605 2525 1670 2551 co-

184 2578 268 2631 pias
290 2592 334 2618 se
357 2592 492 2618 omnes
515 2593 583 2633 pro
607 2579 748 2619 castris
772 2579 993 2619 habiturum
1024 2586 1063 2619 et
1092 2579 1235 2619 terrori
1262 2579 1439 2619 hostibus
1464 2578 1666 2619 futurum'.

185 2644 233 2686 In
255 2645 327 2686 hac
350 2647 539 2686 orationis
571 2647 692 2686 forma
725 2647 844 2687 uerba
879 2651 954 2687 ‘ne
984 2647 1089 2701 ipsos
1120 2646 1273 2699 quidem
1304 2646 1446 2687 debere
1475 2645 1668 2687 dubitare'

186 2713 294 2754 nulla
315 2721 479 2767 possunt
511 2713 588 2753 alia
618 2715 815 2755 sententia
844 2715 1047 2770 intellegi,
1081 2728 1197 2768 quam
1217 2712 1487 2754 Romanorum
1516 2713 1669 2769 equites

187 2788 267 2821 tam
288 2780 434 2821 nullius
456 2781 642 2821 momenti
673 2794 787 2831 esse,
820 2789 862 2825 ut
891 2796 940 2823 ne
972 2797 1058 2823 cum
1080 2780 1283 2823 Gallorum
1313 2782 1466 2834 quidem
1496 2782 1669 2835 equitatu

187 2848 375 2902 congredi
405 2849 610 2890 auderent.
662 2846 800 2902 Itaque
828 2862 922 2890 suos
949 2849 1034 2905 ipse
1065 2849 1216 2904 equites
1244 2848 1558 2905 Vercingetorix
1588 2862 1668 2889 non
