1835 3240
657 176 1079 218 -195—

135 293 228 332 haec
252 291 352 330 sacta
375 294 599 338 narrantur,
636 302 763 342 neque
795 290 957 330 excisae
988 303 1011 329 a
1038 289 1271 343 legionariis
1301 301 1479 345 repertae
1497 326 1507 344 ,
1543 310 1618 336 non

131 358 273 400 licebat
295 357 458 397 alterum
483 357 727 410 participium
751 371 820 410 pro
843 357 1040 397 adiectiuo
1062 371 1209 410 ponere
1224 388 1234 407 ,
1271 373 1344 411 qua
1367 374 1444 400 una
1465 362 1619 403 ratione

133 425 353 480 copulatiua
376 425 565 478 particula
585 431 692 465 recte
714 425 980 465 omittebatur.
1013 423 1058 464 Id
1080 426 1300 479 perspexit,
1325 427 1389 482 qui
1414 432 1471 467 ‘et
1491 428 1622 480 proie-

131 492 216 533 ctis'
238 492 419 545 scripsit,
453 493 553 545 quod
585 492 731 545 legitur
758 493 798 532 in
821 492 1051 546 quibusdam
1082 492 1344 534 deterioribus
1374 495 1486 534 codd.
1542 492 1621 535 Sed

130 574 215 600 cum
240 560 439 614 complura
461 560 578 600 uerba
603 567 692 614 post
716 560 891 600 ‘excisis'
914 561 1124 601 interiecta
1146 568 1295 611 essent,
1332 562 1534 615 ‘proiectis
1556 563 1617 602 iis'

128 641 275 682 ponere
297 628 537 680 praestabat.

240 694 352 747 Quae
374 710 409 735 c.
435 695 488 736 33
511 702 616 735 extr.
642 696 687 736 de
711 696 888 736 discessu
919 697 966 736 ab
988 695 1238 736 Alexandria
1260 694 1450 737 Caesaris
1481 698 1620 751 legun-

128 770 213 802 tur:
252 761 345 803 ‘Sic
375 762 493 803 rebus
526 763 704 804 omnibus
739 764 931 805 confectis
963 770 1003 803 et
1035 764 1236 805 collocatis
1268 766 1350 819 ipse
1374 765 1517 805 itinere
1540 773 1619 806 ter-

125 831 246 871 restri
277 832 476 884 profectus
510 839 570 872 est
590 832 630 872 in
654 830 845 886 Syriam',
872 832 920 872 iis
944 833 1146 873 contraria
1168 847 1278 880 esse,
1313 847 1411 887 quae
1433 848 1466 874 c.
1488 831 1568 883 66,
1596 833 1617 873 1

127 899 173 938 de
195 899 368 939 eiusdem
390 900 634 952 profectione
657 913 707 939 ex
733 897 852 953 Syria
884 901 1138 940 referuntur:
1178 900 1282 953 ‘ipse
1311 902 1447 941 eadem
1470 901 1615 951 classe,

126 980 198 1018 qua
224 973 402 1016 uenerat,
429 967 689 1021 proficiscitur
709 967 748 1006 in
772 964 984 1015 Ciliciam',
1012 964 1216 1008 Vsserium
1243 968 1408 1021 (annali.
1435 983 1471 1008 a.
1489 967 1618 1021 3957)

125 1041 282 1074 secutus
328 1035 549 1088 posteriore
588 1035 674 1074 loco
721 1036 874 1075 notauit
921 1034 1110 1075 Dauisius
1163 1049 1325 1088 eamque
1369 1037 1618 1077 manifestam

124 1100 243 1142 Hirtii
278 1102 624 1157 ἐναντιολογίαν
656 1103 882 1156 appellauit.
935 1102 977 1143 Id
1010 1104 1124 1157 plane
1154 1104 1383 1143 incredibile
1416 1111 1491 1154 est,
1526 1103 1618 1144 Hir-

125 1170 234 1219 tium,
261 1184 371 1223 quem
394 1171 631 1211 Antiochiae
654 1171 752 1224 apud
777 1168 994 1212 Caesarem
1017 1172 1139 1212 fuisse
1162 1185 1280 1224 supra
1311 1186 1348 1225 p.
1377 1171 1430 1212 10
1457 1172 1619 1212 demon-

125 1238 263 1287 straui,
296 1252 373 1278 non
395 1239 519 1279 solum
542 1239 581 1278 in
603 1240 675 1279 hac
698 1252 739 1278 re
763 1252 936 1289 errasse,
971 1240 1039 1280 sed
1063 1240 1179 1280 etiam
1204 1240 1330 1280 altero
1352 1241 1439 1280 loco
1462 1254 1616 1290 uerum,

125 1306 247 1346 altero
270 1306 408 1346 falsum
428 1307 628 1347 retulisse.
664 1305 754 1347 Nos
776 1321 872 1347 uero
896 1307 1055 1360 cognito
1078 1308 1252 1348 codicum
1277 1322 1425 1362 genere
1447 1322 1527 1348 non
1549 1309 1617 1348 du-

126 1373 333 1413 bitabimus
347 1374 446 1413 hanc
461 1374 761 1426 discrepantiam
777 1375 964 1428 magistro
976 1383 1175 1429 acceptam
1188 1377 1355 1416 referre.
1380 1375 1517 1428 Itaque
1532 1389 1618 1416 cum

127 1439 444 1494 Ioseph.antiqq.
461 1440 578 1490 XIV,
593 1440 634 1490 8,
650 1440 691 1490 3,
716 1440 1138 1490 utmonuitDauisius,
1164 1440 1378 1484 Caesarem
1401 1444 1439 1483 in
1463 1441 1619 1497 Syriam

126 1510 336 1561 nauigasse
348 1510 757 1563 referat,eundemque
770 1510 934 1549 nauibus
946 1510 984 1549 in
998 1508 1177 1550 Ciliciam
1191 1511 1349 1551 uenisse
1362 1524 1414 1550 ex
1426 1508 1618 1551 Cic.Phil.

128 1574 179 1625 ll,
209 1576 272 1625 ll,
298 1575 352 1615 ‘26
374 1583 544 1624 constet,
571 1590 602 1615 c.
626 1576 678 1616 33
702 1577 822 1617 uerba
847 1578 1006 1618 ‘itinere
1023 1577 1217 1618 terrestri'
1241 1579 1417 1618 eicienda
1443 1580 1615 1619 fuerunt.

237 1640 269 1682 C
312 1641 381 1693 36,
402 1643 428 1682 4
451 1642 546 1683 haec
568 1643 608 1682 in
631 1644 743 1683 codd.
760 1645 967 1698 leguntur:
996 1642 1170 1696 ‘Quibus
1185 1659 1237 1686 ex
1250 1647 1391 1686 castris
1406 1660 1491 1686 cum
1507 1646 1617 1687 locus

124 1718 314 1765 angustus
337 1717 452 1763 atque
474 1710 682 1764 impeditus
706 1718 813 1751 esset
835 1713 1118 1760 transeundus,
1150 1711 1379 1754 Pharnaces
1400 1714 1441 1754 in
1463 1714 1617 1754 insidiis

125 1779 296 1819 delectos
319 1778 466 1832 pedites
489 1792 703 1831 omnesque
726 1793 850 1832 paene
872 1780 1065 1833 disposuit
1088 1780 1256 1834 equites,
1281 1795 1463 1835 magnam
1486 1789 1615 1822 autem

124 1846 409 1887 multitudinem
440 1847 592 1899 pecoris
623 1846 728 1887 intra
758 1861 825 1888 eas
855 1849 989 1889 fauces
1021 1849 1205 1903 dissipari
1226 1849 1341 1890 iussit
1363 1864 1618 1904 paganosque

125 1921 164 1954 et
195 1914 406 1967 oppidanos
436 1914 477 1954 in
508 1914 556 1954 iis
588 1915 685 1955 loc-is
718 1915 949 1966 obuersari,
984 1924 1027 1956 ut
1048 1917 1133 1957 siue
1156 1918 1306 1958 amicus
1329 1918 1413 1958 siue
1434 1917 1617 1958 inimicus

125 1980 322 2022 Domitius
354 1995 420 2022 eas
453 1983 657 2036 angustias
692 1983 905 2033 transiret,
935 1984 1032 2024 nihil
1063 1986 1108 2025 de
1140 1986 1294 2026 insidiis
1325 1987 1614 2040 suspicaretur,

124 2064 207 2090 cum
230 2049 269 2088 in
291 2049 396 2103 agris
419 2057 458 2089 et
479 2064 623 2104 pecora
641 2058 680 2091 et
702 2051 879 2091 homines
897 2052 1401 2095 animaduerteretuersari
1418 2062 1616 2108 tamquam

122 2118 331 2158 amicorum
355 2117 542 2166 aduentu,
576 2125 618 2158 ut
639 2119 678 2158 in
702 2119 872 2159 hostium
894 2121 991 2161 fines
1014 2122 1192 2172 ueniret,
1228 2123 1371 2176 praeda
1395 2123 1616 2177 diripienda

121 2184 263 2225 milites
286 2185 574 2238 dissiparentur
595 2187 837 2241 dispersique
860 2188 1150 2229 caederentur'.
1192 2189 1299 2231 Nam
1332 2195 1387 2230 ‘ut
1409 2191 1497 2232 siue
1519 2191 1616 2231 ami-

121 2266 188 2291 cus
211 2253 295 2293 siue
317 2253 499 2294 inimicus
523 2253 740 2296 Domitius⁷
770 2256 811 2296 in
833 2257 1013 2296 omnibus
1036 2258 1150 2297 codd.
1181 2259 1369 2312 scriptum
1402 2266 1488 2310 est3
1524 2259 1615 2299 ‘ad-

121 2327 240 2360 uentu
273 2328 312 2360 ut
339 2320 380 2361 in
403 2321 571 2362 hostium
593 2322 712 2363 fines'
737 2325 857 2364 estin
882 2322 974 2364 Par.
1002 2339 1084 2365 sec.
1110 2323 1225 2366 Leid.
1251 2340 1310 2380 pr.
1336 2324 1443 2368 Scal.
1470 2326 1612 2377 Voss.,

125 2387 198 2427 nisi
221 2389 321 2441 quod
343 2403 427 2429 cum
447 2390 533 2430 aliis
557 2391 668 2430 codd.
698 2392 920 2433 ‘aduentus'
945 2393 1152 2434 exhibent.
1185 2392 1331 2435 Editur
1352 2409 1469 2449 supra
1496 2399 1556 2436 ‘ut
1582 2396 1615 2435 si

122 2455 266 2495 amicus
289 2454 505 2499 Domitius'
528 2466 567 2499 et
589 2459 728 2500 deinde
753 2460 830 2500 ‘sin
853 2474 951 2501 uero
981 2468 1022 2500 ut
1042 2461 1083 2501 in
1106 2461 1276 2502 hostium
1299 2464 1397 2504 fines
1421 2463 1613 2513 ueniret'‚

124 2536 218 2573 quae
261 2537 503 2579 nequaquam
545 2541 597 2568 ex
637 2527 711 2576 iis,
757 2541 858 2581 quae
889 2541 1008 2582 supra
1039 2530 1174 2583 posui,
1220 2530 1476 2584 probabiliter
1517 2531 1616 2571 effici

123 2598 296 2641 apparet.
339 2593 378 2632 A
409 2595 541 2635 uerbis
576 2595 713 2635 ‘utin
755 2595 925 2636 hostium
967 2596 1067 2637 fines
1107 2598 1285 2638 ueniret'
1326 2600 1491 2639 alteram
1525 2612 1614 2638 sen-

125 2656 268 2698 tentiae
306 2668 454 2713 partem
483 2662 660 2716 incipere
691 2663 806 2717 idque
834 2664 888 2704 ibi
928 2665 1228 2719 significandum
1259 2667 1407 2716 fuisse,
1444 2666 1613 2720 itemque

124 2722 243 2763 uerba
276 2727 385 2767 ‘siue
411 2729 603 2771 inimicus'
627 2744 771 2785 supra,
803 2731 868 2771 ubi
896 2732 937 2771 in
961 2733 1073 2773 codd.
1098 2734 1308 2787 leguntur,
1341 2735 1472 2788 inepta
1506 2747 1609 2782 esse,

124 2804 207 2829 cum
249 2793 381 2833 eadem
422 2798 620 2838 sententia
660 2799 850 2839 extremis
892 2801 1024 2841 uerbis
1066 2802 1288 2842 declaretur
1304 2833 1314 2851 ,
1360 2802 1611 2841 manifestum

123 2865 197 2897 cst.
241 2856 374 2912 ltaque
409 2875 452 2902 ea
469 2894 479 2913 ,
512 2866 670 2918 quaein
693 2867 803 2907 codd.
827 2867 1034 2921 leguntur,
1070 2869 1125 2908 ita
1147 2870 1343 2909 seruanda
1366 2868 1609 2915 existimaui,

1255 2935 1304 2975 13
1320 2937 1336 2953 *
