1835 3240
113 562 131 593 υἱ

88 900 129 932 10

95 1238 133 1269 15

606 163 788 208 COMM.
813 161 851 206 ΙΙ
874 161 998 206 CAP.
1022 162 1221 204 34—36.
1634 165 1713 208 557

160 293 371 334 omnesque
393 293 435 320 se
457 279 532 319 iam
556 278 602 318 ab
626 281 798 333 equitatu
823 277 1101 320 circumueniri
1134 276 1440 317 arbitrabantur.
1502 277 1639 333 Itaque

160 351 382 404 priusquam
405 347 521 387 telum
536 347 632 387 abici
657 355 803 401 posset,
829 355 896 387 aut
917 346 1042 386 nostri
1067 344 1225 400 propius
1238 346 1487 394 accederem,
1513 348 1638 387 omnis

161 417 256 458 Vari
280 416 386 455 acies
413 422 521 469 terga
545 415 664 455 uertit
685 428 805 467 seque
826 415 866 454 in
890 421 1020 455 castra
1042 413 1206 467 recepit.
1270 410 1359 464 Qua
1389 412 1428 452 in
1452 414 1540 467 fuga
1564 413 1639 454 Fa·
1659 415 1715 459 35

158 485 246 525 bius
268 482 456 536 Pelignus
488 484 640 536 quidam
673 497 726 522 ex
756 483 900 522 intimis
935 482 1136 522 ordinibus
1168 481 1215 520 de
1247 480 1429 520 exercitu
1452 478 1641 521 Curionis

163 551 330 608 primum
352 565 491 606 agmen
514 551 743 605 fugientium
768 557 1004 591 consecutus
1026 563 1169 604 magna
1191 562 1290 588 uoce
1312 546 1462 589 Varum
1486 548 1643 588 nomine

160 621 358 674 appellans
380 619 629 672 requirebat,
664 618 718 658 uti
751 632 851 658 unus
883 632 972 658 esse
1002 631 1053 658 ex
1085 618 1168 657 eius
1200 616 1386 657 militibus
1418 623 1456 656 et
1484 630 1645 656 monere

159 688 262 728 uelle
285 688 426 740 aliquid
450 701 495 727 ac
519 687 651 727 dicere
674 686 890 725 uideretur.
925 685 1003 726 Vbi
1026 685 1092 725 ille
1115 685 1271 738 saepius
1295 683 1512 738 appellatus
1534 697 1646 737 aspe-
1666 683 1693 723 2

159 757 221 796 xit
243 770 287 796 ac
310 755 457 795 restitit
479 762 516 794 et
531 785 541 801 ,
569 755 653 807 quis
685 760 792 794 esset
813 761 880 794 aut
899 754 989 806 quid
1012 753 1156 802 uellet,
1191 752 1407 804 quaesiuit,
1444 751 1644 792 humerum

163 831 339 878 apertum
363 822 490 875 gladio
510 823 658 876 appetit
679 822 912 876 paulumque
934 821 1056 871 afuit,
1093 820 1185 873 quin
1206 819 1355 861 Varum
1380 820 1645 870 interficeret,

163 892 261 945 quod
285 891 350 931 ille
373 890 584 943 periculum
608 890 760 930 sublato
785 891 831 930 ad
855 890 938 930 eius
961 895 1142 928 conatum
1166 895 1276 928 scuto
1299 888 1454 928 uitauit.
1499 886 1648 928 Fabius

165 974 187 999 a
218 958 409 1012 proximis
438 958 623 997 militibus
655 958 946 997 circumuentus
977 955 1227 996 interficitur.
1289 954 1375 995 Hac
1418 956 1647 1009 fugientium
1670 955 1695 995 3

162 1026 408 1066 multitudine
431 1040 475 1065 ac
499 1025 611 1065 turba
635 1032 771 1079 portae
794 1033 1014 1065 castrorum
1038 1030 1281 1077 occupantur
1294 1030 1410 1075 atque
1432 1024 1508 1063 iter
1529 1023 1650 1078 impe-

164 1095 268 1134 ditur
283 1124 293 1143 ,
329 1094 538 1147 pluresque
567 1093 606 1132 in
629 1107 675 1133 eo
698 1093 784 1133 loco
807 1093 892 1133 sine
916 1093 1078 1133 uulnere
1101 1106 1213 1145 quam
1237 1091 1277 1131 in
1299 1091 1448 1145 proelio
1471 1098 1539 1131 aut
1562 1092 1651 1144 suga

164 1162 388 1211 intereunt,
426 1175 553 1214 neque
575 1162 735 1202 multum
759 1162 881 1211 afuit,
917 1162 1009 1214 quin
1031 1161 1147 1201 etiam
1171 1160 1312 1199 eastris
1335 1158 1648 1213 expellerentur,
1672 1158 1698 1198 4

166 1244 211 1270 ac
235 1229 412 1269 nonnulli
442 1230 620 1282 protinus
655 1231 790 1269 eodem
815 1243 933 1269 cursu
954 1230 994 1269 in
1017 1229 1197 1283 oppidum
1221 1228 1526 1268 contenderunt.
1573 1226 1651 1267 Sed
1675 1226 1698 1266 5

167 1312 250 1337 eum
273 1297 349 1337 loci
373 1304 513 1337 natura
536 1304 575 1337 et
587 1297 748 1337 munitio
762 1305 977 1337 castrorum
991 1298 1135 1337 aditum
1158 1296 1433 1350 prohibebant,
1460 1303 1538 1335 tum
1553 1295 1652 1347 quod

167 1366 215 1406 ad
239 1365 427 1418 proelium
451 1366 602 1419 egressi
627 1363 812 1406 Curionis
835 1365 978 1406 milites
1000 1366 1049 1405 iis
1071 1364 1187 1405 rebus
1210 1363 1459 1418 indigebant,
1486 1377 1584 1415 quae
1607 1362 1652 1402 ad

168 1434 497 1487 oppugnationem
521 1441 741 1474 castrorum
765 1442 878 1474 erant
901 1433 1005 1474 usui.
1062 1431 1200 1488 Itaque
1224 1429 1346 1472 Curio
1370 1431 1591 1471 exercitum
1613 1431 1652 1470 in
1676 1429 1702 1471 6

169 1509 298 1541 castra
322 1502 473 1541 reducit
502 1502 584 1542 suis
615 1503 792 1542 omnibus
815 1510 972 1556 praeter
995 1500 1157 1541 Fabium
1179 1500 1466 1550 incolumibus,
1502 1513 1552 1540 ex
1584 1514 1654 1539 nu-

168 1583 275 1609 mero
308 1570 622 1610 aduersariorum
656 1570 817 1610 circiter
848 1577 903 1610 DC
934 1570 1154 1610 intersectis
1179 1582 1222 1608 ac
1248 1598 1285 1608 ..
1309 1567 1555 1618 uolneratis,
1590 1568 1655 1620 qui

169 1651 304 1677 onmes
328 1635 704 1678 discessqu-ionis
727 1638 914 1691 multique
938 1645 1144 1691 praeterea
1167 1651 1237 1691 per
1258 1635 1549 1676 simulationem
1570 1636 1655 1676 uul-

169 1718 306 1745 nerum
332 1718 383 1744 ex
406 1706 547 1746 castris
569 1706 608 1745 in
633 1707 812 1759 oppidum
836 1713 994 1759 propter
1016 1706 1193 1745 timorem
1217 1718 1307 1744 sese
1329 1704 1536 1756 recipiunt.
1565 1700 1654 1754 Qua
1677 1703 1703 1744 7

169 1786 212 1814 re
235 1773 510 1813 animaduersa
532 1772 665 1814 Varus
698 1782 734 1814 et
768 1781 919 1814 terrore
952 1774 1154 1813 exereitus
1185 1772 1344 1825 cognito
1367 1771 1597 1812 bucinatore
1617 1771 1658 1811 in

171 1841 312 1882 castris
336 1848 374 1881 et
396 1842 529 1894 paucis
552 1842 597 1882 ad
621 1843 790 1895 speciem
824 1841 1090 1882 tabernaculis
1124 1841 1272 1881 relictis
1304 1841 1350 1879 de
1385 1839 1501 1880 tertia
1523 1839 1658 1893 uigilia

171 1908 327 1949 silentio
351 1910 572 1949 exercitum
594 1910 632 1950 in
657 1911 836 1964 oppidum
862 1911 1026 1951 reducit.
1054 1908 1223 1950 Postero
1246 1908 1307 1948 die
1331 1905 1453 1948 Curio
1474 1907 1655 1948 obsidere
1673 1907 1731 1952 36

172 1976 328 2019 Vticam
352 1984 391 2017 et
413 1977 517 2018 uallo
540 1978 844 2019 circummunire
866 1979 1052 2019 instituit.
1104 1977 1208 2018 Erat
1227 1976 1268 2018 in
1291 1977 1431 2031 oppido
1454 1976 1658 2016 multitudo

318 2148 332 2180 1
355 2159 390 2180 se
410 2149 474 2180 iam
494 2159 526 2189 a,
549 2160 585 2181 se
607 2150 646 2191 b,·
666 2150 729 2181 iam
749 2161 785 2181 se
805 2150 884 2183 edd.
1035 2149 1157 2185 2abici
1177 2159 1197 2181 a
1218 2151 1253 2180 et
1269 2150 1321 2179 sic
1341 2146 1412 2178 ‘uel
1429 2146 1531 2178 abiici
1550 2148 1659 2187 mss),

173 2200 263 2231 adici
282 2200 359 2231 eod.
382 2200 463 2232 Vrs.
485 2211 521 2233 u.
663 2203 680 2235 6
701 2213 778 2234 esse
796 2203 923 2243 Aldus,
946 2207 1072 2236 esseta
1088 2203 1184 2234 “mss.
1201 2200 1391 2243 plerique'.
1535 2201 1552 2233 7
1569 2201 1661 2233 uelle

173 2253 302 2294 aliquid
320 2263 340 2284 a
363 2252 441 2295 (sed
456 2255 563 2286 uellet
581 2259 666 2286 ante
685 2255 810 2298 corin),
833 2256 962 2298 aliquid
976 2255 1068 2287 uelle
1082 2254 1161 2286 edd.
1304 2251 1439 2295 aspexit
1452 2252 1516 2294 (a).

175 2304 193 2335 9
213 2304 344 2346 afuits,
369 2304 470 2336 suita
484 2306 523 2345 b,-
543 2306 653 2338 abfuit
671 2317 704 2338 u.
850 2308 886 2339 ll
910 2307 1117 2338 interficitur
1135 2305 1388 2337 circumuentus
1408 2314 1441 2335 α.
1600 2304 1662 2335 hac

175 2353 208 2393 [1,
231 2364 269 2386 ac
287 2355 421 2396 reliqui
438 2356 532 2387 bom'.
677 2357 717 2389 14
735 2357 824 2389 afuit
841 2359 909 2400 as,
932 2358 1043 2389 abfuit
1061 2368 1096 2389 ιι.
1226 2357 1266 2389 16
1287 2356 1427 2387 ‘aditum
1448 2355 1581 2397 prohib.
1594 2360 1662 2387 tum

175 2404 270 2437 mss)
293 2410 326 2437 et
345 2407 573 2449 prohibebant
597 2409 614 2441 5
631 2408 718 2440 dett..
741 2410 806 2440 hoc
824 2413 876 2441 est
894 2421 1028 2449 omnes,
1049 2412 1084 2441 in
1105 2410 1234 2451 quibus
1253 2409 1319 2440 hoc
1337 2408 1483 2439 uerbum
1502 2407 1665 2448 [οἱς-ἰθυπ-

177 2459 274 2495 ssat,-
302 2458 389 2490 adiri
409 2463 489 2491 tunc
507 2470 527 2490 α
547 2463 580 2491 et
597 2461 649 2491 sie
667 2460 748 2491 ‘nel
766 2465 832 2492 tum
846 2461 853 2474 '
872 2471 892 2492 a
907 2461 923 2491 b
937 2461 987 2492 cd
1005 2461 1225 2500 Vossianus,
1255 2459 1343 2491 adiri
1363 2463 1443 2490 tunc
1464 2469 1528 2490 non
1547 2463 1665 2500 posset

178 2507 418 2551 Petamanus,
448 2511 536 2542 adiri
558 2516 626 2543 tum
648 2522 709 2542 non
733 2516 868 2553 poterat
885 2512 1147 2552 Louanz'ensis;
1178 2512 1305 2543 aditum
1335 2510 1537 2552 prohibebat
1555 2514 1623 2542 tum
1644 2520 1665 2540 η

182 2560 395 2601 (prohibebat
413 2566 553 2604 primus
571 2565 611 2596 P.
633 2564 847 2603 Manutius).
978 2565 1017 2597 17
1037 2565 1088 2596 his
1108 2575 1142 2596 a.
1293 2563 1332 2596 19
1353 2562 1469 2594 educit
1486 2572 1520 2594 α.

182 2612 441 2645 incolomiuibus
460 2625 494 2646 α.
636 2616 678 2648 20
698 2626 736 2646 ac
757 2615 947 2647 uulneratis
966 2615 1100 2656 reliqui
1112 2618 1262 2657 praeter
1280 2625 1388 2645 unum
1408 2614 1494 2653 dea,
1516 2624 1554 2645 ac
1574 2613 1665 2644 mille

182 2664 370 2695 uulneratis
389 2666 464 2697 eod.
481 2667 759 2699 Vmfflarz‘sinus
779 2671 908 2700 tertius
928 2678 961 2699 u.
977 2668 1060 2700 l'z'd.
1081 2668 1240 2709 Appian.
1264 2667 1295 2697 b·
1316 2668 1386 2697 Οἷα·
1400 2666 1443 2704 ll,
1466 2666 1521 2697 4²·

182 2715 219 2749 ,21
245 2720 425 2756 praeterea
443 2727 483 2748 ex
504 2717 720 2750 simulatione
740 2730 772 2750 u.
794 2719 826 2750 in
846 2730 875 2750 e.
899 2720 930 2751 b.
1139 2718 1182 2752 ⁴23
1201 2718 1348 2749 animum
1367 2717 1515 2747 aduersa
1534 2725 1579 2745 (η’
1598 2725 1665 2745 ano

184 2767 256 2798 del.
278 2778 311 2799 ιι.
454 2769 654 2801 bucinatore
673 2781 693 2802 a
707 2772 803 2802 ‘'mss.
819 2771 1011 2813 plere'que’,
1030 2782 1096 2803 mm
1110 2770 1246 2802 buecin.
1388 2769 1431 2799 ‘24
1444 2766 1568 2797 castris
1588 2776 1668 2808 pau-

184 2819 300 2859 cisque
322 2820 351 2850 b.
494 2820 707 2853 tabernaculi
727 2832 746 2853 α
764 2823 957 2863 ‘pler-[quest
1098 2822 1140 2857 25
1161 2820 1318 2852 obsidere
1331 2818 1461 2850 Vticam
1480 2827 1514 2858 a,
1536 2815 1668 2850 Vticam

187 2870 343 2902 obsidere
364 2869 440 2901 edd.
596 2872 639 2907 20
658 2873 910 2905 circummuniri
931 2874 962 2905 b.
1120 2872 1275 2914 oppidum
1294 2882 1314 2902 α
1330 2872 1360 2903 b.
