1835 3240
88 552 107 584 υτ

64 889 105 922 10

62 1565 105 1599 20

573 155 758 200 COMM.
783 155 803 198 I
825 153 948 199 CAP.
973 155 1176 198 75—79.
1610 161 1688 203 531

136 273 282 316 remitti
303 270 425 311 iubet.
465 267 545 311 Sed
568 284 620 310 ex
637 284 799 311 numero
821 270 1064 311 tribunorum
1088 269 1249 309 militum
1265 271 1615 327 centurionumque
1636 275 1664 316 2

137 339 311 382 nonnulli
335 352 403 378 sua
425 338 627 378 uoluntate
649 339 748 392 apud
771 352 860 379 eum
892 344 1182 379 remanserunt.
1247 335 1358 389 Quos
1388 339 1452 379 ille
1482 349 1617 393 postea

135 421 276 461 magno
298 406 337 446 in
362 406 510 446 honore
534 407 691 456 habuit3
727 407 979 447 centuriones
1009 407 1049 446 in
1072 406 1223 459 priores
1246 404 1430 456 ordines,
1465 409 1616 462 equites

136 475 337 515 Romanos
369 473 408 513 in
441 474 691 514 tribunicium
724 475 898 514 restituit
919 475 1122 514 honorem.
1186 471 1474 513 Premebantur
1493 474 1613 515 Afra·
1635 477 1693 521 78

137 543 243 584 niani
267 541 531 596 pabulatione,
556 542 803 594 aquabantur
825 555 958 594 aegre.
1011 540 1217 581 Frumenti
1240 541 1388 594 copiam
1412 541 1619 595 legionarii

134 610 361 651 nonnullam
385 608 593 658 habebant,
625 609 724 661 quod
748 609 899 649 dierum
921 616 1019 649 XXII
1041 609 1088 648 ab
1110 607 1239 649 Ilerda
1262 610 1497 649 frumentum
1520 609 1618 650 iussi

135 685 251 719 erant
273 678 432 724 efferre,
459 675 597 716 cetrati
620 676 913 730 auxiliaresque
935 677 1095 724 nnllam,
1121 690 1282 728 quorum
1307 683 1422 717 erant
1437 684 1476 717 et
1499 677 1620 718 facul·
1641 677 1668 717 2

136 753 236 786 tates
260 746 306 785 ad
330 744 542 799 parandum
576 744 748 797 exiguae
771 752 810 784 et
832 758 997 798 corpora
1018 744 1173 784 insueta
1196 744 1242 783 ad
1265 758 1386 785 onera
1411 745 1615 798 portanda.

134 813 273 870 Itaque
297 826 459 866 magnus
483 826 616 852 eorum
648 813 792 852 cotidie
823 826 1009 852 numerus
1040 811 1087 851 ad
1111 808 1326 851 Caesarem
1359 813 1618 866 perfugiebat.

136 880 181 922 In
204 881 264 921 his
288 888 373 921 crat
390 880 584 933 angustiis
598 893 677 920 reS.
713 877 791 920 Sed
814 894 866 920 ex
889 879 1098 933 propositis
1123 880 1298 919 consiliis
1321 881 1470 921 duobus
1494 882 1619 935 expli-
1641 880 1665 922 3

137 949 253 989 citius
277 949 484 989 uidebatur
497 945 666 987 Ilerdam
688 947 852 997 reuerti,
878 948 979 1000 quod
1001 946 1051 987 ibi
1074 947 1229 1000 paulum
1243 949 1426 989 frumenti
1449 950 1620 1004 relique-

135 1023 239 1057 rant..
274 1014 332 1056 Ibi
355 1029 398 1056 se
420 1015 609 1067 reliquum
632 1015 838 1055 consilium
862 1015 1127 1069 explicaturos
1147 1016 1407 1057 confidebant.
1443 1017 1618 1058 Tarraco
1642 1014 1669 1058 4

135 1083 274 1124 aberat
293 1083 474 1137 longiu33
500 1097 574 1136 quo
597 1084 723 1137 spatio
742 1084 872 1137 plures
895 1097 976 1123 rem
1000 1097 1115 1136 posse
1139 1098 1256 1124 casus
1274 1085 1451 1138 recipere
1469 1085 1622 1125 intelle-

136 1151 296 1205 gebant.
341 1150 426 1190 Hoc
455 1151 620 1204 probato
650 1152 818 1192 consilio
850 1165 902 1191 ex
933 1152 1074 1191 castris
1104 1152 1420 1205 proficiscuntur.
1465 1149 1621 1193 Caesar
1643 1150 1667 1191 5

136 1219 313 1272 equitatu
335 1220 566 1271 praemisso,
592 1220 655 1272 qui
678 1219 937 1259 nouissimum
961 1233 1101 1272 agmen
1125 1227 1307 1273 carperet
1323 1227 1439 1273 atque
1461 1221 1623 1274 impedi—

137 1293 214 1336 ret,
240 1286 321 1339 ipse
335 1300 422 1325 cum
444 1286 666 1340 legionibus
689 1287 955 1340 subsequitur.
980 1286 1145 1327 Nullum
1168 1288 1620 1343 intercedebattempus,

138 1354 228 1407 quin
253 1355 420 1394 extremi
443 1369 528 1394 cum
548 1355 744 1409 equitibus
767 1355 1070 1409 proeliarentur.
1106 1354 1242 1396 Genus
1255 1363 1340 1395 erat
1361 1356 1615 1411 bocpugnae.
1641 1357 1698 1401 '79

137 1422 360 1475 Expeditae
382 1422 564 1463 cohortes
588 1423 844 1463 nouissimum
867 1437 1007 1476 agmen
1030 1423 1481 1477 claudebantplnresque
1503 1425 1544 1464 in
1565 1425 1623 1465 lo-

140 1490 194 1529 cis
219 1490 503 1543 campestribus
525 1491 809 1531 subsistebant.
872 1490 914 1532 Si
939 1505 1049 1531 mons
1073 1499 1159 1531 erat
1181 1491 1451 1532 ascendendus
1468 1522 1477 1539 ,
1509 1493 1623 1533 facile
1644 1491 1672 1533 2

137 1558 222 1611 ipsa
242 1557 317 1596 loci
341 1564 481 1597 natura
514 1559 726 1612 periculum
757 1559 998 1613 repellebat,
1031 1560 1134 1612 quod
1165 1573 1217 1598 ex
1239 1558 1334 1599 locis
1357 1559 1624 1613 superioribus

137 1625 204 1681 qui
222 1631 524 1665 antecesserant
545 1640 636 1666 suos
651 1628 910 1667 ascendentes
925 1627 1207 1681 protegebant:
1234 1641 1319 1667 cum
1345 1627 1457 1667 uallis
1481 1634 1548 1668 aut
1569 1628 1626 1668 lo·
1648 1626 1673 1667 3

138 1707 207 1733 cus
223 1692 386 1732 decliuis
409 1693 584 1743 suberat,
611 1708 736 1747 neque
757 1694 800 1743 ii,
827 1695 890 1747 qui
914 1702 1227 1744 antecesserant,
1252 1696 1494 1735 morantibus
1513 1709 1626 1749 opem

138 1761 242 1801 ferre
265 1767 462 1814 poterant,
488 1762 638 1814 equites
660 1776 756 1802 uero
779 1776 831 1802 ex
852 1763 938 1802 loco
962 1763 1166 1816 superiore
1188 1763 1226 1802 in
1240 1777 1402 1804 auersos
1425 1763 1506 1803 tela
1519 1764 1628 1803 coni-

139 1828 308 1877 ciebant,
334 1835 412 1868 tum
437 1844 578 1884 magno
601 1837 687 1870 erat
708 1830 748 1870 in
771 1830 945 1883 periculo
968 1844 1048 1871 res.
1093 1830 1423 1884 Relinquebatur,
1449 1837 1513 1881 ut,
1540 1845 1627 1871 cum
1648 1828 1675 1871 4

138 1896 327 1936 eiusmodi
350 1897 446 1937 locis
480 1905 587 1937 esset
616 1897 994 1951 appropinquatum,
1032 1899 1229 1953 legionum
1260 1900 1373 1953 signa
1405 1898 1628 1939 consistere

138 1963 320 2004 iuberent
342 1979 560 2018 magnoque
582 1966 729 2019 impetu
753 1966 963 2018 equitatum
987 1966 1253 2020 repellerent,
1278 1981 1324 2007 eo
1348 1974 1542 2007 summoto
1564 1981 1628 2008 re-

140 2037 256 2085 pente
278 2031 432 2072 incitati
461 2047 579 2073 cursu
609 2047 698 2074 sese
729 2034 770 2073 in
801 2033 914 2073 uallis
948 2033 1121 2074 uniuersi
1154 2035 1407 2075 demitterent
1438 2041 1552 2087 atque
1573 2035 1629 2075 ita

141 2100 382 2153 transgressi
403 2114 541 2141 rursus
564 2102 603 2141 in
625 2101 723 2141 locis
746 2101 1016 2154 superioribus
1039 2103 1319 2143 consisterent.
1349 2100 1454 2142 Nam
1478 2109 1627 2142 tantum
1650 2101 1674 2142 5

139 2166 186 2207 ab
209 2167 380 2221 equitum
402 2182 563 2209 suorum
585 2169 744 2210 auxiliis
773 2169 962 2219 aberant,
997 2184 1161 2223 quorum
1194 2183 1400 2210 numerum
1435 2168 1630 2210 habebant

284 2293 304 2326 3
322 2294 354 2326 in
380 2296 513 2337 priores
542 2296 774 2336 ciacconius,
805 2296 989 2338 ampliores
1015 2296 1115 2336 abc5
1144 2295 1177 2327 in
1207 2295 1390 2338 ampliores
1415 2306 1451 2329 u.
1478 2296 1519 2329 P.
1550 2297 1627 2330 101.

285 2348 436 2388 equitum
455 2349 488 2380 in
510 2349 541 2380 h.
706 2349 727 2380 4
746 2348 961 2380 tribunitium
981 2349 1044 2389 (α).
1227 2350 1244 2380 5
1264 2349 1433 2389 legionari
1450 2360 1484 2382 α.

143 2395 162 2427 ὓ
179 2399 373 2431 nonnullam
395 2400 588 2443 Gryplu'ns,
610 2400 762 2432 nonnulli
783 2401 884 2432 codd.
1025 2401 1044 2433 7
1063 2399 1358 2442 auxiliatorcsque
1379 2401 1410 2432 b.
1553 2402 1572 2434 8
1586 2402 1628 2434 ad

144 2449 318 2488 prandium
338 2461 359 2481 a
380 2451 511 2482 ‘omnes
530 2450 633 2482 ποιεῖ’.
831 2452 871 2484 ’10
891 2451 1073 2493 explicitus
1092 2461 1112 2481 a
1131 2454 1167 2482 et
1182 2452 1235 2482 sic
1253 2454 1317 2482 an!
1335 2451 1508 2493 explicitis
1528 2453 1625 2484 ‘mss.

144 2498 252 2539 ΨΜ),
274 2501 465 2542 expeditius
480 2511 548 2543 pro
568 2511 645 2533 aar.
669 2501 751 2533 lect.
773 2512 802 2532 c.
971 2501 1006 2533 11
1030 2502 1165 2543 paulum
1185 2512 1206 2532 α
1228 2502 1323 2533 (ηας.
1339 2500 1527 2543 plere'qzle’‚
1550 2513 1631 2545 pau-

143 2547 247 2579 lulum
267 2560 301 2581 u.
457 2553 498 2584 12
517 2552 695 2594 Terraquo
715 2562 735 2583 a
751 2552 782 2583 b.
940 2552 979 2584 16
999 2552 1229 2583 intercidebat
1248 2553 1279 2584 b.
1423 2554 1463 2585 18
1483 2554 1628 2595 pluries-

149 2609 210 2639 que
233 2599 445 2633 Cz'acconz'us
462 2613 496 2634 u.
517 2604 556 2635 P.
579 2604 655 2636 144.
826 2603 865 2636 19
886 2604 1123 2634 ascendendus
1145 2603 1208 2645 (a).
1387 2604 1425 2637 21
1447 2608 1531 2636 ante
1548 2616 1626 2637 suos

147 2651 230 2681 add.
251 2651 396 2694 desuper
414 2664 459 2684 ecc
477 2654 493 2685 5
513 2655 617 2696 dett„
637 2665 788 2696 quorum
808 2659 878 2687 tres
899 2666 978 2687 suos
999 2665 1066 2686 om.
1080 2679 1090 2695 ,
1112 2665 1147 2685 u.
1345 2656 1587 2687 adscendentis
1609 2657 1626 2687 b

147 2704 235 2743 (asc.
256 2702 334 2742 (a)).
474 2705 517 2738 22
535 2705 566 2736 hi
586 2716 618 2745 a,
641 2716 709 2737 om.
731 2706 762 2737 b.
925 2705 967 2739 23
987 2716 1130 2737 auersos
1150 2705 1316 2747 Vrsinus,
1338 2706 1503 2738 aduersos
1523 2706 1624 2738 codd.

290 2754 333 2785 24
352 2763 420 2785 res·
441 2754 711 2797 Relinquebatur
731 2756 1027 2799 Oude71dorpz'u55
1048 2767 1102 2788 res
1122 2756 1172 2788 rei
1190 2756 1428 2798 inquirebatur
1444 2767 1477 2796 a,
1503 2767 1556 2788 res
1578 2767 1628 2788 rc-

146 2804 421 2846 liuquirebantur
441 2805 470 2844 b,
492 2806 542 2836 rei
562 2812 629 2837 tum
649 2806 885 2848 inquirebatur
903 2817 933 2839 c.
1127 2807 1169 2838 26
1189 2812 1355 2838 summoto
1375 2816 1407 2843 α,
1429 2817 1496 2838 non
1516 2807 1624 2839 subm.

288 2855 331 2887 27
351 2855 451 2887 uallis
471 2867 491 2888 a
513 2857 607 2889 ίηιςε.
628 2857 671 2897 3’,
691 2859 816 2890 uallem
837 2858 868 2889 b.
1054 2857 1267 2889 (liinitterent
1283 2867 1304 2888 a
1323 2858 1418 2887 ‘msa
1432 2856 1623 2899 plcrique’.

1316 2911 1399 2951 34*
