1835 3240
723 174 1147 215 ——138—

188 288 331 327 desunt
350 288 391 328 in
411 285 504 327 Par.
531 299 613 327 sec.
639 295 679 328 et
700 295 789 327 octo
813 287 924 327 codd.
951 286 1235 343 Oudendorpii.
1280 287 1599 343 Supplementum
1621 293 1668 332 ad

186 354 424 395 sententiam
454 362 607 395 rectum
640 361 713 395 est.
766 353 869 394 Nam
900 362 937 395 et
959 361 1041 396 tres
1060 357 1261 397 exercitus
1291 357 1536 411 significandi
1558 367 1667 410 sunt,

185 429 225 462 et
250 421 455 462 Afranium
478 430 559 464 tres
581 424 756 476 legiones
780 422 967 463 habuisse
995 437 1045 464 ex
1068 438 1104 464 c.
1129 423 1183 464 39
1216 432 1365 464 certum
1389 432 1465 466 est.
1520 424 1600 467 Sed
1622 428 1667 467 ad

186 490 350 530 formam
381 491 572 531 orationis
605 490 992 544 perspiciendamque
1021 492 1193 532 defectus
1225 506 1382 532 causam
1403 493 1549 534 rectius
1571 495 1668 535 haec

184 556 242 597 ita
254 558 571 599 constituuntur:
597 563 775 611 ‘quorum
790 572 890 599 unus
907 558 1133 612 Hispaniam
1155 560 1378 600 citeriorem
1401 562 1530 601 tribus
1542 563 1669 616 legio-

187 625 324 676 nibus,
348 627 457 667 aller
477 627 712 667 ulteriorem
736 641 758 667 a
781 627 884 667 saltu
907 623 1189 668 Castulonensi
1211 629 1258 668 ad
1279 628 1410 668 Anam
1433 628 1582 670 duabus
1614 631 1669 670 le-

183 692 390 745 gionibus,
423 694 566 734 tertius
601 694 648 734 ab
688 694 779 734 Ana
807 693 1023 736 Vettonum
1062 709 1200 749 agrum
1229 694 1554 749 Lusitaniamque
1587 698 1671 751 pari

185 774 348 801 numero
370 761 566 814 legionum
589 761 820 802 obtinebat'.

297 825 634 879 Quemadmodum
657 830 703 870 de
725 830 855 870 multis
876 830 973 871 locis
995 830 1279 884 desperandum
1301 839 1362 872 est
1382 832 1422 872 in
1452 832 1511 873 his
1539 832 1668 881 libris,

183 895 248 948 qui
269 896 309 935 in
330 895 425 936 solis
446 896 694 951 interpolatis
717 898 827 938 codd.
854 899 1002 939 seruati
1023 906 1130 949 sunt,
1164 899 1220 940 ita
1242 901 1396 951 omnia,
1432 915 1531 954 quae
1553 916 1589 942 c.
1614 900 1668 942 39

183 963 383 1016 leguntur,
415 964 594 1017 grauiter
624 972 808 1019 corrupta
829 973 936 1006 sunt.
988 965 1120 1020 Atque
1142 967 1256 1008 initio
1285 968 1438 1020 quidem
1462 969 1547 1009 eins
1578 982 1664 1023 cap.

183 1030 279 1071 haec
300 1031 445 1085 scripta
468 1038 586 1072 sunt:
616 1030 783 1080 ‘Erant,
819 1040 862 1073 ut
893 1047 1010 1088 supra
1039 1035 1346 1075 demonstratum
1369 1043 1453 1084 est,
1489 1036 1667 1089 legiones

181 1096 339 1139 Afranii
362 1107 458 1150 tres,
484 1098 631 1141 Petreii
652 1100 766 1150 duae,
791 1108 999 1155 praeterea
1021 1109 1198 1142 scutatae
1219 1103 1418 1144 citerioris
1441 1104 1668 1158 prouinciae

182 1173 218 1207 et
242 1174 420 1208 cetratae
441 1169 642 1209 ulterioris
665 1168 882 1223 Hispaniae
904 1170 1087 1210 cohortes
1110 1170 1270 1211 circiter
1287 1169 1457 1211 LXXX
1476 1172 1668 1225 equitum-

180 1248 253 1286 que
276 1235 478 1289 utriusque
500 1237 727 1291 prouinciae
749 1238 910 1278 cIrciter
931 1236 968 1278 V
980 1238 1116 1278 milia’.
1171 1236 1424 1280 Scutatarum
1447 1240 1666 1280 cohortium

180 1301 270 1342 alibi
305 1299 460 1344 Caesar
480 1305 718 1346 mentionem
751 1321 830 1346 non
861 1307 979 1346 facit:
1005 1313 1179 1347 cetratae
1201 1320 1297 1346 uero
1313 1337 1322 1353 ,
1358 1321 1445 1346 cum
1467 1307 1529 1346 hic
1552 1308 1667 1348 unius

179 1370 379 1411 ulterioris
402 1371 617 1426 Hispaniae
641 1373 844 1423 dicantur,
873 1381 1004 1413 tamen
1027 1388 1062 1413 c.
1087 1373 1158 1423 48,
1183 1374 1208 1413 6
1230 1387 1283 1413 ex
1305 1374 1489 1413 citeriore
1511 1375 1669 1428 prouin-

179 1439 239 1479 cia
262 1448 620 1481 commemorantur
641 1449 757 1495 atque
779 1442 850 1491 ita,
875 1450 918 1481 ut
940 1455 1053 1481 error
1073 1441 1237 1481 subesse
1259 1455 1338 1481 non
1367 1442 1506 1495 possit.
1558 1440 1668 1483 Haec

178 1507 278 1546 enim
302 1507 354 1547 ibi
377 1509 585 1562 leguntur:
614 1510 701 1550 ‘hos
735 1509 834 1551 leuis
864 1517 1086 1549 armaturae
1107 1508 1291 1549 Lusitani
1317 1509 1510 1563 peritique
1533 1524 1667 1551 earum

179 1575 398 1628 regionum’
430 1578 632 1629 (nimirum
666 1579 772 1618 circa
804 1576 989 1629 Ilerdam)
1027 1578 1184 1617 ‘cetrati
1223 1577 1420 1617 citerioris
1449 1577 1666 1631 Hispaniae

178 1644 543 1685 consectabantur’.
575 1644 729 1685 Deinde
751 1645 910 1684 omnino
927 1644 1076 1685 auxilia
1098 1658 1151 1684 ex
1172 1644 1359 1684 ulteriore
1372 1643 1564 1698 Hispania
1587 1660 1665 1686 non

177 1712 367 1761 aderant,
403 1726 517 1765 quam
548 1713 789 1766 prouinciam
822 1711 880 1752 M.
907 1711 1038 1753 Varro
1069 1712 1298 1759 obtinebat,
1332 1712 1394 1765 qui
1427 1712 1538 1753 huius
1576 1714 1666 1754 belli

179 1780 282 1820 circa
314 1778 484 1820 Ilerdam
516 1781 617 1833 gesti
650 1780 845 1833 particeps
877 1794 954 1820 non
988 1780 1077 1819 fuit.
1115 1778 1195 1820 Sed
1218 1787 1260 1820 ut
1281 1780 1408 1820 minus
1431 1789 1618 1822 accurate
1642 1796 1663 1822 a

176 1844 353 1888 Caesare
374 1847 601 1888 ulteriorem
624 1847 856 1902 Hispaniam
878 1862 947 1901 pro
969 1846 1180 1888 Lusitania
1202 1848 1441 1888 nominatam
1473 1850 1665 1890 conceda-

175 1929 277 1965 mus,
301 1915 397 1956 illud
420 1915 646 1966 discrimen,
673 1915 783 1968 quasi
806 1915 1002 1956 citerioris
1025 1916 1252 1969 prouinciae
1275 1916 1425 1956 auxilia
1437 1917 1514 1958 alio
1537 1932 1665 1959 arma-

175 1990 289 2023 turae
301 1996 448 2038 genere
464 1982 524 2023 usi
538 1990 673 2023 essent
693 1990 808 2036 atque
820 1981 1021 2031 Lusitani,
1045 1984 1163 2025 inane
1185 1991 1260 2024 est.
1283 1983 1390 2024 Nam
1412 1992 1455 2025 ut
1466 1984 1535 2035 48,
1561 1984 1664 2027 666-

174 2057 299 2091 tratos
322 2050 519 2091 citerioris
543 2050 760 2104 Hispaniae
782 2052 1080 2092 commemorari
1101 2052 1291 2098 uidimus,
1325 2052 1380 2092 ita
1401 2052 1471 2103 75,
1496 2053 1524 2094 2
1552 2068 1663 2108 prae-

171 2118 311 2158 toriam
335 2119 534 2159 eohortem
558 2126 795 2160 cetratorum
818 2118 965 2160 Petreii
987 2120 1168 2175 legimus.
1217 2119 1272 2159 Et
1293 2116 1499 2171 Celtiberi,
1526 2123 1663 2175 quibus

172 2200 208 2226 c.
234 2185 303 2236 38,
328 2185 353 2226 3
387 2187 434 2227 ab
455 2186 622 2228 Afranio
645 2188 795 2228 auxilia
819 2187 1010 2242 imperata
1033 2202 1122 2229 esse
1142 2188 1311 2228 relatum
1334 2194 1417 2237 est,
1443 2190 1544 2242 apud
1564 2188 1660 2230 Liu.

170 2252 377 2305 XXVIII,
400 2254 427 2295 2
448 2261 487 2295 et
507 2256 642 2310 grauis
666 2264 889 2298 armaturae
911 2256 1053 2297 milites
1075 2263 1251 2297 scutatos
1274 2255 1458 2296 habuisse
1481 2257 1664 2297 dicuntur

171 2329 212 2363 et
231 2322 330 2363 leuis
353 2331 594 2372 armaturae,
620 2325 685 2378 qui
707 2324 792 2364 sine
816 2324 931 2365 dubio
955 2325 1096 2366 cetrati
1118 2326 1290 2365 fuerunt.
1331 2321 1374 2363 Id
1398 2324 1499 2364 enim
1522 2339 1661 2365 uerum

172 2398 235 2431 est
266 2391 470 2444 utriusque
504 2400 726 2434 armaturae
749 2393 975 2433 discrimen.
1028 2392 1167 2446 Itaque
1189 2393 1311 2433 uerba
1336 2391 1549 2432 ‘citerioris
1572 2406 1661 2446 pro-

171 2458 338 2499 uinciae'
363 2465 401 2499 et
424 2460 642 2500 ‘ulterioris
668 2460 892 2515 Hispania&
915 2462 1049 2514 spuria
1070 2461 1278 2501 iudicanda
1299 2467 1406 2500 sunt.
1432 2459 1542 2500 Haec
1564 2474 1660 2500 uero

170 2525 286 2567 etiam
316 2525 507 2567 inferiora
541 2528 762 2580 ‘utriusque
794 2529 1035 2582 prouinciae'
1068 2529 1244 2569 trahunt.
1294 2526 1399 2568 Nam
1434 2528 1584 2580 equites
1609 2541 1662 2568 ex

170 2601 336 2648 utraque
357 2595 562 2648 prouincia
583 2596 744 2637 uenisse
765 2603 846 2635 tum
869 2596 1018 2636 demum
1041 2603 1149 2637 recte
1171 2596 1440 2636 declararetur
1454 2627 1464 2646 ,
1489 2596 1522 2636 si
1545 2596 1661 2650 pede-

171 2662 269 2704 stria
290 2662 440 2703 auxilia
462 2676 514 2703 ex
536 2664 662 2704 altera
682 2670 770 2704 utra
792 2664 974 2704 fuissent.

285 2728 617 2772 Commemoratis
640 2731 959 2773 aduersariorum
984 2731 1105 2785 copiis
1128 2732 1175 2771 de
1197 2732 1279 2772 suis
1303 2728 1456 2772 Caesar
1478 2731 1657 2785 exponit.

169 2796 217 2839 In
239 2812 314 2852 qua
334 2812 379 2839 re
400 2800 438 2853 ξ.
463 2798 488 2840 3
511 2800 607 2841 haec
628 2800 836 2854 leguntur:
864 2798 1076 2840 ‘Audierat
1102 2798 1334 2853 Pompeium
1366 2813 1436 2853 per
1462 2797 1659 2840 Maurita-

169 2867 276 2908 niam
308 2881 396 2909 cum
426 2867 650 2923 legionibus
680 2868 758 2909 iter
784 2867 826 2908 in
846 2866 1081 2923 Hispaniam
1102 2868 1236 2909 facere
1257 2868 1541 2922 confestimque
1571 2878 1659 2908 esse
