1835 3240
96 930 136 963 10

98 1269 137 1300 15

96 1608 139 1643 20

96 1950 139 1982 25

100 2289 142 2322 30

566 194 750 238 COMM.
775 195 834 238 III
856 194 980 238 CAP.
1005 194 1060 237 74
1081 221 1135 226 ——
1155 195 1225 237 76.
1641 193 1723 238 603

171 314 257 355 tuit.
290 311 364 352 His
396 325 473 352 una
494 311 598 365 legio
620 311 740 352 missa
763 310 955 365 praesidio
979 317 1052 351 est.
1094 308 1167 349 His
1191 308 1389 362 explicitis
1411 308 1527 348 rebus
1551 310 1646 349 duas
1667 308 1694 349 2

169 383 209 422 in
232 379 371 421 castris
394 379 571 432 legiones
592 379 752 419 retinuit
769 410 780 429 ,
805 378 977 431 reliquas
1000 378 1046 418 de
1068 384 1209 430 quarta
1230 376 1361 429 uigilia
1387 375 1646 428 compluribus

169 448 291 503 portis
314 447 473 487 eductas
497 447 630 486 eodem
653 447 795 486 itinere
818 446 1022 499 praemisit
1043 444 1384 500 paruoqueispatio
1402 443 1646 493 intermisso,

169 523 214 556 ut
241 522 282 555 et
310 515 480 555 militare
500 514 724 554 institutum
747 520 1004 563 seruaretur,
1039 520 1078 554 et
1099 527 1210 566 quam
1234 511 1434 552 serissime
1456 511 1539 551 eius
1562 524 1650 564 pro-

172 583 289 624 fectio
322 589 652 636 cognosceretur,
687 582 925 622 conclamari
947 581 1064 622 iussit
1085 581 1293 634 statimque
1315 592 1499 633 egressus
1522 584 1560 618 et
1581 592 1651 617 no-

168 651 371 692 uissimum
394 664 534 704 agmen
557 656 796 690 consecutus
819 649 1003 689 celeriter
1025 663 1074 689 ex
1098 655 1312 702 conspectu
1335 653 1551 687 castrorum
1576 646 1653 686 dis-

170 720 305 760 cessit.
349 718 494 771 Neque
525 731 621 757 uero
643 715 854 770 Pompeius
887 717 1046 770 cognito
1069 716 1234 756 consilio
1256 716 1341 756 eius
1364 728 1511 755 moram
1534 715 1652 754 ullam
1674 712 1699 754 3

170 788 216 827 ad
239 787 520 841 insequendum
542 785 700 836 intulit3
717 785 785 825 sed
807 787 834 838 †
859 786 992 824 eadem
1015 791 1214 838 spectans,
1230 784 1263 823 si
1285 784 1428 823 itinere
1447 782 1654 836 impeditos

170 855 401 909 perterritos
424 853 717 907 deprehendere
740 859 898 906 posset,
933 851 1154 892 exercitum
1178 865 1198 891 e
1221 851 1363 891 castris
1387 850 1525 890 eduxit
1547 850 1654 903 equi-

170 930 370 976 tatumque
393 922 594 976 praemisit
618 921 665 960 ad
687 920 943 961 nouissimum
960 933 1098 974 agmen
1119 919 1400 959 demorandum
1419 932 1546 971 neque
1561 933 1654 959 con-

170 992 280 1044 sequi
313 990 462 1044 potuit,
496 989 596 1042 quod
625 988 787 1028 multum
819 988 1003 1042 expedito
1025 986 1168 1026 itinere
1192 992 1465 1026 antecesserat
1487 983 1653 1026 Caesar.

170 1057 249 1099 Sed
272 1072 356 1098 cum
380 1063 541 1097 uentum
564 1063 671 1096 esset
693 1055 739 1095 ad
762 1055 905 1095 flumen
928 1053 1158 1104 Genusum,
1184 1054 1284 1107 quod
1307 1054 1402 1108 ripis
1426 1060 1513 1093 erat
1534 1054 1654 1107 impe·
1676 1053 1702 1093 4

170 1126 276 1176 ditis,
296 1132 528 1166 consecutus
548 1125 743 1178 equitatus
767 1123 1002 1164 nouissimos
1026 1123 1175 1177 proelio
1194 1121 1408 1162 detinebat.
1443 1120 1546 1161 Huic
1563 1135 1655 1162 suos
1678 1121 1702 1162 5

172 1190 325 1234 Caesar
342 1194 492 1246 equites
508 1193 688 1246 opposuit
701 1192 985 1246 expeditosque
999 1191 1283 1244 antesignanos
1298 1188 1506 1229 admiscuit
1520 1196 1628 1229 CCCC
1643 1205 1653 1239 ς

170 1261 234 1314 qui
264 1267 412 1301 tantum
446 1261 720 1314 profecerunt,
757 1266 800 1300 ut
829 1260 1002 1313 equestri
1034 1260 1183 1313 proelio
1225 1258 1434 1299 commisso
1463 1257 1658 1311 pellerent

172 1342 306 1368 omnes
328 1328 624 1382 compluresque
638 1327 1077 1382 interficerentipsique
1090 1328 1307 1368 incolumes
1320 1341 1362 1367 se
1376 1327 1423 1366 ad
1443 1339 1582 1378 agmen
1594 1338 1657 1365 re-

172 1396 364 1450 ciperent.
401 1394 595 1437 Confecto
617 1397 720 1436 iusto
742 1396 886 1436 itinere
909 1396 993 1436 eius
1017 1396 1109 1445 diei,
1134 1396 1235 1451 quod
1259 1401 1533 1448 proposuerat,
1554 1391 1657 1433 Cae·
1675 1391 1732 1436 76

174 1479 240 1505 sar
262 1465 522 1517 traductoque
544 1464 722 1505 exercitu
745 1464 887 1504 [lumen
901 1462 1105 1504 Genusum
1129 1465 1168 1503 in
1194 1463 1393 1502 ueteribus
1411 1462 1492 1502 suis
1512 1461 1657 1502 castris

174 1540 309 1573 contra
322 1532 585 1586 Asparagium
609 1532 786 1572 consedit
806 1532 1026 1585 militesque
1050 1545 1184 1572 omnes
1206 1531 1310 1571 intra
1333 1537 1554 1570 castrorum
1574 1544 1659 1569 mu-

172 1602 360 1641 nitionem
394 1601 588 1641 continuit
620 1601 911 1653 equitatumque
944 1614 1012 1653 per
1044 1614 1200 1640 causam
1233 1599 1441 1653 pabulandi
1473 1598 1659 1638 emissum

173 1670 380 1709 confestim
415 1669 631 1709 decumana
654 1676 767 1722 porta
788 1669 829 1708 in
850 1675 980 1708 castra
1002 1682 1044 1708 se
1066 1668 1244 1721 recipere
1267 1667 1398 1707 iussit.
1443 1664 1573 1707 Simili
1595 1679 1658 1705 ra·
1679 1663 1707 1705 2

171 1738 279 1778 tione
302 1736 513 1791 Pompeius
546 1738 725 1777 confecto
756 1737 840 1776 eius
864 1736 940 1776 diei
962 1737 1104 1776 itinere
1127 1736 1167 1775 in
1191 1736 1271 1776 suis
1295 1734 1493 1774 ueteribus
1516 1733 1658 1773 castris

171 1806 219 1846 ad
241 1805 505 1859 Asparagium
530 1806 723 1846 consedit.
755 1804 855 1844 Eius
879 1804 1037 1854 milites,
1055 1803 1157 1857 quod
1179 1803 1225 1843 ab
1249 1816 1368 1856 opere
1389 1801 1558 1856 integris
1576 1815 1659 1840 mu-

174 1873 387 1914 nitionibus
423 1873 631 1924 uacabant,
659 1873 725 1914 alii
747 1872 921 1926 lignandi
943 1872 1230 1926 pabulandique
1253 1884 1372 1911 causa
1394 1870 1549 1922 longius
1571 1883 1661 1923 pro-

171 1941 477 1997 grediebantur,
522 1941 612 1991 alii,
656 1941 756 1994 quod
787 1940 917 1981 subito
949 1940 1157 1980 consilium
1189 1939 1444 1994 profectionis
1476 1943 1662 1990 ceperant

173 2024 314 2063 magna
337 2016 447 2063 parte
468 2009 833 2062 impedimentorum
858 2015 896 2048 et
916 2008 1164 2048 sarcinarum
1185 2008 1339 2056 relicta,
1361 2007 1408 2046 ad
1431 2005 1527 2045 haec
1548 2018 1663 2058 repe-

177 2078 292 2118 tenda
314 2078 471 2117 inuitati
495 2078 782 2131 propinquitate
805 2076 1053 2130 superiorum
1072 2082 1292 2115 castrorum
1309 2073 1497 2127 depositis
1512 2073 1551 2111 in
1566 2086 1662 2111 con-

174 2145 355 2185 tubernio
387 2145 506 2185 armis
539 2146 682 2185 uallum
713 2144 1003 2198 relinquebant.
1048 2142 1200 2196 Quibus
1223 2143 1270 2183 ad
1293 2141 1532 2195 sequendum
1554 2140 1662 2194 inpe-
1684 2138 1708 2179 3

174 2213 265 2253 ditis
288 2210 465 2263 Caesar,
500 2214 600 2267 quod
625 2214 709 2253 fore
731 2213 984 2267 prouiderat,
1008 2212 1224 2253 meridiano
1248 2212 1330 2250 fere
1354 2217 1528 2262 tempore
1548 2208 1662 2262 signo

174 2282 430 2336 profectionis
463 2282 554 2322 dato
586 2281 806 2322 exercitum
839 2280 968 2321 educit
999 2280 1270 2334 duplicatoque
1302 2278 1387 2318 eius
1422 2276 1499 2316 diei
1520 2275 1663 2316 itinere

173 2355 250 2389 Vlll
273 2350 378 2390 milia
399 2364 584 2405 passuum
608 2364 659 2391 ex
683 2363 729 2390 eo
751 2350 837 2390 loco
859 2348 1060 2403 procedit3
1079 2348 1181 2402 quod
1204 2348 1334 2388 facere
1350 2345 1562 2400 Pompeius
1585 2344 1663 2385 dis-

319 2490 339 2522 4
357 2489 532 2522 serissime
549 2488 723 2531 Scaliger,
744 2488 942 2521 suetissiine
961 2498 981 2519 α
997 2487 1014 2520 b
1027 2498 1043 2520 c
1056 2487 1090 2520 d.
1294 2486 1312 2518 6
1331 2490 1471 2518 secutus
1491 2486 1521 2517 b.

176 2541 196 2573 8
212 2539 235 2581 ’ὶ-
253 2540 386 2582 eadem]
405 2541 444 2573 P.
469 2541 544 2573 183.
688 2544 894 2582 exspectans
915 2539 946 2571 b.
1087 2538 1115 2570 si
1135 2538 1168 2569 in
1186 2537 1309 2569 itinere
1328 2538 1359 2569 b.
1497 2537 1515 2569 9
1534 2540 1666 2579 perter-

179 2592 264 2622 ritos
283 2601 303 2622 a
317 2592 374 2631 be,
396 2597 430 2623 et
448 2593 651 2634 perterritos
671 2602 704 2623 u.
891 2601 933 2623 ex
953 2591 984 2623 b.
1170 2589 1207 2622 lt
1230 2589 1466 2632 expedimento
1486 2599 1520 2620 a.

181 2642 220 2674 13
241 2643 425 2674 nouissimo
446 2644 476 2674 b.
620 2644 660 2676 16
680 2644 812 2686 ipsique
831 2653 852 2674 a
874 2642 970 2674 ‘mss.
991 2641 1090 2681 mei',
1113 2641 1178 2683 ipsi
1197 2640 1274 2672 cod.
1296 2639 1378 2671 VrS.
1399 2650 1433 2671 u.
1579 2639 1617 2670 18
1631 2638 1664 2668 in

179 2705 267 2735 ego‚·
287 2705 355 2725 om.
374 2705 394 2726 a
409 2695 466 2734 bc,
486 2698 566 2736 post
585 2695 656 2727 suis
670 2698 777 2737 ponit
795 2705 830 2726 u.
1019 2693 1060 2727 19
1080 2698 1269 2725 castrorum
1289 2693 1509 2724 munitionem
1530 2693 1547 2722 I)
1565 2694 1601 2722 ct
1616 2701 1662 2722 m.

174 2755 234 2786 1¹¹²
255 2755 283 2784 c,
306 2749 496 2776 castrorum
514 2755 556 2785 α,-
578 2745 704 2777 uallum
723 2751 915 2778 castrorum
935 2747 1058 2776 ceteri.
1217 2745 1262 2778 22
1280 2744 1354 2775 eius
1374 2743 1442 2775 diei
1460 2753 1481 2774 a
1503 2744 1598 2774 ‘mssa
1620 2742 1665 2781 4',

181 2798 334 2828 eiusdem
352 2797 420 2829 diei
437 2808 471 2829 τι.
632 2797 676 2831 23
694 2798 767 2829 eius
786 2798 912 2830 milites
931 2807 952 2829 α
966 2797 1026 2835 bc,
1045 2796 1186 2838 eiusque
1205 2796 1334 2828 milites
1353 2805 1387 2827 u.
1565 2795 1608 2825 24
1629 2794 1665 2824 li-

180 2848 282 2888 gandi
301 2858 335 2879 a.
476 2848 519 2882 25
538 2847 667 2888 aliquid
685 2848 796 2879 subito
817 2849 849 2880 b.
989 2848 1032 2881 26
1052 2857 1174 2888 inagna
1192 2847 1224 2878 in
1244 2851 1340 2889 parte
1360 2855 1394 2878 α.
1553 2845 1597 2879 25
1617 2844 1665 2876 in-

180 2900 304 2942 peditis
322 2910 356 2931 a.
498 2899 535 2931 31
558 2899 653 2930 milia
672 2901 690 2932 4
709 2899 813 2941 dett„
833 2899 903 2931 mil.
925 2909 946 2930 α
966 2898 1081 2931 ‘alz'i'.
1222 2908 1357 2941 passum
1375 2907 1409 2929 α.
