1835 3240
79 887 119 918 10

83 1227 120 1258 15

84 1906 125 1938 25

576 150 759 193 COMM.
785 149 825 191 II
848 148 972 191 CAP.
996 149 1047 190 2²
1063 148 1196 189 -27,
1631 149 1709 190 551

155 271 291 311 multas
314 282 399 308 cum
423 264 600 307 Curione
621 265 905 312 intercedebat,
931 264 1031 317 quod
1054 262 1233 302 tribunus
1256 262 1378 315 plebis
1401 265 1523 316 legem
1549 279 1637 318 pro-

156 337 424 389 mulgauerat‚
466 349 541 388 qua
573 335 660 388 lege
691 348 855 387 regnum
879 331 997 372 Iubae
1030 330 1314 384 publicauerat.
1380 328 1636 371 Concurrunt
1658 331 1681 371 5

154 404 303 456 equites
326 403 432 442 inter
453 416 520 452 se3
548 415 674 455 neque
697 415 792 441 uero
815 401 979 454 primum
1002 399 1186 451 impetum
1202 404 1426 437 nostrorum
1440 397 1637 438 Numidae

153 474 255 511 ferre
279 477 506 524 potuerunt,
533 470 600 510 sed
623 469 845 509 interfectis
869 468 1030 507 circiter
1043 473 1137 506 CXX
1149 466 1285 518 reliqui
1309 479 1351 505 se
1376 465 1413 504 in
1437 472 1566 505 castra
1590 467 1636 504 ad

156 539 333 593 oppidum
374 545 623 592 receperunt.
676 535 841 576 Interim
884 535 1053 575 aduentu
1084 534 1289 587 longarum
1324 533 1479 572 nauium
1513 530 1637 572 Curio
1659 532 1685 571 (i

152 607 405 661 pronuntiare
435 605 628 646 onerariis
661 605 825 643 nauibus
847 603 978 650 iubet,
1010 615 1108 654 quae
1138 602 1295 641 stabant
1317 602 1364 640 ad
1386 599 1542 641 Vticam
1567 614 1638 638 nu-

151 689 258 715 mero
281 675 440 714 circiter
452 681 519 721 CC,
545 687 588 713 se
609 672 649 712 in
672 672 841 711 bostium
864 671 1082 710 habiturum
1108 670 1210 718 loco,
1237 670 1299 721 qui
1325 683 1401 708 non
1425 682 1445 708 e
1469 668 1639 720 uestigio

153 744 200 783 ad
231 750 361 783 castra
385 739 625 782 Corneliana
658 741 744 780 uela
776 739 1006 779 direxisset.
1061 735 1148 789 Qua
1182 737 1502 790 pronuntiatione
1536 737 1639 775 facta
1661 734 1686 774 7

155 810 339 864 temporis
362 816 505 864 puncto
536 809 700 849 sublatis
733 807 890 848 ancoris
920 819 1056 845 omnes
1079 804 1233 845 Vticam
1257 806 1481 857 relinquunt
1503 810 1542 843 et
1563 817 1639 856 qno

154 879 384 933 imperatum
419 884 479 918 est
500 883 723 917 transeunt.
768 873 879 927 Quae
902 888 966 914 res
989 872 1158 913 omnium
1183 886 1312 912 rerum
1337 872 1445 926 copia
1470 872 1640 924 comple-

154 947 212 986 uit
234 946 468 986 exercitum.
515 943 589 984 His
622 944 739 983 rebus
772 943 896 997 gestis
920 939 1043 981 Curio
1066 954 1109 980 se
1131 940 1171 980 in
1194 947 1325 979 castra
1348 941 1393 979 ad
1416 938 1636 994 Bagradam
1660 937 1715 982 26

154 1014 294 1067 recipit
316 1020 432 1065 atque
455 1012 631 1052 uniuersi
655 1011 856 1051 exereitus
888 1008 1202 1049 conclamatione
1234 1008 1449 1060 imperator
1471 1008 1640 1062 appella-

154 1090 218 1122 tur
239 1088 475 1135 posteroque
498 1080 559 1120 die
583 1080 801 1120 exereitum
813 1077 971 1119 Vticam
988 1077 1095 1117 ducit
1116 1084 1155 1116 et
1177 1089 1295 1130 prope
1318 1075 1496 1129 oppidum
1512 1082 1641 1114 castra

154 1150 274 1204 ponit.
306 1148 492 1188 Nondum
517 1162 634 1202 opere
657 1155 877 1188 castrorum
901 1147 1076 1199 perfecto
1100 1144 1251 1198 equites
1275 1158 1327 1184 ex
1349 1143 1519 1183 statione
1543 1157 1641 1182 nun·
1664 1144 1691 1184 2

155 1219 254 1258 tiant
275 1230 416 1271 magna
437 1217 586 1256 auxilia
608 1216 779 1268 equitum
803 1215 1049 1268 peditumque
1073 1214 1120 1253 ab
1144 1226 1236 1267 rege
1259 1212 1378 1252 missa
1396 1210 1549 1251 Vticam
1574 1224 1642 1250 ue-

156 1287 265 1334 nire3
292 1285 507 1340 eodemque
530 1291 705 1337 tempore
729 1284 788 1323 uis
812 1297 952 1336 magna
975 1282 1147 1335 pulueris
1171 1279 1428 1329 cernebatur,
1463 1286 1501 1318 et
1523 1278 1643 1319 uesti-

156 1354 220 1408 gio
244 1352 429 1407 temporis
453 1353 615 1406 primum
639 1365 777 1405 agmen
801 1358 887 1391 erat
908 1351 946 1390 in
971 1356 1198 1403 conspectu.
1261 1346 1452 1387 Nouitate
1486 1347 1541 1386 rei
1566 1344 1645 1386 Cu·
1668 1346 1691 1385 3

156 1423 215 1461 rio
239 1428 436 1475 permotus
459 1420 671 1474 praemittit
692 1419 870 1472 equites,
911 1419 974 1472 qui
1008 1419 1174 1472 primum
1206 1417 1389 1469 impetum
1421 1415 1646 1454 sustineant

157 1504 202 1529 ac
225 1496 454 1539 morentur—3
479 1489 561 1542 ipse
586 1487 769 1528 celeriter
789 1488 836 1527 ab
860 1501 978 1540 opere
1001 1486 1176 1526 deductis
1200 1484 1420 1537 legionibus
1439 1483 1561 1522 aciem
1586 1483 1645 1521 in-

157 1558 288 1597 struit.
332 1555 575 1609 Equitesque
598 1556 845 1596 committunt
867 1555 1055 1609 proelium
1080 1561 1142 1603 et,
1180 1552 1404 1606 priusquam
1440 1552 1554 1604 plane
1589 1550 1644 1589 le-
1667 1549 1693 1589 4

156 1626 293 1679 giones
319 1624 512 1678 explicari
536 1631 573 1664 et
596 1624 815 1664 consistere
839 1629 1023 1677 possent⁷
1059 1629 1140 1661 tota
1164 1620 1311 1661 auxilia
1333 1620 1439 1672 regis
1461 1619 1646 1672 impedita.

158 1709 204 1735 ac
227 1693 479 1747 perturbata,
515 1692 614 1744 quod
648 1692 752 1731 nullo
783 1691 919 1731 ordine
941 1698 981 1730 et
1003 1691 1088 1730 sine
1113 1690 1251 1729 timore
1275 1688 1350 1727 iter
1373 1689 1572 1736 fecerant,
1607 1686 1644 1725 in

158 1763 286 1814 sugam
311 1760 510 1800 coniciunt
532 1760 783 1812 equitatuque
806 1758 910 1799 omni
934 1760 1016 1798 sere
1038 1757 1240 1805 incolumi,
1266 1756 1365 1808 quod
1380 1768 1423 1795 se
1441 1768 1510 1808 per
1531 1754 1649 1794 litora

159 1830 344 1869 celerit'er
365 1829 404 1868 in
428 1828 607 1882 oppidum
630 1828 805 1881 recepit,
831 1841 1014 1881 magnum
1038 1825 1209 1879 peditum
1234 1837 1436 1864 numerum
1460 1822 1648 1862 interfici-

158 1904 240 1938 unt.
284 1895 472 1936 Proxima
504 1903 618 1936 nocte
651 1896 905 1935 centuriones
935 1893 1065 1935 Marsi
1097 1894 1172 1933 duo
1206 1906 1256 1933 ex
1287 1891 1430 1932 castris
1460 1888 1648 1931 Curionis
1669 1889 1723 1932 27

161 1980 246 2005 cum
271 1964 580 2017 manipularibus
612 1964 694 2004 suis
725 1971 823 2003 XXII
853 1964 900 2003 ad
932 1963 1085 2003 Attium
1109 1960 1259 2003 Varum
1293 1959 1533 2014 perfugiunt.
1580 1956 1646 2007 Hi,
1670 1956 1697 1995 2

160 2034 245 2073 siue
270 2046 359 2072 uere
376 2046 489 2085 quam
514 2032 732 2072 habuerant
753 2032 976 2085 opinionem
999 2032 1047 2071 ad
1069 2044 1157 2070 eum
1180 2030 1398 2084 perferunt,
1425 2027 1510 2067 siue
1533 2026 1650 2065 etiam

161 2101 319 2141 auribus
342 2099 440 2141 Vari
463 2100 643 2141 seruiunt
673 2103 814 2156 (nam,
853 2114 950 2154 quae
973 2099 1177 2148 uolumus,
1205 2104 1243 2138 et
1263 2097 1458 2136 credimus
1483 2094 1650 2134 libenter

306 2274 323 2304 7
344 2284 360 2304 e
382 2274 527 2313 uestigio
546 2274 608 2315 (a),
631 2284 671 2305 ex
691 2274 838 2313 uestigio
859 2285 937 2305 cum
959 2273 1067 2305 *ηιςεῧ
1086 2283 1120 2304 ιι.
1333 2270 1352 2302 8
1373 2269 1448 2301 uela
1468 2266 1653 2298 direxisset

164 2323 388 2364 δίιἸιΙιαῙιιω,ι
409 2324 487 2355 uela
507 2324 663 2356 duxisset
683 2326 777 2356 ὅπως.
799 2323 843 2365 4’,
863 2325 1078 2356 traduxisset
1095 2333 1115 2355 α
1130 2323 1147 2354 b
1162 2333 1188 2353 e.
1332 2320 1351 2352 9
1372 2318 1530 2351 anchoris
1550 2316 1600 2357 (a)
1617 2327 1651 2347 α.

306 2377 520 2417 reliquerunt
540 2378 570 2406 h.
718 2377 756 2409 10
776 2377 922 2418 repleuit
942 2377 972 2408 b.
1119 2377 1160 2409 12
1180 2373 1302 2416 recipit
1320 2384 1341 2404 α
1360 2373 1379 2405 3
1395 2372 1500 2411 dett„
1523 2369 1653 2410 recepit

168 2426 318 2457 ‘ceter-ff.
464 2428 501 2459 13
523 2428 711 2459 exercitum
729 2426 862 2459 Vticam
881 2437 914 2467 (ι,
937 2426 1070 2458 Vticam
1090 2427 1280 2457 exercitum
1300 2423 1379 2456 edd.
1525 2422 1563 2454 15
1577 2431 1652 2463 pcr—

164 2478 282 2508 uenire
302 2479 417 2510 eodem
436 2485 587 2521 tempore
610 2480 640 2510 b.
816 2480 855 2511 16
875 2479 1020 2519 uestigio
1039 2489 1059 2509 a
1081 2480 1165 2510 ‘mee'
1184 2477 1246 2517 10³,
1269 2488 1285 2509 e
1306 2477 1451 2516 uestigio
1472 2486 1506 2507 u.

166 2529 208 2560 20
228 2530 426 2571 equitesque
444 2541 491 2561 (ze
513 2531 608 2562 ‘mss⁸
629 2529 774 2570 omnes',
796 2530 930 2572 equites
950 2530 1113 2570 Scaliger
1132 2540 1166 2561 ιι.
1326 2526 1653 2568 legionessot'lasstt

166 2581 343 2619 magistro
371 2581 563 2622 debentur,
591 2593 669 2613 cum
697 2582 881 2624 coeplz'curl‘
905 2585 1024 2613 minus
1051 2585 1135 2622 apte
1155 2581 1322 2612 dicantur
1341 2579 1473 2610 milites
1494 2581 1530 2609 in
1551 2587 1652 2618 opere

168 2630 332 2670 ‘If-‘'l'ffl'si,
353 2634 539 2672 aptissime
552 2634 807 2674 perturbatum.
827 2633 1054 2664 anmiliornm
1072 2635 1254 2673 regiorum
1273 2640 1414 2672 agmen.
1514 2630 1555 2660 23
1575 2639 1653 2658 con—

169 2681 276 2711 iciunt
293 2682 558 2723 Elberlingiu.s·;
579 2684 754 2715 coniciunt
772 2695 808 2715 se
828 2695 849 2715 a
867 2683 944 2724 (sed
962 2683 1078 2723 coic.),
1098 2694 1134 2714 se
1147 2682 1321 2714 coniciunt
1339 2681 1482 2722 reliqui.

169 2732 255 2773 quod
277 2743 410 2774 semper
429 2734 545 2765 littera
564 2745 640 2765 cam
659 2745 676 2765 o
695 2745 801 2776 super
820 2739 851 2766 te
869 2745 903 2766 α.
1044 2735 1087 2768 24
1107 2734 1230 2776 recipit
1247 2743 1280 2764 α.
1444 2729 1653 2762 interficiun-

169 2788 224 2813 tur
243 2792 275 2812 ιι.
418 2784 459 2816 25
480 2783 654 2825 Curionis]
673 2787 882 2818 centurionis
903 2787 934 2817 b.
1095 2786 1137 2820 26
1156 2785 1304 2818 Atticum
1324 2794 1358 2816 α.
1516 2782 1557 2814 27
1578 2783 1651 2814 siue

169 2843 250 2864 uere
267 2843 288 2864 a
308 2834 405 2865 ‘'iess.
426 2834 470 2875 θ’,
491 2846 550 2867 seu
571 2847 649 2867 uere
669 2848 703 2868 α.
845 2837 889 2872 28
908 2847 1051 2879 namque
1072 2837 1227 2869 uolumus
1246 2846 1278 2866 a.
