1835 3240
72 909 112 942 10

73 1247 111 1280 15

68 1586 111 1620 20

515 174 700 219 COMM.
724 172 826 219 VIII
847 172 972 218 CAP.
995 173 1196 217 29—33.
1620 177 1706 221 479

150 293 345 335 bominum
366 290 585 331 latrociniis
607 297 828 345 caperetur.
864 287 987 330 Gaius
1000 287 1147 329 Fabius
1169 301 1254 327 cum
1277 288 1430 341 reliquo
1453 293 1632 333 exercitu
1653 293 1703 339 31

147 363 186 402 in
210 359 408 401 Carnutes
431 366 662 412 ceterasque
685 357 946 412 proficiscitur
967 356 1147 397 ciuitates
1162 386 1173 405 ,
1206 369 1368 408 quarum
1392 370 1438 396 eo
1460 361 1625 410 proelio,

146 429 246 482 quod
278 442 363 468 cum
387 426 592 467 Dumnaco
627 428 797 472 fecerat,
831 425 962 479 copias
994 419 1083 465 esse
1115 423 1266 464 accisas
1305 423 1473 464 sciebat.
1510 415 1628 468 *Non
1649 429 1676 469 2

146 497 248 536 enim
272 495 489 544 dubitabat,
516 494 609 548 quin
631 494 782 535 recenti
804 493 1028 533 calamitate
1052 492 1344 532 summissiores
1367 499 1500 533 essent
1527 496 1630 535 futu-

149 577 217 604 rae
232 594 241 612 ,
277 563 365 603 dato
388 577 484 604 uero
507 563 632 616 spatio
651 557 699 602 'ac
723 569 899 615 tempore
921 561 1056 600 eodem
1078 561 1292 613 instigante
1315 559 1520 602 Dumnaco
1543 577 1632 617 pos-

146 639 236 672 sent
259 631 464 671 concitari.
491 628 579 682 Qua
601 630 642 669 in
664 642 707 669 re
730 642 881 669 summa
906 627 1071 668 felicitas
1094 628 1354 682 celeritasque
1374 629 1415 669 in
1438 631 1632 684 recipien—
1654 631 1678 671 3

147 699 204 740 dis
227 697 453 739 ciuitatibus
475 695 639 737 Fabium
663 696 933 749 consequitur.
965 695 1070 736 Nam
1095 693 1310 746 Carnutes,
1336 697 1401 750 qui
1422 712 1540 752 saepe
1562 713 1632 740 ue-

146 768 231 807 xati
254 780 462 819 numquam
486 765 595 819 pacis
616 766 795 805 fecerant
814 763 1053 804 mentionem
1070 795 1080 813 ,
1115 763 1215 803 datis
1247 765 1446 806 obsidibus
1468 767 1634 808 ueniunt

145 835 184 874 in
207 835 443 875 deditionem
458 865 469 883 ,
502 828 733 885 ceteraeque
756 832 938 872 ciuitates
962 832 1113 885 positae
1136 832 1174 871 in
1198 832 1344 873 ultimis
1368 832 1522 875 Galliae
1545 836 1632 876 fini-
1652 836 1679 876 4

146 902 232 951 him,
258 901 419 943 Oceano
441 902 673 941 coniunctae
689 932 698 950 ‚
724 913 823 953 quae
845 898 1080 939 Armoricae
1101 900 1345 953 appellantur
1360 933 1369 951 ,
1394 903 1631 945 auctoritate

147 971 337 1010 adductae
361 966 579 1009 Carnutum
603 969 772 1009 aduentu
799 964 906 1007 Fabii
930 960 1204 1021 legionumque
1227 968 1418 1021 imperata
1441 971 1526 1011 sine
1549 986 1630 1011 mo-

144 1051 188 1077 ra
212 1038 375 1077 faciunt.-
410 1035 640 1076 Dumnacus
662 1037 744 1077 suis
767 1030 1122 1089 finibus'expulsus
1146 1044 1285 1075 errans
1308 1037 1544 1091 latitansque
1567 1054 1631 1079 so·
1653 1040 1677 1080 5

145 1105 205 1144 lus
235 1112 438 1145 extremas
470 1103 626 1145 Galliae
658 1105 844 1157 regiones
875 1110 1011 1157 petere
1042 1110 1104 1143 est
1135 1109 1310 1144 coaetus.
1362 1104 1418 1145 At
1448 1104 1628 1162 Drappes
1647 1108 1706 1153 32

145 1183 298 1225 unaque
312 1171 541 1223 Lucterius,
567 1187 652 1212 cum
674 1173 852 1225 legiones
865 1169 1155 1224 Caniniumque
1178 1172 1318 1212 adesse
1341 1183 1633 1227 cognoscerent

143 1253 215 1281 nec
238 1252 280 1281 se
303 1241 389 1280 sine
412 1248 521 1281 certa
554 1240 726 1294 pernicie
759 1247 1018 1294 persequente
1049 1240 1230 1280 exercitu
1260 1247 1444 1294 putarent
1474 1244 1632 1296 prouin-

145 1309 230 1348 ciae
253 1310 348 1349 fines
369 1309 520 1349 intrare
552 1322 669 1362 posse
700 1321 772 1348 nec
803 1308 879 1347 iam
910 1308 1034 1348 libere
1064 1308 1232 1361 uagandi
1254 1309 1631 1364 latrociniorumque

145 1377 414 1417 faciendorum
449 1377 673 1417 facultatem
696 1377 907 1425 baberent,
942 1376 982 1416 in
1012 1376 1153 1415 finibus
1186 1376 1407 1417 consistunt
1429 1375 1632 1420 Cadurco-

144 1458 245 1484 rum.
290 1442 349 1484 Ibi
371 1459 459 1485 cum
481 1442 698 1485 Lucterius
721 1445 820 1499 apud
855 1458 948 1484 suos
980 1444 1087 1484 ciues
1111 1444 1303 1497 quondam
1325 1445 1493 1499 integris
1515 1447 1631 1489 rebus
1650 1448 1678 1489 2

144 1512 302 1552 multum
318 1513 526 1565 potuisset,
552 1526 784 1566 semperque
807 1519 948 1552 auctor
961 1525 1153 1551 nouorum
1169 1513 1425 1554 consiliorum
1449 1529 1631 1570 magnam

143 1580 242 1633 apud
264 1580 454 1621 barbaros
479 1581 755 1621 auctoritatem
779 1579 954 1629 haberet,
982 1579 1161 1633 oppidum
1186 1580 1502 1632 Vxellodunum,
1529 1585 1632 1639 quod

141 1649 181 1689 in
205 1648 385 1689 clientela
407 1649 537 1688 fuerat
559 1649 659 1695 eius,
684 1648 844 1702 egregie
866 1654 1005 1688 natura
1027 1648 1103 1688 loci
1125 1649 1331 1698 munitum,
1363 1658 1528 1704 occupat
1549 1652 1632 1693 suis

142 1722 180 1755 et
200 1712 414 1769 Drappetis
437 1716 559 1770 copiis
583 1716 873 1769 oppidanosque
896 1716 970 1756 sibi
993 1716 1210 1769 coniungit.
1271 1714 1360 1769 Quo
1383 1731 1469 1758 cum
1494 1720 1626 1760 confe-
1649 1720 1707 1766 33

141 1783 230 1823 stim
253 1781 376 1824 Gaius
388 1780 581 1824 Caninius
603 1784 782 1824 uenisset
801 1783 1212 1837 animaduerteretque
1235 1799 1372 1825 omnes
1395 1786 1521 1840 oppidi
1544 1801 1633 1841 par-

141 1858 202 1891 tes
224 1852 557 1905 praeruptissimis
579 1852 690 1892 saxis
714 1865 802 1892 esse
825 1852 1010 1902 munitas,
1037 1866 1111 1905 quo
1126 1853 1358 1893 defendente
1371 1854 1478 1894 nullo
1500 1861 1633 1897 tamen

92 1926 105 1933 ⁹
140 1919 302 1959 armatis
324 1920 539 1960 ascendere
561 1927 669 1960 esset
691 1920 844 1960 difficile
860 1950 869 1967 ‚
908 1933 1050 1974 magna
1073 1927 1203 1960 autem
1227 1921 1503 1974 impedimenta
1526 1925 1633 1978 oppi-

143 1986 334 2026 danorum
357 1987 532 2037 uideret,
560 2001 660 2041 quae
682 1989 714 2028 si
737 1988 980 2029 clandestina
1003 1989 1094 2042 fuga
1118 1989 1351 2030 subtrahere
1374 1998 1629 2043 conarentur,

143 2055 316 2109 effugere
347 2069 424 2095 non
454 2056 569 2095 modo
593 2055 834 2109 equitatum,
874 2057 943 2096 sed
976 2070 1024 2096 ne
1054 2057 1231 2110 legiones
1264 2057 1419 2111 quidem
1451 2067 1629 2112 possent,

288 2159 301 2190 1
324 2157 430 2190 Gaius
448 2159 489 2199 B,
512 2158 548 2191 C.
570 2169 603 2190 u.
744 2161 764 2192 2
783 2159 951 2192 Carnotes
974 2160 1005 2189 ‘b
1023 2159 1185 2200 semper-³.
1329 2160 1347 2191 3
1367 2162 1499 2194 accisas
1518 2164 1591 2195 AB
1605 2166 1634 2197 C

144 2219 173 2249 c,
194 2208 327 2241 occisas
344 2210 400 2249 D‚·
419 2209 549 2241 accitas
569 2221 597 2249 e,
619 2211 746 2242 ascitas
759 2211 788 2242 b.
937 2213 951 2241 '¹1
966 2211 1218 2243 summissiores
1230 2211 1271 2251 B,
1292 2222 1360 2243 non.
1376 2213 1486 2245 subm.

144 2262 162 2292 5
180 2260 363 2302 instigante
378 2261 447 2293 AB
463 2260 639 2302 ‘relz'qnz''‚
660 2262 812 2293 instante
834 2262 850 2292 b
863 2261 952 2293 cde.
1094 2262 1112 2293 6
1133 2263 1365 2295 cuincitariB.
1507 2266 1632 2298 Suum-

143 2322 239 2354 quam
259 2314 300 2353 B,
323 2324 391 2344 non
414 2323 515 2355 nunq.
661 2314 700 2345 10
720 2313 925 2355 Oceanoque
945 2324 961 2344 e
983 2314 1097 2346 Owen.
1247 2315 1282 2346 16
1303 2325 1364 2346 nec
1382 2320 1450 2347 tam
1470 2316 1500 2348 B
1514 2321 1548 2348 et
1565 2318 1634 2350 ali-

142 2367 229 2405 quot
249 2365 333 2396 Oud.
474 2364 582 2395 libere
604 2365 674 2395 AB
696 2364 848 2404 ‘ceteri',
870 2364 1012 2396 liberam
1034 2366 1154 2396 abee.
1309 2366 1634 2411 latrociniorumque

145 2417 376 2449 faciendorum
396 2417 527 2449 ABbc
548 2416 701 2456 (σείοντ’,
726 2416 1022 2458 latrocinandique
1042 2428 1062 2448 a
1077 2428 1105 2447 e.
1268 2417 1357 2449 1711]
1378 2419 1501 2451 finibus
1521 2423 1634 2454 consi-

144 2472 237 2499 stunt
255 2469 287 2499 A
304 2471 350 2507 et,
371 2469 435 2508 qui
452 2467 681 2506 constituunt,
701 2467 731 2497 B
744 2466 812 2498 CI)
833 2466 911 2508 (sed
928 2466 1058 2498 deDet
1075 2467 1169 2499 illud
1186 2471 1222 2499 et
1239 2469 1428 2501 consistere
1450 2472 1483 2500 1⁶11
1504 2481 1542 2502 eo
1562 2471 1637 2515 legi

145 2518 233 2551 Oad.
256 2519 406 2560 tradit)‚·
426 2519 621 2550 consistunt
639 2518 671 2549 in
692 2517 815 2549 finibus
837 2519 891 2557 bc,
914 2518 1107 2550 consistunt
1125 2520 1157 2550 iu
1177 2520 1268 2560 agris
1287 2530 1307 2551 α
1321 2531 1349 2551 e.
1495 2522 1533 2555 19
1549 2527 1636 2564 post

144 2576 265 2604 auctor
283 2571 365 2602 add.
389 2575 483 2602 esset
499 2570 550 2602 cd
569 2570 731 2611 idemque
746 2573 832 2611 post
849 2581 1013 2602 nouorum
1033 2582 1050 2602 e
1068 2575 1102 2602 et
1116 2575 1201 2613 post
1215 2573 1435 2605 consiliorum
1455 2574 1483 2605 b.

143 2624 186 2656 20
205 2620 255 2653 Vx
274 2622 285 2652 l
304 2622 440 2661 dunum,
457 2623 578 2662 priori
596 2621 748 2652 lacunae
767 2620 798 2652 el
818 2624 854 2651 et
869 2621 983 2653 alteri
998 2633 1017 2652 u
1036 2631 1105 2653 see.
1125 2632 1170 2654 m.
1192 2626 1463 2665 suprascriptis.
1486 2625 1538 2664 B.-
1567 2627 1631 2657 Au—

143 2674 226 2705 xilio
255 2672 386 2704 demum
415 2673 445 2703 A
460 2672 531 2703 CD
545 2672 642 2712 bcd;
662 2670 878 2703 veludunum
896 2682 966 2703 see.
986 2682 1034 2703 m.
1057 2672 1100 2712 C,
1130 2677 1167 2704 et
1193 2674 1258 2705 hoc
1275 2678 1383 2716 atque
1409 2677 1542 2707 similia
1569 2687 1626 2717 ap.

147 2726 309 2756 Orosium
336 2725 374 2754 in
402 2722 503 2754 codd.
530 2723 770 2764 Hauercampz'
794 2723 985 2764 leguntur,
1005 2722 1211 2756 Velotunum
1240 2727 1278 2756 in
1306 2727 1483 2758 I’ortensi.

144 2778 180 2808 Ἡ
207 2775 340 2816 egregie
360 2779 480 2805 natura
501 2774 566 2805 loci
586 2775 616 2805 A
633 2775 658 2806 Β
673 2775 699 2806 C
715 2776 757 2812 D,
780 2779 903 2806 natura
922 2776 989 2806 loci
1010 2777 1145 2816 egregie
1164 2775 1213 2818 (e)
1229 2788 1262 2808 u.
1449 2780 1491 2811 ‘2⁸2
1514 2779 1627 2812 festim

145 2838 191 2858 m.
208 2836 267 2867 pr.
288 2826 330 2858 B.
471 2824 513 2857 ,23
533 2823 636 2855 Gaius
655 2825 698 2865 B,
719 2824 756 2856 C.
777 2835 814 2856 u.
956 2826 1222 2869 aduerteretque
1240 2830 1270 2859 b.
1424 2830 1466 2862 24
1485 2840 1549 2872 quo
1568 2831 1629 2874 (B)

149 2879 165 2909 b
179 2878 270 2917 cde,
293 2876 380 2918 quod
400 2877 496 2907 (ιη-ες.
513 2875 697 2915 plurimi'.
839 2875 881 2907 25
900 2877 1088 2909 ascendere
1107 2879 1150 2910 B.
