1835 3240
96 909 135 941 10

98 1248 138 1279 ‘15

583 172 765 216 COMM.
791 173 851 217 VI
872 171 997 215 CAP.
1022 173 1221 215 41—44.
1646 173 1729 217 405

171 288 411 342 Ambiorigis
432 288 528 327 fines
543 287 887 342 depopulare-ntur,
912 287 959 328 ad
981 294 1110 327 castra
1122 286 1392 327 Romanorum
1413 288 1525 328 delati
1540 296 1648 342 opta-

170 358 359 398 tissimum
382 355 600 409 Ambiorigi
624 356 855 396 beneficium
878 356 1119 396 obtulerunt.

283 421 434 464 Caesar
455 438 590 464 rursus
623 425 669 464 ad
702 424 906 464 uexandos
937 424 1071 464 hostes
1103 423 1302 477 profectus
1333 436 1474 474 magno
1506 430 1644 463 coacto
1665 424 1724 468 43

169 506 330 532 numero
355 506 405 532 ex
429 492 613 532 finitumis
645 491 868 531 ciuitatibus
900 492 939 531 in
963 505 1098 531 omnes
1121 499 1252 545 partes
1275 489 1448 530 dimittit.
1502 487 1649 530 Omnes
1671 492 1697 531 2

172 560 245 600 uici
269 567 384 613 atque
407 560 535 599 omnia
557 558 749 606 aedificia,
775 573 875 611 quae
898 560 1059 612 quisque
1082 565 1362 612 conspexerat,
1388 557 1652 598 incendeban-

169 635 257 677 tur,
284 629 426 682 praeda
451 642 502 667 ex
515 626 693 666 omnibus
717 626 812 666 locis
836 626 1052 680 agebatur3
1080 628 1271 667 frumenta
1296 641 1374 665 non
1397 626 1519 665 solum
1544 631 1650 665 tanta
1675 625 1699 665 3

169 697 414 736 multitudine
438 696 699 735 iumentorum
724 694 1050 746 atqueliominum
1074 693 1420 742 consumebantur,
1445 693 1513 733 sed
1537 693 1653 733 etiam

170 765 262 804 anni
287 772 460 818 tempore
489 770 602 816 atque
636 762 824 801 imbribus
857 761 1171 815 procubuerant,
1205 769 1271 809 ut,
1306 762 1338 801 si
1370 762 1433 814 qui
1464 762 1580 801 etiam
1614 761 1652 800 in

171 832 394 886 praesentia
412 845 455 870 se
478 830 761 880 occultassent,
789 836 919 870 tamen
943 830 1001 870 his
1015 830 1179 870 deducto
1193 829 1374 870 exercitu
1387 843 1517 870 rerum
1532 828 1654 868 omni—

170 916 231 940 um
254 900 386 953 inopia
408 900 645 953 pereundum
670 898 888 937 uideretur.
936 896 994 937 Ac
1024 911 1141 951 saepe
1172 897 1212 936 in
1236 911 1323 937 eum
1345 897 1471 937 locum
1495 903 1655 937 uentum
1676 895 1704 936 4

171 976 232 1009 est
255 975 361 1009 tanto
384 966 695 1020 inomnispartis
719 966 844 1005 diuiso
868 966 1062 1018 equitatu,
1087 971 1130 1005 ut
1152 966 1266 1005 modo
1290 966 1415 1004 uisum
1438 965 1485 1005 ab
1508 963 1657 1004 seAm-

166 1037 359 1089 biorigem
381 1036 421 1076 in
446 1037 534 1088 fuga
558 1034 907 1087 circumspicerent
930 1033 1072 1087 captiui
1097 1047 1168 1073 nec
1190 1034 1304 1087 plane
1328 1034 1445 1073 etiam
1461 1032 1592 1072 abisse
1605 1046 1657 1071 ex

170 1111 382 1157 conspectu
406 1104 715 1151 contenderent,
752 1109 795 1142 ut
824 1116 891 1155 spe
923 1102 1189 1155 consequendi
1220 1101 1343 1142 inlata
1367 1107 1483 1153 atque
1506 1100 1656 1139 intinito
1679 1099 1704 1140 5

169 1171 303 1211 labore
326 1179 509 1226 suscepto
526 1203 535 1221 ,
571 1171 634 1224 qui
658 1185 700 1210 se
724 1184 911 1210 summam
935 1170 982 1209 ab
1005 1168 1184 1210 Caesare
1207 1169 1374 1223 gratiam
1397 1168 1566 1208 inituros
1590 1181 1659 1220 pu-

171 1246 326 1289 tarent,
361 1254 483 1294 paene
522 1246 699 1278 naturam
732 1238 860 1278 studio
893 1239 1123 1288 uincerent,
1158 1250 1391 1291 semperque
1425 1236 1578 1289 paulum
1612 1236 1660 1276 ad

172 1322 359 1347 summam
384 1308 612 1347 felicitatem
637 1307 807 1346 defuisse
833 1306 1048 1356 uideretur,
1086 1314 1203 1359 atque
1225 1305 1289 1345 illc.
1312 1304 1472 1345 latebris
1494 1311 1561 1344 aut
1584 1303 1660 1344 sal·
1682 1301 1710 1342 6

175 1376 275 1415 tibus
299 1390 340 1416 se
365 1376 533 1429 eriperet
559 1382 597 1415 ct
619 1381 736 1414 noctu
759 1374 979 1414 occultatus
1003 1374 1099 1414 alias
1122 1374 1307 1427 regiones
1330 1379 1539 1426 partesque
1555 1379 1661 1425 pete-

174 1452 235 1484 ret
258 1459 334 1483 non
358 1444 503 1484 maiore
526 1443 697 1496 equitum
720 1442 917 1495 praesidio
940 1456 1053 1495 quam
1077 1448 1263 1495 quattuor
1278 1473 1288 1491 ,
1324 1441 1462 1494 quibus
1485 1439 1580 1479 solis
1604 1439 1661 1479 ui-

175 1520 249 1552 tam
282 1527 390 1552 suam
423 1512 667 1552 committere
701 1510 881 1551 audebat.
936 1509 1029 1550 Tali
1067 1510 1180 1550 modo
1220 1509 1388 1549 uastatis
1427 1507 1656 1561 regionibus
1679 1506 1739 1551 44

174 1580 392 1620 exercitum
417 1577 570 1620 Caesar
592 1580 753 1619 duarum
777 1578 996 1618 cohortium
1021 1579 1162 1618 damno
1183 1576 1500 1617 Durocortorum
1515 1575 1662 1616 Remo-

173 1662 257 1687 rum
281 1648 432 1687 reducit
454 1647 699 1700 coneilioque
733 1647 773 1686 in
795 1661 882 1687 enm
906 1647 1034 1686 locum
1058 1644 1211 1686 Galliae
1243 1646 1389 1685 indicto
1414 1645 1459 1684 de
1482 1645 1664 1684 coniura-

175 1717 281 1755 tione
312 1713 514 1756 Senonum
546 1723 583 1756 et
617 1712 836 1755 Carnutum
869 1715 1138 1767 quaestionem
1170 1713 1317 1753 habere
1348 1712 1519 1752 instituit
1548 1719 1587 1751 et
1617 1711 1663 1750 de
1683 1711 1710 1751 2

173 1783 351 1834 Accone,
378 1784 441 1838 qui
464 1784 645 1837 princeps
670 1783 754 1823 eius
779 1783 930 1823 consilii
955 1783 1110 1831 fuerat,
1142 1781 1330 1837 grauiore
1353 1779 1552 1821 sententia
1574 1793 1663 1832 pro-

174 1852 348 1892 nuntiata
382 1867 490 1893 more
521 1853 712 1892 maiorum
747 1852 978 1906 supplicium
1011 1850 1192 1904 sumpsit.
1252 1849 1447 1890 Nonnulli
1478 1846 1664 1887 iudicium
1686 1847 1711 1887 3

174 1921 286 1960 ueriti
311 1922 586 1974 profugerunt.
622 1918 874 1973 Quibuscum
889 1934 988 1972 aqua
1011 1927 1127 1973 atque
1148 1918 1230 1972 igni
1252 1917 1543 1965 interdixisset,
1569 1915 1665 1955 duas

177 1988 355 2043 legiones
378 1989 424 2028 ad
447 1990 544 2029 fines
567 1988 838 2029 Treuerorum
854 2019 864 2039 ,
903 1988 999 2028 duas
1023 1988 1061 2027 in
1084 1986 1335 2041 Lingonibus
1350 2017 1360 2036 ,
1395 1999 1469 2025 sex
1492 1983 1665 2036 reliquas

318 2109 337 2140 ‘2
358 2108 555 2141 obtulerunt
584 2110 611 2141 B
632 2110 734 2141 ‘mss-
755 2109 916 2149 71202'12'3
944 2109 1143 2140 obtulerant
1160 2117 1176 2137 e
1198 2107 1335 2147 Aldus,
1365 2105 1556 2137 obtulerint
1584 2104 1663 2135 edd.

175 2164 258 2191 aule
269 2160 352 2191 ΑΜ.
373 2170 407 2191 ιι.
548 2161 567 2193 3
587 2171 706 2192 rursus
727 2170 795 2192 om.
818 2171 846 2191 c.
987 2160 1006 2191 4
1028 2159 1189 2190 finitumis
1203 2159 1277 2190 AB
1291 2157 1373 2190 CD.
1519 2157 1536 2188 5
1557 2155 1667 2187 omnia

176 2222 242 2243 om.
264 2212 294 2242 b.
519 2210 805 2252 incendebantur]
827 2220 949 2253 pecora
970 2210 1270 2242 interficiebantur
1292 2208 1374 2239 add.
1396 2218 1412 2238 c
1432 2207 1526 2238 And.
1549 2207 1663 2238 (λι-οη.

320 2263 338 2295 s)
357 2269 452 2295 tauta
471 2265 501 2296 B
520 2263 690 2306 ‘reliqul’‚
713 2274 730 2295 a
752 2268 846 2294 tauta
867 2263 883 2294 l)
897 2262 959 2294 [le.
1141 2261 1158 2293 7
1180 2261 1350 2291 hominum
1369 2261 1666 2300 iumentorumque

178 2316 393 2349 multitudine
414 2318 445 2349 b.
610 2318 712 2348 etiam
732 2327 800 2348 otu.
821 2326 838 2346 e
860 2316 974 2347 041‘071.
1142 2314 1159 2346 9
1179 2314 1232 2345 his
1252 2314 1281 2344 B
1299 2311 1377 2343 edd.
1399 2314 1483 2342 ante
1500 2311 1602 2351 Am„
1623 2311 1665 2341 iis

181 2369 292 2399 Alldas
311 2379 345 2400 u.
550 2370 585 2401 11
610 2369 717 2400 omnis
738 2368 845 2410 partis
865 2369 915 2407 A,
938 2367 1045 2398 omnis
1065 2370 1178 2409 partes
1198 2366 1247 2405 B,-
1268 2364 1423 2396 omnibus
1442 2363 1597 2406 partibus
1616 2374 1663 2395 7η.

175 2430 229 2460 pr.
255 2420 292 2451 C.
431 2425 469 2451 ut
487 2421 583 2452 modo
602 2420 697 2452 And.
721 2420 850 2452 Ooeorz..
874 2424 909 2449 ut
930 2429 992 2449 non
1014 2418 1109 2449 modo
1129 2417 1277 2457 reliqui.
1297 2416 1336 2447 P.
1358 2415 1413 2448 87.
1574 2415 1613 2446 12
1634 2415 1666 2445 in

182 2472 286 2511 ligura
306 2472 347 2503 A.
579 2471 884 2512 circumspicerent
903 2471 961 2501 lle
981 2470 1134 2510 reliqui,
1157 2468 1396 2510 conspicerent
1417 2468 1434 2497 b
1448 2467 1518 2506 ccl,-
1537 2477 1605 2498 om.
1628 2476 1662 2496 α.

322 2522 363 2554 13
381 2523 487 2554 inlata
506 2524 547 2555 B.
711 2523 751 2554 14
771 2522 811 2553 ab
833 2522 982 2552 Caesare
1003 2522 1033 2552 A
1046 2520 1105 2561 (B)
1123 2519 1207 2557 CD,
1230 2529 1300 2549 non
1320 2528 1338 2549 a
1355 2517 1518 2549 Caesare.

185 2573 222 2604 15
243 2583 325 2613 pene
344 2573 386 2603 B.
544 2574 717 2616 paululum
739 2574 768 2605 b.
937 2574 976 2605 ‘1ss
998 2572 1141 2604 latebris
1161 2576 1219 2602 aut
1237 2570 1382 2602 saltibus
1407 2570 1433 2600 Η
1453 2570 1570 2610 ‘longe
1586 2569 1661 2609 plu—

181 2624 291 2663 rimi';
312 2624 450 2656 latebris
469 2632 527 2658 aut
545 2627 643 2657 siluis
663 2631 723 2657 aut
741 2626 887 2657 saltibus
909 2626 954 2656 be
973 2629 1020 2666 et,
1042 2626 1106 2666 (μα’
1124 2633 1162 2654 ac
1183 2623 1295 2663 siluis,
1315 2623 1348 2653 (I.
1556 2620 1593 2651 17
1614 2620 1662 2661 et]

183 2680 219 2705 ut
239 2676 269 2707 b.
410 2682 508 2708 noctu
527 2682 712 2719 occupatus
734 2678 751 2708 b
765 2687 802 2716 c,
825 2687 892 2707 11011
913 2687 941 2707 e.
1072 2675 1109 2706 18
1127 2674 1317 2716 equitatum
1339 2676 1366 2705 C
1380 2675 1396 2704 b
1416 2677 1449 2704 cl
1467 2676 1549 2704 (mle
1569 2681 1660 2702 corr.

185 2727 224 2757 B.
366 2732 526 2769 quattuor
539 2728 581 2768 B,
603 2738 670 2759 non
692 2732 850 2770 quatuor.
1023 2728 1065 2760 20
1086 2726 1227 2757 duarum
1246 2724 1434 2755 cohortium
1454 2725 1573 2754 damno
1593 2732 1661 2754 om.

182 2777 404 2809 1⁴'locl0ard1cs
423 2789 452 2809 c.
476 2780 505 2810 1.
645 2780 684 2813 21
707 2778 846 2810 deducit
863 2780 909 2810 Ι).
1051 2779 1093 2812 23
1112 2777 1312 2820 pronuntiat
1330 2786 1421 2807 more
1441 2777 1481 2815 B,
1504 2776 1661 2816 ‘pronun-

183 2829 246 2859 tiat
264 2838 301 2859 ae
321 2838 413 2859 more
431 2838 514 2860 mss.
534 2832 569 2860 et
585 2828 662 2860 edd.
684 2829 782 2870 qddss
919 2830 960 2862 25
980 2838 1101 2870 aquam
1120 2833 1222 2869 atque
1242 2827 1352 2867 ignem
1370 2827 1399 2858 b.
1518 2825 1561 2857 26
1579 2823 1665 2857 Tre-

184 2889 341 2911 uerorum
359 2879 402 2911 B.
541 2879 614 2922 sex]
633 2885 667 2912 et
684 2880 714 2912 B
730 2880 799 2912 ΟΠ
820 2880 916 2911 ‘mss.
938 2883 975 2911 et
990 2879 1068 2910 edd.
1089 2877 1229 2920 [μιαρά]
