1835 3240
100 920 135 952 10

103 1260 138 1291 15

91 1599 134 1631 20

89 1940 130 1972 25

702 188 888 230 CAPVT
913 188 966 229 45
981 212 1028 216 —
1043 187 1113 227 47.
1645 189 1728 232 649

169 308 346 346 fortunae
378 316 460 342 rem
494 302 739 343 committere
762 302 902 342 noluit.
957 300 1094 355 Itaque
1116 300 1263 355 primus
1286 314 1357 340 sua
1381 302 1651 354 quinqueremi

167 374 207 412 in
229 371 510 424 quadriremem
534 370 655 424 ipsius
671 369 811 412 Octaui
834 371 1017 424 impetum
1043 369 1145 410 fecit.
1185 366 1402 409 Celerrime
1423 370 1652 410 fortissime·
1674 370 1701 411 ‚2

167 453 239 492 que
280 445 416 478 contra
458 439 523 478 illo
568 439 788 492 remigante
821 452 940 477 naues
973 439 1164 478 aduersae
1196 437 1338 477 rostris
1370 444 1654 476 concurrerunt

168 508 264 546 adeo
286 507 564 556 uehementer,
598 513 637 545 ut
662 506 774 546 nauis
800 504 1022 546 Octauiana
1044 512 1176 545 rostro
1199 505 1376 545 discusso
1399 504 1506 556 ligno
1530 504 1653 542 conti-

172 582 348 615 neretur.
393 573 662 615 Committitur
683 574 828 614 acriter
849 574 1009 626 reliquis
1033 575 1129 613 loeis
1152 573 1338 627 proelium
1355 604 1365 622 ,
1391 572 1656 612 concurritur·
1679 572 1702 611 3

168 657 243 696 que
275 643 320 683 ad
355 644 473 682 duces
506 643 702 681 maxime:
747 655 834 681 nam
878 656 963 681 cum
998 656 1067 682 suo
1098 642 1259 694 quisque
1289 640 1480 680 auxilium
1516 641 1651 689 ferret,

168 724 347 763 magnum
372 710 588 750 comminus
610 710 649 749 in
673 717 840 763 angusto
864 710 957 749 mari
983 710 1171 763 proelium
1197 711 1339 749 factum
1364 715 1437 748 est.
1479 705 1655 760 Quanto·
1677 706 1703 745 4

168 792 242 831 que
275 778 498 818 coniunctis
524 778 650 831 magis
673 778 842 819 nauibus
867 778 1100 831 confligendi
1124 784 1299 831 potestas
1323 776 1512 826 dabatur,
1549 782 1656 815 tanto

167 847 392 899 superiores
416 853 530 886 erant
552 845 779 897 Vatiniani3
805 847 868 899 qui
892 846 1119 886 admiranda
1140 846 1286 884 uirtute
1310 859 1360 884 ex
1384 846 1465 885 suis
1488 844 1655 885 nauibus

168 914 206 953 in
237 914 403 954 hostium
437 928 559 954 naues
584 914 784 954 transilire
807 929 884 953 non
907 914 1137 954 dubitabant.
1159 920 1198 952 et
1221 913 1469 953 dimicatione
1491 919 1657 966 aequata

168 982 284 1035 longe
306 982 531 1035 superiores
555 982 700 1021 uirtute
722 996 803 1021 rem
829 983 996 1022 feliciter
1018 981 1222 1034 gerebant.
1276 980 1518 1034 Deprimitur
1539 981 1659 1034 ipsius
1682 979 1706 1020 5

171 1047 316 1089 Octaui
339 1049 624 1102 quadriremis,
658 1051 802 1089 multae
825 1057 1025 1103 praeterea
1051 1050 1259 1103 capiuntur
1281 1056 1346 1088 aut
1367 1037 1509 1088 rostris
1532 1051 1661 1102 perfo-

171 1123 282 1157 ratae
305 1124 561 1170 merguntur,
580 1125 891 1171 propugnatores
907 1116 1115 1158 Octauiani
1139 1117 1279 1170 partim
1303 1118 1341 1156 in
1365 1117 1529 1156 nauibus
1550 1117 1661 1169 iugu-

170 1185 315 1235 lantur,
334 1186 473 1239 partim
496 1186 535 1225 in
559 1200 669 1226 mare
692 1186 1012 1239 praecipitantur.
1038 1184 1125 1239 Ipse
1140 1183 1331 1226 Octauius
1354 1198 1396 1225 se
1419 1185 1458 1224 in
1478 1184 1661 1238 scapham
1682 1182 1709 1223 6

171 1254 346 1301 confert,
370 1253 409 1292 in
434 1268 546 1306 quam
571 1253 703 1307 plures
726 1267 811 1293 eum
836 1255 1119 1307 confugerent,
1145 1254 1332 1308 depressa
1356 1253 1501 1307 scapha
1523 1252 1660 1292 uulne-

165 1328 274 1360 ratus
309 1328 438 1360 tamen
471 1321 631 1361 adnatat
661 1322 706 1361 ad
740 1336 853 1361 suum
884 1336 1181 1376 myoparonem.
1234 1320 1295 1361 Eo
1327 1329 1536 1375 receptus,
1572 1334 1657 1359 cum
1681 1317 1706 1359 7

167 1389 354 1442 proelium
378 1403 460 1429 nox
482 1389 696 1440 dirimeret,
715 1396 944 1444 tempestate
966 1405 1108 1444 magna
1131 1390 1230 1430 uelis
1254 1390 1441 1444 profugit.
1477 1388 1660 1441 Sequun-

170 1463 233 1496 tur
254 1456 355 1497 hunc
375 1471 471 1498 suae
494 1472 617 1498 naues
642 1459 854 1498 nonnullae
874 1491 883 1509 ,
920 1473 1014 1512 quas
1038 1473 1154 1499 casus
1178 1458 1224 1498 ab
1246 1459 1313 1498 illo
1336 1457 1512 1512 periculo
1535 1455 1660 1496 uindi-

167 1532 289 1564 carat.
332 1524 388 1564 At
410 1524 594 1566 Vatinius
615 1540 659 1567 re
681 1527 781 1567 bene
804 1534 913 1581 gesta
935 1528 1110 1581 receptui
1134 1527 1278 1567 cecinit
1299 1526 1457 1579 suisque
1481 1525 1659 1566 omnibus
1678 1523 1734 1568 47

166 1592 424 1634 incolumibus
447 1594 486 1634 in
510 1607 595 1634 eum
621 1608 664 1634 se
687 1602 837 1649 portum
862 1596 992 1636 uictor
1012 1595 1184 1649 recepit,
1211 1610 1285 1648 quo
1309 1609 1361 1635 ex
1383 1601 1498 1648 portu
1521 1592 1659 1634 classis

166 1658 308 1701 Octaui
331 1662 377 1701 ad
401 1662 659 1702 dimicandum
683 1671 948 1717 processerat.
998 1660 1116 1717 Capit
1139 1678 1190 1704 ex
1212 1677 1258 1703 eo
1282 1663 1431 1716 proelio
1455 1668 1654 1717 penterem
1677 1660 1704 1699 2

164 1742 295 1778 unam,
321 1729 503 1770 triremes
528 1731 638 1779 duas,
664 1732 835 1771 dicrotas
858 1738 935 1771 VIII
958 1734 1254 1786 compluresque
1275 1731 1447 1785 remiges
1470 1728 1658 1770 Octauia-

165 1811 236 1836 nos
277 1804 513 1852 posteroque
545 1799 597 1839 ibi
631 1799 717 1849 die,
763 1800 851 1839 dum
885 1814 976 1840 suas
1011 1800 1262 1854 captiuasque
1295 1813 1417 1839 naues
1451 1799 1649 1847 reficeret,

166 1872 400 1920 consumpto
422 1874 510 1920 post
532 1867 631 1907 diem
653 1868 812 1907 tertium
837 1869 1038 1908 contendit
1062 1870 1100 1908 in
1124 1868 1290 1909 insulam
1313 1866 1456 1914 Issam,
1487 1866 1586 1919 quod
1610 1879 1656 1905 eo

164 1946 206 1973 se
230 1934 427 1987 recepisse
450 1949 502 1974 ex
524 1936 612 1988 fuga
638 1936 821 1976 credebat
845 1935 1069 1977 Octauium.
1118 1936 1218 1977 Erat
1240 1937 1280 1976 in
1303 1950 1348 1976 ea
1372 1935 1653 1976 nobilissimum
1678 1931 1703 1973 3

166 2001 370 2054 regionum
403 2016 536 2042 earum
571 2003 748 2056 oppidum
783 2005 1223 2058 coniunctissimumque
1256 2003 1440 2045 Octauio.
1495 2001 1586 2054 Quo
1615 2009 1657 2042 ut
1678 2002 1704 2041 4

166 2070 289 2119 uenit,
315 2069 494 2123 oppidani
517 2072 710 2125 supplices
735 2085 776 2111 se
790 2071 951 2112 Vatinio
975 2073 1223 2121 dediderunt,
1242 2072 1510 2126 comperitque
1530 2071 1655 2123 ipsum

164 2136 373 2178 Octauium
396 2139 528 2192 paruis
553 2140 763 2194 paucisque
785 2141 955 2194 nauigiis
979 2148 1098 2181 uento
1119 2141 1293 2181 seeundo
1308 2140 1511 2193 regionem
1528 2137 1656 2179 Grae-

163 2206 247 2246 ciae
279 2206 451 2260 petisse,
487 2207 578 2248 inde
601 2215 643 2248 ut
665 2206 839 2248 Siciliam
857 2239 866 2257 ,
903 2209 1040 2249 deinde
1062 2209 1239 2249 Africam
1265 2215 1439 2261 caperet.
1483 2206 1540 2247 Ita
1564 2207 1653 2247 bre·
1676 2203 1700 2244 5

163 2273 327 2314 uissimo
357 2275 483 2328 spatio
506 2289 550 2315 re
572 2277 886 2330 praeclarissime
909 2284 1020 2332 gesta
1044 2278 1246 2331 prouincia
1268 2284 1426 2330 recepta
1451 2283 1489 2316 et
1512 2274 1654 2316 Corni-

164 2341 248 2381 ficio
271 2342 419 2383 reddita
435 2375 444 2393 ,
473 2344 601 2384 classe
623 2345 938 2386 aduersariorum
964 2360 1015 2386 ex
1037 2346 1102 2386 illo
1125 2352 1207 2385 toto
1230 2346 1316 2385 sinu
1340 2345 1505 2399 expulsa
1528 2343 1655 2383 uictor

163 2423 203 2448 se
226 2407 475 2451 Brundisium
499 2412 682 2453 incolumi
707 2415 885 2454 exercitu
911 2422 946 2454 et
972 2414 1097 2454 classe
1119 2414 1282 2468 recepit.

311 2525 320 2556 1
347 2525 502 2557 fortunae
523 2538 543 2557 (ι
564 2528 581 2558 b
601 2539 636 2558 e:
667 2528 827 2560 fortuitae
847 2530 1057 2560 dimicationi
1079 2529 1236 2560 fortunae
1257 2529 1360 2568 (l‹·ll.,
1383 2529 1453 2558 nisi
1471 2526 1566 2568 qnod
1583 2526 1651 2557 duo

165 2574 406 2607 dimicationis.
549 2578 567 2608 2
588 2578 691 2609 issius
712 2590 744 2610 (l.
886 2580 1007 2611 Octaui
1027 2590 1059 2610 a.
1202 2580 1447 2620 celerrimeque.
1469 2577 1653 2609 fortissime

163 2637 196 2655 n.
345 2626 362 2656 3
383 2628 603 2668 remigantem
622 2640 655 2660 a.
799 2636 1045 2663 concurrerunt
1064 2642 1083 2662 a
1104 2632 1122 2662 3
1142 2631 1246 2672 (leta,
1269 2636 1492 2662 occurrerunt
1513 2630 1552 2668 b;
1573 2638 1652 2659 con-

169 2680 310 2706 currunt
329 2687 363 2707 tl.
524 2680 542 2710 f»
563 2691 637 2712 nam
657 2686 724 2711 tum
745 2692 777 2712 a.
943 2683 959 2714 7
981 2684 1133 2713 cominus
1153 2682 1217 2722 (a).
1371 2682 1389 2714 9
1409 2686 1507 2713 erant
1527 2690 1595 2711 om.
1615 2690 1648 2710 α.

308 2726 348 2758 12
369 2727 542 2760 Octauia.
713 2733 750 2764 18
771 2733 1009 2763 uindicauerat
1031 2734 1061 2763 Ι).
1232 2734 1270 2764 111
1290 2732 1401 2764 vitius
1420 2735 1651 2773 cumpuncta

163 2778 366 2819 subpriore
384 2780 393 2810 i
412 2784 446 2811 et
463 2791 623 2822 suprase.
646 2793 662 2813 a
683 2794 715 2815 a.
921 2786 957 2816 ⁴21
982 2783 1103 2815 Octaui
1124 2795 1157 2825 a,
1180 2784 1315 2815 Octauii
1336 2786 1431 2815 ‘mssa
1449 2783 1649 2825 plere'que'5

163 2831 351 2863 Octauiana
372 2844 406 2864 η.
549 2836 640 2876 capit
658 2846 696 2867 eo
718 2837 748 2867 h.
892 2843 1064 2880 penterem
1084 2838 1134 2879 (a)
1155 2848 1183 2877 c,
1207 2839 1439 2879 ‘pentiremeiu
1459 2836 1519 2867 uel
1536 2840 1652 2878 pente-

164 2894 286 2914 rcmem
307 2885 441 2916 ceter-2⁴.
583 2887 624 2918 23
645 2887 689 2919 ibi
709 2899 776 2920 om.
800 2890 830 2920 I).
973 2892 1013 2922 ‘24
1035 2896 1231 2932 consumpto
1251 2891 1269 2921 ἱ)
1289 2890 1390 2922 (lelt..
1413 2900 1480 2921 om.
1502 2889 1646 2930 relitlui.

305 2935 443 2967 tertium
462 2946 495 2975 (ι,
517 2946 584 2967 non
606 2947 654 2969 ni.
780 2941 822 2971 ‘25
836 2950 875 2970 ex
895 2950 964 2972 om.
987 2941 1016 2971 I).
1145 2941 1175 2971 in
1197 2951 1269 2972 eum
1290 2951 1322 2979 a,
1343 2950 1451 2971 meum
1472 2951 1500 2971 e.

161 2986 201 3018 27
223 2987 317 3018 uenit
336 2998 355 3017 a
377 2987 406 3027 b,
421 2987 574 3029 peruenit
596 2998 631 3019 u.
773 2991 935 3032 comperit
959 2992 988 3021 b.
1131 2993 1172 3023 ‘2⁸³
1188 2992 1390 3024 breuissime
1410 3003 1430 3023 a
1445 2993 1475 3026 Ι).
1497 2992 1591 3024 breui
1612 3004 1645 3025 rt.
