1835 3240
101 181 183 224 676
693 179 861 223 BELLI
891 178 1138 222 AFRICAE

180 293 342 348 perditis
362 294 645 348 sceleratisque
667 293 816 333 ciuibus
844 306 1070 346 oppressam
1100 293 1302 347 bonosque
1331 303 1398 335 aut
1427 296 1657 336 interfectos

178 368 247 402 aut
267 361 389 402 exilio
410 361 593 402 multatos
614 360 741 414 patria
762 359 993 412 ciuitateque
1017 373 1153 400 carere
1167 391 1178 410 ,
1211 362 1336 414 gloria
1363 369 1404 402 et
1429 364 1547 403 animi
1576 377 1657 404 ma-

178 429 382 482 gnitudine
414 429 538 469 elatus
569 427 745 481 priuatus
776 434 891 480 atque
921 427 1238 468 adolescentulus
1272 430 1425 482 paterni
1457 431 1656 472 exercitus

176 496 353 549 reliquiis
383 494 556 536 collectis
596 507 720 548 paene
756 508 980 548 oppressam
1013 495 1270 551 funditusque
1310 496 1475 536 deletam
1504 496 1655 538 Italiam

176 564 390 616 urbemque
419 562 642 602 Romanam
668 561 709 601 in
738 561 960 602 libertatem
991 562 1228 612 uindicauit,
1261 563 1439 616 idemque
1460 561 1650 615 Siciliam,

177 631 368 679 Africam,
384 628 626 679 Numidiam,
642 627 923 670 Mauritaniam
937 629 1103 670 mirabili
1127 631 1331 670 celeritate
1354 631 1472 670 armis
1494 633 1654 685 recepit.

133 699 157 739 3
180 696 332 751 Quibus
346 711 396 737 ex
411 695 529 737 rebus
551 695 625 736 sibi
647 710 731 737 eam
745 697 991 750 dignitatem,
1006 711 1103 750 quae
1126 705 1267 751 estper
1277 705 1416 751 gentes
1439 698 1657 739 clarissima

177 764 475 817 notissimaque,
510 764 735 804 conciliauit
756 765 1151 818 adulescentulusque
1174 771 1290 818 atque
1312 779 1430 818 eques
1451 764 1656 807 Romanus

129 832 153 871 4
177 831 443 885 triumphauit.
498 830 630 885 Atque
651 832 716 872 ille
738 846 815 872 non
839 833 891 872 ita
914 832 1050 886 amplis
1081 832 1198 872 rebus
1231 834 1351 886 patris
1380 834 1503 887 gestis
1534 847 1658 887 neque

177 907 253 939 tam
286 899 496 939 excellenti
526 899 717 940 maiorum
741 900 929 954 dignitate
952 906 1064 954 parta
1086 914 1210 953 neque
1233 901 1352 940 tantis
1375 901 1568 941 clientelis
1591 915 1660 941 no—

130 966 154 1007 5
177 966 369 1019 minisque
400 967 580 1007 claritate
611 968 806 1021 praeditus
837 967 876 1008 in
907 968 1182 1021 rempublicam
1217 974 1279 1008 est
1313 967 1532 1021 ingressus.
1596 968 1661 1009 Tu

177 1042 316 1074 contra
337 1041 377 1075 et
397 1035 518 1089 patris
540 1035 743 1076 nobilitate
772 1042 812 1075 et
840 1035 1029 1090 dignitate
1061 1042 1101 1075 et
1131 1049 1201 1089 per
1232 1042 1269 1075 te
1300 1035 1383 1089 ipse
1413 1036 1510 1076 satis
1542 1036 1661 1076 animi

176 1103 444 1156 magnitudine
466 1103 743 1157 diligentiaque
765 1103 965 1157 praeditus
987 1116 1118 1142 nonne
1148 1102 1310 1142 eniteris
1339 1110 1379 1142 et
1400 1104 1661 1156 proficisceris

177 1170 224 1210 ad
247 1177 431 1224 paternas
454 1170 655 1211 clientelas
677 1171 867 1211 auxilium
897 1170 965 1210 tibi
994 1170 1129 1222 reique
1161 1169 1338 1223 publicae
1368 1177 1484 1222 atquc
1515 1171 1661 1223 optimo

102 1237 161 1282 23
183 1238 322 1290 cuique
344 1238 606 1290 ecflagitatum
619 1237 649 1277 ’.θ’
674 1237 747 1278 His
771 1238 902 1278 uerbis
925 1238 1094 1278 hominis
1117 1238 1341 1290 grauissimi
1363 1237 1548 1277 incitatus
1571 1237 1662 1277 ado-

175 1305 415 1345 lescentulus
439 1319 524 1344 cum
549 1305 742 1345 nauiculis
765 1305 1057 1360 cuiusquemodi
1079 1305 1236 1358 generis
1257 1312 1374 1355 XXX,
1408 1304 1504 1345 inibi
1526 1305 1662 1358 paucis

175 1372 360 1412 rostratis
376 1403 386 1422 ‚
421 1373 620 1426 profectus
648 1372 696 1413 ab
720 1372 834 1414 Vtica
855 1373 896 1413 in
917 1371 1198 1413 Mauritaniam
1221 1386 1462 1427 regnumque
1483 1370 1659 1425 Bogudis

175 1447 236 1480 est
256 1439 459 1493 ingressus
482 1440 741 1494 expeditoque
764 1440 947 1481 exercitu
969 1455 1133 1481 numero
1155 1454 1374 1489 seruorum,
1399 1440 1609 1480 liberorum
1631 1446 1662 1480 11

175 1508 341 1558 milium,
374 1507 484 1548 cuius
506 1515 655 1563 partem
677 1509 885 1558 inermem,
911 1516 1059 1563 partem
1083 1516 1272 1549 armatam
1295 1507 1500 1558 habuerat,
1525 1507 1573 1548 ad
1595 1521 1662 1561 op-

1685 574 1703 604 υἱ

1694 908 1734 942 10

1694 1244 1736 1278 15

175 1575 305 1630 pidum
337 1575 535 1616 Ascurum
566 1577 756 1617 accedere
788 1577 940 1631 coepit3
975 1577 1016 1617 iu
1047 1591 1122 1630 quo
1154 1577 1293 1631 oppido
1324 1576 1560 1630 praesidium
1592 1575 1664 1616 fuit
1691 1582 1735 1619 20

127 1643 153 1683 2
174 1644 340 1697 regium.
395 1642 585 1698 Pompeio
608 1645 846 1686 adueniente
869 1644 1047 1699 oppidani
1075 1659 1198 1699 usque
1221 1658 1266 1685 eo
1289 1644 1394 1698 passi
1417 1644 1575 1698 propius
1598 1656 1662 1683 ac-

175 1712 332 1761 cedere,
367 1712 490 1752 donee
521 1713 569 1753 ad
599 1713 706 1767 ipsas
737 1720 869 1767 portas
891 1727 936 1752 ac
960 1727 1110 1753 murum
1142 1712 1500 1766 adpropinquaret,
1534 1711 1662 1751 subito

177 1779 384 1832 eruptione
411 1780 515 1819 facta
536 1787 757 1833 prostratos
788 1781 1096 1834 perterritosque
1118 1778 1379 1834 Pompeianos
1400 1780 1441 1819 in
1462 1793 1571 1819 mare
1593 1792 1662 1819 na-

129 1844 153 1885 3
177 1859 322 1899 uesquc
345 1847 489 1900 passim
511 1849 798 1902 compulerunt.
861 1846 919 1888 Ita
950 1862 994 1888 re
1023 1848 1123 1888 male
1145 1855 1258 1901 gesta
1290 1845 1425 1887 Gneus
1447 1846 1660 1900 Pompeius

177 1914 279 1954 filius
311 1928 434 1954 naues
467 1915 558 1955 inde
587 1916 730 1956 auertit
760 1929 887 1968 neque
918 1922 1056 1970 postea
1077 1915 1170 1956 litus
1191 1915 1329 1968 adtigit
1350 1915 1593 1967 classemque
1615 1914 1662 1954 ad

176 1981 325 2021 insulas
347 1979 538 2023 Baleares
561 1996 704 2024 uersus
727 1983 940 2023 conuertit.

100 2049 159 2094 2-1»
294 2047 427 2103 Scipio
449 2049 605 2090 interim
630 2065 716 2090 cum
738 2051 787 2091 iis
810 2050 932 2104 copiis
947 2081 957 2100 ,
992 2064 1087 2103 quas
1120 2051 1235 2104 paulo
1262 2057 1353 2090 ante
1376 2049 1662 2090 demonstraui—

181 2132 282 2168 mus,
316 2116 460 2158 Vticae
491 2118 630 2172 grandi
662 2119 858 2173 praesidio
888 2118 1028 2159 relicto
1050 2119 1250 2172 profectus
1267 2118 1432 2172 primum
1454 2116 1663 2157 Adrumeti

179 2192 308 2226 castra
339 2185 474 2240 ponit,
528 2186 667 2228 deinde
697 2186 749 2227 ibi
781 2200 924 2241 paucos
957 2187 1039 2228 dies
1072 2192 1339 2226 commoratus
1371 2191 1490 2225 noctu
1519 2184 1662 2224 itinere

322 2357 337 2390 1
359 2358 502 2399 perditis
520 2359 718 2399 Dauz'sius5
746 2360 888 2392 uarduis
912 2370 932 2391 a
952 2370 986 2400 c,
1015 2358 1144 2390 nardiis
1173 2358 1191 2389 b
1209 2356 1252 2396 d,-
1278 2355 1464 2388 audacibus
1483 2364 1517 2386 u.

178 2409 327 2450 ciuibus]
347 2409 538 2442 hominibus
558 2411 590 2442 b.
752 2411 940 2454 bonosque]
960 2415 1205 2451 senatoresque
1225 2408 1255 2439 b.
1417 2406 1439 2440 2
1456 2405 1579 2438 exsilio
1599 2403 1663 2447 (a).

322 2460 340 2492 3
360 2461 583 2503 priuatusque
601 2461 753 2494 adolesc.
774 2462 805 2493 b.
977 2463 997 2494 4
1015 2460 1157 2502 reliquis
1175 2470 1209 2491 α.
1382 2467 1466 2499 pene
1485 2467 1519 2488 a.

180 2511 402 2553 funditusque
421 2523 497 2554 ego,
520 2512 673 2545 funditus
692 2525 713 2545 α
733 2514 751 2545 b
770 2525 807 2554 c,-
829 2513 983 2545 funditus
1002 2518 1036 2544 et
1053 2522 1088 2544 u.
1296 2510 1314 2542 7
1336 2519 1377 2540 ex
1396 2519 1465 2540 om·
1488 2509 1519 2539 b-

177 2564 197 2596 S
215 2564 561 2606 adulescentulusque
580 2575 613 2596 a.
754 2565 794 2597 10
814 2569 882 2596 tam
900 2582 944 2587 —
962 2574 1070 2605 neque
1089 2572 1157 2595 om.
1178 2571 1199 2592 a
1219 2561 1236 2592 b
1255 2571 1283 2591 c.
1427 2559 1466 2591 15
1480 2563 1515 2590 et
1533 2557 1664 2598 flagita-

176 2620 246 2646 tum
264 2625 298 2652 α,
312 2615 532 2655 efflagitatum
551 2626 585 2647 u.
728 2617 767 2649 16
779 2617 941 2658 cuiusque
959 2616 1057 2648 modo
1077 2625 1107 2655 c,
1127 2612 1316 2645 cuiusmodi
1337 2612 1369 2643 b.
1511 2610 1552 2643 17
1564 2609 1662 2642 Vtica

178 2676 198 2697 α
219 2667 248 2706 b,
267 2664 369 2697 Vtica
387 2671 439 2698 est
455 2676 491 2699 u.
634 2667 675 2699 18
695 2677 870 2699 numerum
887 2678 908 2698 a
928 2678 957 2698 c.
1097 2666 1140 2700 20
1158 2666 1347 2697 Ascaurum
1368 2664 1399 2695 b.
1541 2663 1585 2698 22
1603 2662 1662 2694 ad—

178 2718 421 2760 propinquaret
437 2728 473 2749 a.
644 2718 687 2752 23
708 2729 881 2762 nauesque
901 2719 1026 2761 passim
1045 2729 1078 2759 α,
1100 2718 1226 2760 passim
1246 2727 1420 2759 nauesque
1439 2716 1517 2748 edd.

177 2772 221 2804 ‘24
241 2770 353 2802 Gneus
371 2781 405 2810 (ι,
427 2769 489 2802 Cn.
509 2781 543 2802 u.
706 2771 750 2805 25
770 2771 861 2803 filius
880 2781 948 2803 om.
972 2772 1002 2802 b.
1167 2770 1291 2810 adtigit
1307 2780 1340 2800 α.
1496 2767 1608 2801 2711is
1627 2778 1660 2799 α.

321 2822 364 2856 28
381 2820 593 2853 Adrumetici
610 2831 643 2852 α.
792 2821 834 2853 29
853 2820 897 2852 ibi
917 2830 1041 2863 paucos
1062 2821 1134 2852 dics
1152 2830 1171 2852 α
1192 2819 1269 2852 edd.
1291 2823 1374 2852 ante
1391 2830 1426 2860 u,
1447 2829 1570 2861 paucos
1590 2819 1662 2851 dies

180 2873 223 2905 ibi
242 2875 316 2905 sine
335 2874 566 2905 annotatione
584 2881 618 2903 ιι.

1691 1921 1735 1955 25
