<?xml version="1.0" encoding="UTF-8"?>
<!DOCTYPE html PUBLIC "-//W3C//DTD XHTML 1.0 Transitional//EN"
    "http://www.w3.org/TR/xhtml1/DTD/xhtml1-transitional.dtd">
<html xmlns="http://www.w3.org/1999/xhtml" xml:lang="en" lang="en">
 <head>
  <title>
</title>
<meta http-equiv="Content-Type" content="text/html;charset=utf-8" />
  <meta name='ocr-system' content='tesseract 3.04.00' />
  <meta name='ocr-capabilities' content='ocr_page ocr_carea ocr_par ocr_line ocrx_word'/>
</head>
<body>
  <div class='ocr_page' id='page_1' title='image "./commentarii00caesuoft_0580.png"; bbox 0 0 1835 3240; ppageno 0'>
   <div class='ocr_carea' id='block_1_1' title="bbox 93 149 1171 200">
    <p class='ocr_par' dir='ltr' id='par_1_1' title="bbox 93 149 1171 200">
     <span class='ocr_line' id='line_1_1' title="bbox 93 149 1171 200; baseline 0.006 -8"><span class='ocrx_word' id='word_1_1' title='bbox 93 149 176 193; x_wconf 83' lang='lat'>570</span> <span class='ocrx_word' id='word_1_2' title='bbox 666 155 740 198; x_wconf 93' lang='lat' dir='ltr'>DE</span> <span class='ocrx_word' id='word_1_3' title='bbox 771 154 960 198; x_wconf 90' lang='lat' dir='ltr'>BELLO</span> <span class='ocrx_word' id='word_1_4' title='bbox 994 155 1171 200; x_wconf 90' lang='lat' dir='ltr'>CIVILI</span> 
     </span>
    </p>
   </div>
   <div class='ocr_carea' id='block_1_2' title="bbox 88 265 1650 1545">
    <p class='ocr_par' dir='ltr' id='par_1_2' title="bbox 168 265 1649 463">
     <span class='ocr_line' id='line_1_2' title="bbox 169 265 1648 329; baseline 0.007 -24"><span class='ocrx_word' id='word_1_5' title='bbox 169 265 310 307; x_wconf 87' lang='lat' dir='ltr'>batur:</span> <span class='ocrx_word' id='word_1_6' title='bbox 338 272 547 322; x_wconf 87' lang='lat' dir='ltr'>tantusque</span> <span class='ocrx_word' id='word_1_7' title='bbox 571 275 699 310; x_wconf 84' lang='lat' dir='ltr'>terror</span> <span class='ocrx_word' id='word_1_8' title='bbox 718 269 857 310; x_wconf 79' lang='lat' dir='ltr'>incidit</span> <span class='ocrx_word' id='word_1_9' title='bbox 878 269 961 310; x_wconf 90' lang='lat' dir='ltr'>eius</span> <span class='ocrx_word' id='word_1_10' title='bbox 984 271 1194 322; x_wconf 85' lang='lat' dir='ltr'>exercitui,</span> <span class='ocrx_word' id='word_1_11' title='bbox 1219 274 1320 326; x_wconf 88' lang='lat' dir='ltr'>quod</span> <span class='ocrx_word' id='word_1_12' title='bbox 1342 288 1555 329; x_wconf 87' lang='lat' dir='ltr'>properans</span> <span class='ocrx_word' id='word_1_13' title='bbox 1579 288 1648 315; x_wconf 87' lang='lat' dir='ltr'>no-</span> 
     </span>
     <span class='ocr_line' id='line_1_3' title="bbox 170 334 1649 395; baseline 0.008 -22"><span class='ocrx_word' id='word_1_14' title='bbox 170 339 269 373; x_wconf 88' lang='lat' dir='ltr'>ctem</span> <span class='ocrx_word' id='word_1_15' title='bbox 292 334 367 375; x_wconf 93' lang='lat' dir='ltr'>diei</span> <span class='ocrx_word' id='word_1_16' title='bbox 389 336 652 377; x_wconf 86' lang='lat' dir='ltr'>coniunxerat</span> <span class='ocrx_word' id='word_1_17' title='bbox 674 351 799 389; x_wconf 88' lang='lat' dir='ltr'>neque</span> <span class='ocrx_word' id='word_1_18' title='bbox 821 338 898 378; x_wconf 88' lang='lat' dir='ltr'>iter</span> <span class='ocrx_word' id='word_1_19' title='bbox 918 338 1199 389; x_wconf 82' lang='lat' dir='ltr'><strong>intermiserat,</strong></span> <span class='ocrx_word' id='word_1_20' title='bbox 1231 348 1272 380; x_wconf 88' lang='lat' dir='ltr'>ut</span> <span class='ocrx_word' id='word_1_21' title='bbox 1292 355 1416 395; x_wconf 86' lang='lat' dir='ltr'>paene</span> <span class='ocrx_word' id='word_1_22' title='bbox 1438 358 1573 384; x_wconf 89' lang='lat' dir='ltr'>omnes</span> <span class='ocrx_word' id='word_1_23' title='bbox 1596 357 1649 384; x_wconf 84' lang='lat' dir='ltr'>ex</span> 
     </span>
     <span class='ocr_line' id='line_1_4' title="bbox 168 399 1649 463; baseline 0.007 -22"><span class='ocrx_word' id='word_1_24' title='bbox 168 399 291 454; x_wconf 83' lang='lat' dir='ltr'>Epiro</span> <span class='ocrx_word' id='word_1_25' title='bbox 313 403 563 456; x_wconf 89' lang='lat' dir='ltr'>finitimisque</span> <span class='ocrx_word' id='word_1_26' title='bbox 585 405 814 457; x_wconf 84' lang='lat' dir='ltr'>regionibus</span> <span class='ocrx_word' id='word_1_27' title='bbox 836 406 951 459; x_wconf 87' lang='lat' dir='ltr'>signa</span> <span class='ocrx_word' id='word_1_28' title='bbox 973 406 1267 459; x_wconf 78' lang='lat' dir='ltr'>relinquerent,</span> <span class='ocrx_word' id='word_1_29' title='bbox 1300 410 1517 463; x_wconf 81' lang='lat' dir='ltr'>complures</span> <span class='ocrx_word' id='word_1_30' title='bbox 1540 426 1649 451; x_wconf 83' lang='lat' dir='ltr'>arma</span> 
     </span>
    </p>

    <p class='ocr_par' dir='ltr' id='par_1_3' title="bbox 88 468 1650 1545">
     <span class='ocr_line' id='line_1_5' title="bbox 123 468 1647 533; baseline 0.007 -24"><span class='ocrx_word' id='word_1_31' title='bbox 123 468 148 510; x_wconf 89' lang='grc'>3</span> <span class='ocrx_word' id='word_1_32' title='bbox 168 469 392 523; x_wconf 79' lang='lat' dir='ltr'>proicerent</span> <span class='ocrx_word' id='word_1_33' title='bbox 423 485 468 510; x_wconf 87' lang='lat' dir='ltr'>ac</span> <span class='ocrx_word' id='word_1_34' title='bbox 502 472 614 523; x_wconf 85' lang='lat' dir='ltr'>fugae</span> <span class='ocrx_word' id='word_1_35' title='bbox 645 472 770 513; x_wconf 87' lang='lat' dir='ltr'>simile</span> <span class='ocrx_word' id='word_1_36' title='bbox 800 472 877 512; x_wconf 89' lang='lat' dir='ltr'>iter</span> <span class='ocrx_word' id='word_1_37' title='bbox 905 473 1119 513; x_wconf 88' lang='lat' dir='ltr'>uideretur.</span> <span class='ocrx_word' id='word_1_38' title='bbox 1184 472 1261 514; x_wconf 86' lang='lat' dir='ltr'>Sed</span> <span class='ocrx_word' id='word_1_39' title='bbox 1293 489 1379 515; x_wconf 86' lang='lat' dir='ltr'>cum</span> <span class='ocrx_word' id='word_1_40' title='bbox 1403 477 1647 533; x_wconf 88' lang='lat' dir='ltr'>prope·Dyr-</span> 
     </span>
     <span class='ocr_line' id='line_1_6' title="bbox 166 537 1642 598; baseline 0.006 -21"><span class='ocrx_word' id='word_1_41' title='bbox 166 537 369 578; x_wconf 85' lang='lat' dir='ltr'>rhachium</span> <span class='ocrx_word' id='word_1_42' title='bbox 384 537 593 591; x_wconf 87' lang='lat' dir='ltr'>Pompeius</span> <span class='ocrx_word' id='word_1_43' title='bbox 616 540 862 581; x_wconf 69' lang='lat' dir='ltr'>constitisset</span> <span class='ocrx_word' id='word_1_44' title='bbox 883 548 1090 594; x_wconf 89' lang='lat' dir='ltr'>castraque</span> <span class='ocrx_word' id='word_1_45' title='bbox 1110 542 1250 582; x_wconf 88' lang='lat' dir='ltr'>metari</span> <span class='ocrx_word' id='word_1_46' title='bbox 1272 542 1466 594; x_wconf 85' lang='lat' dir='ltr'>iussisset,</span> <span class='ocrx_word' id='word_1_47' title='bbox 1492 553 1642 598; x_wconf 87' lang='lat' dir='ltr'>perter-</span> 
     </span>
     <span class='ocr_line' id='line_1_7' title="bbox 165 605 1645 664; baseline 0.007 -20"><span class='ocrx_word' id='word_1_48' title='bbox 165 605 243 645; x_wconf 90' lang='lat' dir='ltr'>rito</span> <span class='ocrx_word' id='word_1_49' title='bbox 275 605 391 645; x_wconf 89' lang='lat' dir='ltr'>etiam</span> <span class='ocrx_word' id='word_1_50' title='bbox 424 612 504 645; x_wconf 89' lang='lat' dir='ltr'>tum</span> <span class='ocrx_word' id='word_1_51' title='bbox 539 607 721 647; x_wconf 83' lang='lat' dir='ltr'>exercitu</span> <span class='ocrx_word' id='word_1_52' title='bbox 752 608 931 662; x_wconf 87' lang='lat' dir='ltr'>princeps</span> <span class='ocrx_word' id='word_1_53' title='bbox 956 607 1158 650; x_wconf 78' lang='lat' dir='ltr'>Labienus</span> <span class='ocrx_word' id='word_1_54' title='bbox 1188 611 1364 663; x_wconf 87' lang='lat' dir='ltr'>procedit</span> <span class='ocrx_word' id='word_1_55' title='bbox 1392 611 1572 664; x_wconf 86' lang='lat' dir='ltr'>iuratque</span> <span class='ocrx_word' id='word_1_56' title='bbox 1602 627 1645 655; x_wconf 91' lang='lat' dir='ltr'>se</span> 
     </span>
     <span class='ocr_line' id='line_1_8' title="bbox 167 673 1647 733; baseline 0.005 -22"><span class='ocrx_word' id='word_1_57' title='bbox 167 685 253 712; x_wconf 89' lang='lat' dir='ltr'>eum</span> <span class='ocrx_word' id='word_1_58' title='bbox 287 687 365 712; x_wconf 87' lang='lat' dir='ltr'>non</span> <span class='ocrx_word' id='word_1_59' title='bbox 397 673 640 714; x_wconf 84' lang='lat' dir='ltr'>deserturum</span> <span class='ocrx_word' id='word_1_60' title='bbox 671 677 915 729; x_wconf 88' lang='lat' dir='ltr'>eundemque</span> <span class='ocrx_word' id='word_1_61' title='bbox 937 691 1069 717; x_wconf 86' lang='lat' dir='ltr'>casum</span> <span class='ocrx_word' id='word_1_62' title='bbox 1092 677 1331 728; x_wconf 85' lang='lat' dir='ltr'>subiturum,</span> <span class='ocrx_word' id='word_1_63' title='bbox 1367 692 1647 733; x_wconf 87' lang='lat' dir='ltr'>quemcumque</span> 
     </span>
     <span class='ocr_line' id='line_1_9' title="bbox 119 738 1648 798; baseline 0.006 -20"><span class='ocrx_word' id='word_1_64' title='bbox 119 738 146 779; x_wconf 89' lang='lat'>4</span> <span class='ocrx_word' id='word_1_65' title='bbox 168 740 202 779; x_wconf 87' lang='lat' dir='ltr'>ei</span> <span class='ocrx_word' id='word_1_66' title='bbox 227 740 382 780; x_wconf 83' lang='lat' dir='ltr'>fortuna</span> <span class='ocrx_word' id='word_1_67' title='bbox 405 740 621 782; x_wconf 79' lang='lat' dir='ltr'>tribuisset.</span> <span class='ocrx_word' id='word_1_68' title='bbox 665 741 753 783; x_wconf 91' lang='lat' dir='ltr'>Hoc</span> <span class='ocrx_word' id='word_1_69' title='bbox 774 743 875 784; x_wconf 89' lang='lat' dir='ltr'>idem</span> <span class='ocrx_word' id='word_1_70' title='bbox 897 744 1037 798; x_wconf 83' lang='lat' dir='ltr'>reliqui</span> <span class='ocrx_word' id='word_1_71' title='bbox 1060 745 1192 785; x_wconf 85' lang='lat' dir='ltr'>iurant</span> <span class='ocrx_word' id='word_1_72' title='bbox 1213 745 1357 798; x_wconf 84' lang='lat' dir='ltr'>legati3</span> <span class='ocrx_word' id='word_1_73' title='bbox 1398 746 1544 787; x_wconf 85' lang='lat' dir='ltr'>tribuni</span> <span class='ocrx_word' id='word_1_74' title='bbox 1577 749 1648 788; x_wconf 90' lang='lat' dir='ltr'>mi-</span> 
     </span>
     <span class='ocr_line' id='line_1_10' title="bbox 166 807 1642 865; baseline 0.005 -17"><span class='ocrx_word' id='word_1_75' title='bbox 166 808 274 848; x_wconf 91' lang='lat' dir='ltr'>litum</span> <span class='ocrx_word' id='word_1_76' title='bbox 299 807 630 862; x_wconf 84' lang='lat' dir='ltr'>centurionesque</span> <span class='ocrx_word' id='word_1_77' title='bbox 651 819 861 861; x_wconf 85' lang='lat' dir='ltr'>secuntur,</span> <span class='ocrx_word' id='word_1_78' title='bbox 887 819 1005 865; x_wconf 89' lang='lat' dir='ltr'>atque</span> <span class='ocrx_word' id='word_1_79' title='bbox 1027 813 1128 852; x_wconf 89' lang='lat' dir='ltr'>idem</span> <span class='ocrx_word' id='word_1_80' title='bbox 1152 813 1277 853; x_wconf 90' lang='lat' dir='ltr'>omnis</span> <span class='ocrx_word' id='word_1_81' title='bbox 1300 814 1500 854; x_wconf 85' lang='lat' dir='ltr'>exercitus</span> <span class='ocrx_word' id='word_1_82' title='bbox 1521 814 1642 855; x_wconf 86' lang='lat' dir='ltr'>iurat.</span> 
     </span>
     <span class='ocr_line' id='line_1_11' title="bbox 119 872 1649 935; baseline 0.005 -21"><span class='ocrx_word' id='word_1_83' title='bbox 119 873 144 915; x_wconf 86' lang='lat'>5</span> <span class='ocrx_word' id='word_1_84' title='bbox 167 872 320 915; x_wconf 80' lang='lat' dir='ltr'>Caesar</span> <span class='ocrx_word' id='word_1_85' title='bbox 342 885 628 931; x_wconf 86' lang='lat' dir='ltr'>praeoccupato</span> <span class='ocrx_word' id='word_1_86' title='bbox 651 878 791 919; x_wconf 89' lang='lat' dir='ltr'>itinere</span> <span class='ocrx_word' id='word_1_87' title='bbox 814 880 861 919; x_wconf 90' lang='lat' dir='ltr'>ad</span> <span class='ocrx_word' id='word_1_88' title='bbox 884 877 1171 935; x_wconf 78' lang='lat' dir='ltr'>Dyrrhachium</span> <span class='ocrx_word' id='word_1_89' title='bbox 1196 881 1310 920; x_wconf 83' lang='lat' dir='ltr'>tinem</span> <span class='ocrx_word' id='word_1_90' title='bbox 1333 882 1567 935; x_wconf 83' lang='lat' dir='ltr'>properandi</span> <span class='ocrx_word' id='word_1_91' title='bbox 1595 884 1649 923; x_wconf 83' lang='lat' dir='ltr'>fa-</span> 
     </span>
     <span class='ocr_line' id='line_1_12' title="bbox 167 942 1650 1002; baseline 0.006 -21"><span class='ocrx_word' id='word_1_92' title='bbox 167 942 222 982; x_wconf 87' lang='lat' dir='ltr'>cit</span> <span class='ocrx_word' id='word_1_93' title='bbox 242 950 453 997; x_wconf 85' lang='lat' dir='ltr'>castraque</span> <span class='ocrx_word' id='word_1_94' title='bbox 474 945 521 985; x_wconf 86' lang='lat' dir='ltr'>ad</span> <span class='ocrx_word' id='word_1_95' title='bbox 544 946 687 986; x_wconf 87' lang='lat' dir='ltr'>flumen</span> <span class='ocrx_word' id='word_1_96' title='bbox 710 946 858 1000; x_wconf 88' lang='lat' dir='ltr'>Apsum</span> <span class='ocrx_word' id='word_1_97' title='bbox 881 949 989 1001; x_wconf 90' lang='lat' dir='ltr'>ponit</span> <span class='ocrx_word' id='word_1_98' title='bbox 1010 949 1049 988; x_wconf 94' lang='lat' dir='ltr'>in</span> <span class='ocrx_word' id='word_1_99' title='bbox 1071 948 1211 989; x_wconf 86' lang='lat' dir='ltr'>finibus</span> <span class='ocrx_word' id='word_1_100' title='bbox 1233 948 1538 1002; x_wconf 85' lang='lat' dir='ltr'>Apolloniatium</span> <span class='ocrx_word' id='word_1_101' title='bbox 1558 981 1567 999; x_wconf 86' lang='lat'><strong>‚</strong></span> <span class='ocrx_word' id='word_1_102' title='bbox 1605 957 1650 990; x_wconf 91' lang='lat' dir='ltr'>ut</span> 
     </span>
     <span class='ocr_line' id='line_1_13' title="bbox 166 1011 1646 1071; baseline 0.005 -21"><span class='ocrx_word' id='word_1_103' title='bbox 166 1011 338 1051; x_wconf 79' lang='lat' dir='ltr'>castellis</span> <span class='ocrx_word' id='word_1_104' title='bbox 360 1011 583 1066; x_wconf 86' lang='lat' dir='ltr'>uigiliisque</span> <span class='ocrx_word' id='word_1_105' title='bbox 605 1014 705 1055; x_wconf 89' lang='lat' dir='ltr'>bene</span> <span class='ocrx_word' id='word_1_106' title='bbox 729 1016 892 1057; x_wconf 87' lang='lat' dir='ltr'>meritae</span> <span class='ocrx_word' id='word_1_107' title='bbox 915 1017 1096 1057; x_wconf 85' lang='lat' dir='ltr'>ciuitates</span> <span class='ocrx_word' id='word_1_108' title='bbox 1119 1023 1226 1057; x_wconf 88' lang='lat' dir='ltr'>tutae</span> <span class='ocrx_word' id='word_1_109' title='bbox 1244 1024 1379 1057; x_wconf 87' lang='lat' dir='ltr'>essent</span> <span class='ocrx_word' id='word_1_110' title='bbox 1398 1017 1646 1071; x_wconf 83' lang='lat' dir='ltr'>[praesidio],</span> 
     </span>
     <span class='ocr_line' id='line_1_14' title="bbox 165 1077 1647 1139; baseline 0.004 -21"><span class='ocrx_word' id='word_1_111' title='bbox 165 1077 296 1131; x_wconf 87' lang='lat' dir='ltr'>ibique</span> <span class='ocrx_word' id='word_1_112' title='bbox 318 1079 556 1133; x_wconf 88' lang='lat' dir='ltr'>reliquarum</span> <span class='ocrx_word' id='word_1_113' title='bbox 588 1096 639 1123; x_wconf 82' lang='lat' dir='ltr'>ex</span> <span class='ocrx_word' id='word_1_114' title='bbox 661 1082 778 1126; x_wconf 86' lang='lat' dir='ltr'>Italia</span> <span class='ocrx_word' id='word_1_115' title='bbox 810 1086 1006 1139; x_wconf 86' lang='lat' dir='ltr'>legionum</span> <span class='ocrx_word' id='word_1_116' title='bbox 1038 1085 1248 1125; x_wconf 87' lang='lat' dir='ltr'>aduentum</span> <span class='ocrx_word' id='word_1_117' title='bbox 1281 1091 1494 1138; x_wconf 83' lang='lat' dir='ltr'>expectare</span> <span class='ocrx_word' id='word_1_118' title='bbox 1517 1092 1555 1124; x_wconf 88' lang='lat' dir='ltr'>et</span> <span class='ocrx_word' id='word_1_119' title='bbox 1576 1084 1647 1125; x_wconf 91' lang='lat' dir='ltr'>sub</span> 
     </span>
     <span class='ocr_line' id='line_1_15' title="bbox 118 1147 1648 1206; baseline 0.002 -17"><span class='ocrx_word' id='word_1_120' title='bbox 118 1147 145 1189; x_wconf 83' lang='grc'><strong>6</strong></span> <span class='ocrx_word' id='word_1_121' title='bbox 166 1147 331 1202; x_wconf 89' lang='lat' dir='ltr'>pellibus</span> <span class='ocrx_word' id='word_1_122' title='bbox 356 1147 528 1190; x_wconf 86' lang='lat' dir='ltr'>hiemare</span> <span class='ocrx_word' id='word_1_123' title='bbox 551 1152 767 1192; x_wconf 88' lang='lat' dir='ltr'>constituit.</span> <span class='ocrx_word' id='word_1_124' title='bbox 812 1152 899 1193; x_wconf 89' lang='lat' dir='ltr'>Hoc</span> <span class='ocrx_word' id='word_1_125' title='bbox 921 1153 1021 1193; x_wconf 90' lang='lat' dir='ltr'>idem</span> <span class='ocrx_word' id='word_1_126' title='bbox 1039 1151 1248 1206; x_wconf 89' lang='lat' dir='ltr'>Pompeius</span> <span class='ocrx_word' id='word_1_127' title='bbox 1273 1152 1364 1192; x_wconf 85' lang='lat' dir='ltr'>fecit</span> <span class='ocrx_word' id='word_1_128' title='bbox 1386 1162 1425 1191; x_wconf 89' lang='lat' dir='ltr'>et</span> <span class='ocrx_word' id='word_1_129' title='bbox 1448 1159 1555 1192; x_wconf 89' lang='lat' dir='ltr'>trans</span> <span class='ocrx_word' id='word_1_130' title='bbox 1580 1152 1648 1192; x_wconf 83' lang='lat' dir='ltr'>ssu-</span> 
     </span>
     <span class='ocr_line' id='line_1_16' title="bbox 166 1215 1646 1273; baseline 0.003 -18"><span class='ocrx_word' id='word_1_131' title='bbox 166 1229 254 1255; x_wconf 89' lang='lat' dir='ltr'>men</span> <span class='ocrx_word' id='word_1_132' title='bbox 278 1215 427 1269; x_wconf 88' lang='lat' dir='ltr'>Apsum</span> <span class='ocrx_word' id='word_1_133' title='bbox 460 1218 594 1270; x_wconf 87' lang='lat' dir='ltr'>positis</span> <span class='ocrx_word' id='word_1_134' title='bbox 627 1220 768 1259; x_wconf 85' lang='lat' dir='ltr'>castris</span> <span class='ocrx_word' id='word_1_135' title='bbox 802 1233 847 1260; x_wconf 90' lang='lat' dir='ltr'>eo</span> <span class='ocrx_word' id='word_1_136' title='bbox 880 1221 1010 1273; x_wconf 88' lang='lat' dir='ltr'>copias</span> <span class='ocrx_word' id='word_1_137' title='bbox 1033 1234 1168 1260; x_wconf 89' lang='lat' dir='ltr'>omnes</span> <span class='ocrx_word' id='word_1_138' title='bbox 1191 1220 1419 1272; x_wconf 80' lang='lat' dir='ltr'>auxiliaque</span> <span class='ocrx_word' id='word_1_139' title='bbox 1442 1220 1646 1260; x_wconf 83' lang='lat' dir='ltr'>conduxit.</span> 
     </span>
     <span class='ocr_line' id='line_1_17' title="bbox 88 1281 1650 1340; baseline 0.001 -16"><span class='ocrx_word' id='word_1_140' title='bbox 88 1283 143 1328; x_wconf 75' lang='lat'>14</span> <span class='ocrx_word' id='word_1_141' title='bbox 168 1281 340 1324; x_wconf 75' lang='lat' dir='ltr'>Calenus</span> <span class='ocrx_word' id='word_1_142' title='bbox 372 1284 591 1336; x_wconf 83' lang='lat' dir='ltr'>legionibus</span> <span class='ocrx_word' id='word_1_143' title='bbox 622 1287 894 1340; x_wconf 83' lang='lat' dir='ltr'>equitibusque</span> <span class='ocrx_word' id='word_1_144' title='bbox 917 1286 1105 1327; x_wconf 87' lang='lat' dir='ltr'>Brundisi</span> <span class='ocrx_word' id='word_1_145' title='bbox 1138 1288 1176 1327; x_wconf 91' lang='lat' dir='ltr'>in</span> <span class='ocrx_word' id='word_1_146' title='bbox 1206 1300 1329 1326; x_wconf 88' lang='lat' dir='ltr'>naues</span> <span class='ocrx_word' id='word_1_147' title='bbox 1357 1286 1575 1339; x_wconf 81' lang='lat' dir='ltr'>impositis,</span> <span class='ocrx_word' id='word_1_148' title='bbox 1609 1294 1650 1327; x_wconf 92' lang='lat' dir='ltr'>ut</span> 
     </span>
     <span class='ocr_line' id='line_1_18' title="bbox 164 1351 1645 1408; baseline 0.003 -18"><span class='ocrx_word' id='word_1_149' title='bbox 164 1357 250 1391; x_wconf 87' lang='lat' dir='ltr'>erat</span> <span class='ocrx_word' id='word_1_150' title='bbox 271 1359 521 1405; x_wconf 85' lang='lat' dir='ltr'>praeceptum</span> <span class='ocrx_word' id='word_1_151' title='bbox 545 1367 565 1393; x_wconf 88' lang='lat' dir='ltr'>a</span> <span class='ocrx_word' id='word_1_152' title='bbox 589 1351 791 1405; x_wconf 83' lang='lat' dir='ltr'>Caesare,</span> <span class='ocrx_word' id='word_1_153' title='bbox 826 1363 1013 1408; x_wconf 89' lang='lat' dir='ltr'>quantum</span> <span class='ocrx_word' id='word_1_154' title='bbox 1038 1356 1193 1396; x_wconf 90' lang='lat' dir='ltr'>nauium</span> <span class='ocrx_word' id='word_1_155' title='bbox 1219 1355 1438 1395; x_wconf 77' lang='lat' dir='ltr'>facultatem</span> <span class='ocrx_word' id='word_1_156' title='bbox 1464 1354 1645 1405; x_wconf 85' lang='lat' dir='ltr'>babebat,</span> 
     </span>
     <span class='ocr_line' id='line_1_19' title="bbox 164 1419 1648 1478; baseline 0.004 -21"><span class='ocrx_word' id='word_1_157' title='bbox 164 1432 286 1459; x_wconf 87' lang='lat' dir='ltr'>naues</span> <span class='ocrx_word' id='word_1_158' title='bbox 309 1419 426 1459; x_wconf 89' lang='lat' dir='ltr'>soluit</span> <span class='ocrx_word' id='word_1_159' title='bbox 456 1421 691 1475; x_wconf 83' lang='lat' dir='ltr'>paulumque</span> <span class='ocrx_word' id='word_1_160' title='bbox 713 1437 733 1463; x_wconf 89' lang='lat' dir='ltr'>a</span> <span class='ocrx_word' id='word_1_161' title='bbox 757 1430 871 1477; x_wconf 88' lang='lat' dir='ltr'>portu</span> <span class='ocrx_word' id='word_1_162' title='bbox 903 1437 1136 1478; x_wconf 80' lang='lat' dir='ltr'>progressus</span> <span class='ocrx_word' id='word_1_163' title='bbox 1169 1424 1320 1464; x_wconf 81' lang='lat' dir='ltr'>litteras</span> <span class='ocrx_word' id='word_1_164' title='bbox 1343 1437 1363 1464; x_wconf 90' lang='lat' dir='ltr'>a</span> <span class='ocrx_word' id='word_1_165' title='bbox 1388 1420 1562 1463; x_wconf 81' lang='lat' dir='ltr'>Caesare</span> <span class='ocrx_word' id='word_1_166' title='bbox 1584 1437 1648 1463; x_wconf 88' lang='lat' dir='ltr'>ac-</span> 
     </span>
     <span class='ocr_line' id='line_1_20' title="bbox 163 1486 1649 1545; baseline 0.003 -20"><span class='ocrx_word' id='word_1_167' title='bbox 163 1486 278 1540; x_wconf 87' lang='lat' dir='ltr'>cipit,</span> <span class='ocrx_word' id='word_1_168' title='bbox 315 1487 453 1539; x_wconf 85' lang='lat' dir='ltr'>quibus</span> <span class='ocrx_word' id='word_1_169' title='bbox 489 1496 548 1530; x_wconf 88' lang='lat' dir='ltr'>est</span> <span class='ocrx_word' id='word_1_170' title='bbox 582 1492 730 1531; x_wconf 88' lang='lat' dir='ltr'>certior</span> <span class='ocrx_word' id='word_1_171' title='bbox 763 1493 888 1532; x_wconf 84' lang='lat' dir='ltr'>factus</span> <span class='ocrx_word' id='word_1_172' title='bbox 921 1499 1056 1545; x_wconf 90' lang='lat' dir='ltr'>portus</span> <span class='ocrx_word' id='word_1_173' title='bbox 1090 1492 1282 1545; x_wconf 81' lang='lat' dir='ltr'>litoraque</span> <span class='ocrx_word' id='word_1_174' title='bbox 1306 1491 1436 1532; x_wconf 85' lang='lat' dir='ltr'>omnia</span> <span class='ocrx_word' id='word_1_175' title='bbox 1459 1490 1649 1531; x_wconf 90' lang='lat' dir='ltr'>classibus</span> 
     </span>
    </p>
   </div>
   <div class='ocr_carea' id='block_1_3' title="bbox 1682 890 1722 923">
    <p class='ocr_par' dir='ltr' id='par_1_4' title="bbox 1682 890 1722 923">
     <span class='ocr_line' id='line_1_21' title="bbox 1682 890 1722 923; baseline 0 0"><span class='ocrx_word' id='word_1_176' title='bbox 1682 890 1722 923; x_wconf 87' lang='grc'>10</span> 
     </span>
    </p>
   </div>
   <div class='ocr_carea' id='block_1_4' title="bbox 1685 1227 1723 1260">
    <p class='ocr_par' dir='ltr' id='par_1_5' title="bbox 1685 1227 1723 1260">
     <span class='ocr_line' id='line_1_22' title="bbox 1685 1227 1723 1260; baseline -0.026 0"><span class='ocrx_word' id='word_1_177' title='bbox 1685 1227 1723 1260; x_wconf 85' lang='grc'>15</span> 
     </span>
    </p>
   </div>
   <div class='ocr_carea' id='block_1_5' title="bbox 114 1553 1723 1614">
    <p class='ocr_par' dir='ltr' id='par_1_6' title="bbox 114 1553 1723 1614">
     <span class='ocr_line' id='line_1_23' title="bbox 114 1553 1723 1614; baseline 0.002 -20"><span class='ocrx_word' id='word_1_178' title='bbox 114 1553 142 1594; x_wconf 80' lang='grc'>2</span> <span class='ocrx_word' id='word_1_179' title='bbox 164 1555 484 1596; x_wconf 85' lang='lat' dir='ltr'>aduersariorum</span> <span class='ocrx_word' id='word_1_180' title='bbox 509 1559 651 1598; x_wconf 87' lang='lat' dir='ltr'>teneri.</span> <span class='ocrx_word' id='word_1_181' title='bbox 697 1557 784 1611; x_wconf 86' lang='lat' dir='ltr'>Quo</span> <span class='ocrx_word' id='word_1_182' title='bbox 808 1561 965 1613; x_wconf 83' lang='lat' dir='ltr'>cognito</span> <span class='ocrx_word' id='word_1_183' title='bbox 988 1574 1031 1600; x_wconf 92' lang='lat' dir='ltr'>se</span> <span class='ocrx_word' id='word_1_184' title='bbox 1052 1561 1092 1600; x_wconf 90' lang='lat' dir='ltr'>iu</span> <span class='ocrx_word' id='word_1_185' title='bbox 1116 1568 1267 1614; x_wconf 89' lang='lat' dir='ltr'>portum</span> <span class='ocrx_word' id='word_1_186' title='bbox 1290 1560 1430 1613; x_wconf 86' lang='lat' dir='ltr'>recipit</span> <span class='ocrx_word' id='word_1_187' title='bbox 1451 1571 1651 1611; x_wconf 87' lang='lat' dir='ltr'>nauesque</span> <span class='ocrx_word' id='word_1_188' title='bbox 1680 1565 1723 1599; x_wconf 81' lang='lat'>20</span> 
     </span>
    </p>
   </div>
   <div class='ocr_carea' id='block_1_6' title="bbox 84 1624 1648 2089">
    <p class='ocr_par' dir='ltr' id='par_1_7' title="bbox 163 1624 1648 1682">
     <span class='ocr_line' id='line_1_24' title="bbox 163 1624 1648 1682; baseline 0.003 -21"><span class='ocrx_word' id='word_1_189' title='bbox 163 1636 299 1663; x_wconf 88' lang='lat' dir='ltr'>omnes</span> <span class='ocrx_word' id='word_1_190' title='bbox 322 1631 500 1664; x_wconf 85' lang='lat' dir='ltr'>reuocat.</span> <span class='ocrx_word' id='word_1_191' title='bbox 544 1625 631 1667; x_wconf 78' lang='lat' dir='ltr'>Vna</span> <span class='ocrx_word' id='word_1_192' title='bbox 655 1641 704 1667; x_wconf 81' lang='lat' dir='ltr'>cx</span> <span class='ocrx_word' id='word_1_193' title='bbox 730 1628 803 1678; x_wconf 88' lang='lat' dir='ltr'>his,</span> <span class='ocrx_word' id='word_1_194' title='bbox 830 1642 927 1681; x_wconf 86' lang='lat' dir='ltr'>quae</span> <span class='ocrx_word' id='word_1_195' title='bbox 951 1629 1223 1682; x_wconf 82' lang='lat' dir='ltr'>perseuerauit</span> <span class='ocrx_word' id='word_1_196' title='bbox 1245 1642 1369 1680; x_wconf 83' lang='lat' dir='ltr'>neque</span> <span class='ocrx_word' id='word_1_197' title='bbox 1392 1627 1556 1680; x_wconf 86' lang='lat' dir='ltr'>imperio</span> <span class='ocrx_word' id='word_1_198' title='bbox 1570 1624 1648 1666; x_wconf 87' lang='lat' dir='ltr'>Ca-</span> 
     </span>
    </p>

    <p class='ocr_par' dir='ltr' id='par_1_8' title="bbox 162 1690 1646 1749">
     <span class='ocr_line' id='line_1_25' title="bbox 162 1690 1646 1749; baseline 0.003 -20"><span class='ocrx_word' id='word_1_199' title='bbox 162 1690 240 1730; x_wconf 88' lang='lat' dir='ltr'>leni</span> <span class='ocrx_word' id='word_1_200' title='bbox 264 1694 564 1746; x_wconf 85' lang='lat' dir='ltr'>optemperauit,</span> <span class='ocrx_word' id='word_1_201' title='bbox 590 1696 689 1747; x_wconf 88' lang='lat' dir='ltr'>quod</span> <span class='ocrx_word' id='word_1_202' title='bbox 713 1703 797 1735; x_wconf 86' lang='lat' dir='ltr'>erat</span> <span class='ocrx_word' id='word_1_203' title='bbox 819 1696 905 1737; x_wconf 89' lang='lat' dir='ltr'>sine</span> <span class='ocrx_word' id='word_1_204' title='bbox 928 1696 1114 1736; x_wconf 87' lang='lat' dir='ltr'>militibus</span> <span class='ocrx_word' id='word_1_205' title='bbox 1138 1696 1370 1749; x_wconf 85' lang='lat' dir='ltr'>priuatoque</span> <span class='ocrx_word' id='word_1_206' title='bbox 1394 1694 1557 1734; x_wconf 83' lang='lat' dir='ltr'>consilio</span> <span class='ocrx_word' id='word_1_207' title='bbox 1579 1694 1646 1734; x_wconf 81' lang='lat' dir='ltr'>ad-</span> 
     </span>
    </p>

    <p class='ocr_par' dir='ltr' id='par_1_9' title="bbox 114 1757 1647 1817">
     <span class='ocr_line' id='line_1_26' title="bbox 114 1757 1647 1817; baseline 0.003 -20"><span class='ocrx_word' id='word_1_208' title='bbox 114 1757 139 1798; x_wconf 88' lang='lat'><strong>3</strong></span> <span class='ocrx_word' id='word_1_209' title='bbox 163 1759 461 1800; x_wconf 81' lang='lat' dir='ltr'>ministrabatur</span> <span class='ocrx_word' id='word_1_210' title='bbox 478 1792 487 1809; x_wconf 81' lang='lat'>‚</span> <span class='ocrx_word' id='word_1_211' title='bbox 523 1762 648 1803; x_wconf 85' lang='lat' dir='ltr'>delata</span> <span class='ocrx_word' id='word_1_212' title='bbox 673 1761 834 1804; x_wconf 88' lang='lat' dir='ltr'>Oricum</span> <span class='ocrx_word' id='word_1_213' title='bbox 867 1771 982 1817; x_wconf 87' lang='lat' dir='ltr'>atque</span> <span class='ocrx_word' id='word_1_214' title='bbox 1004 1779 1024 1804; x_wconf 87' lang='lat' dir='ltr'>a</span> <span class='ocrx_word' id='word_1_215' title='bbox 1048 1762 1189 1804; x_wconf 90' lang='lat' dir='ltr'>Bibulo</span> <span class='ocrx_word' id='word_1_216' title='bbox 1213 1769 1437 1816; x_wconf 75' lang='lat' dir='ltr'>expugnata</span> <span class='ocrx_word' id='word_1_217' title='bbox 1461 1769 1545 1810; x_wconf 82' lang='lat' dir='ltr'>est3</span> <span class='ocrx_word' id='word_1_218' title='bbox 1581 1762 1647 1814; x_wconf 91' lang='lat' dir='ltr'>qui</span> 
     </span>
    </p>

    <p class='ocr_par' dir='ltr' id='par_1_10' title="bbox 162 1825 1647 1886">
     <span class='ocr_line' id='line_1_27' title="bbox 162 1825 1647 1886; baseline 0.002 -21"><span class='ocrx_word' id='word_1_219' title='bbox 162 1825 209 1866; x_wconf 85' lang='lat' dir='ltr'>de</span> <span class='ocrx_word' id='word_1_220' title='bbox 230 1828 360 1868; x_wconf 89' lang='lat' dir='ltr'>seruis</span> <span class='ocrx_word' id='word_1_221' title='bbox 383 1829 596 1882; x_wconf 86' lang='lat' dir='ltr'>liberisque</span> <span class='ocrx_word' id='word_1_222' title='bbox 630 1831 808 1871; x_wconf 90' lang='lat' dir='ltr'>omnibus</span> <span class='ocrx_word' id='word_1_223' title='bbox 831 1832 877 1871; x_wconf 85' lang='lat' dir='ltr'>ad</span> <span class='ocrx_word' id='word_1_224' title='bbox 902 1831 1122 1886; x_wconf 84' lang='lat' dir='ltr'>impuberes</span> <span class='ocrx_word' id='word_1_225' title='bbox 1145 1831 1374 1884; x_wconf 81' lang='lat' dir='ltr'>supplicium</span> <span class='ocrx_word' id='word_1_226' title='bbox 1398 1830 1517 1871; x_wconf 90' lang='lat' dir='ltr'>sumit</span> <span class='ocrx_word' id='word_1_227' title='bbox 1539 1836 1577 1869; x_wconf 89' lang='lat' dir='ltr'>et</span> <span class='ocrx_word' id='word_1_228' title='bbox 1599 1829 1647 1868; x_wconf 88' lang='lat' dir='ltr'>ad</span> 
     </span>
    </p>

    <p class='ocr_par' dir='ltr' id='par_1_11' title="bbox 162 1896 1648 2006">
     <span class='ocr_line' id='line_1_28' title="bbox 163 1896 1648 1954; baseline 0.002 -21"><span class='ocrx_word' id='word_1_229' title='bbox 163 1908 278 1934; x_wconf 88' lang='lat' dir='ltr'>unum</span> <span class='ocrx_word' id='word_1_230' title='bbox 302 1896 502 1937; x_wconf 87' lang='lat' dir='ltr'>interficit.</span> <span class='ocrx_word' id='word_1_231' title='bbox 547 1896 610 1938; x_wconf 84' lang='lat' dir='ltr'>Ita</span> <span class='ocrx_word' id='word_1_232' title='bbox 641 1899 787 1952; x_wconf 84' lang='lat' dir='ltr'>exiguo</span> <span class='ocrx_word' id='word_1_233' title='bbox 818 1906 994 1953; x_wconf 89' lang='lat' dir='ltr'>tempore</span> <span class='ocrx_word' id='word_1_234' title='bbox 1026 1913 1244 1954; x_wconf 81' lang='lat' dir='ltr'>magnoque</span> <span class='ocrx_word' id='word_1_235' title='bbox 1274 1913 1368 1939; x_wconf 85' lang='lat' dir='ltr'>casu</span> <span class='ocrx_word' id='word_1_236' title='bbox 1394 1898 1509 1938; x_wconf 88' lang='lat' dir='ltr'>totius</span> <span class='ocrx_word' id='word_1_237' title='bbox 1532 1910 1648 1937; x_wconf 82' lang='lat' dir='ltr'>exer-</span> 
     </span>
     <span class='ocr_line' id='line_1_29' title="bbox 162 1962 610 2006; baseline 0.009 -4"><span class='ocrx_word' id='word_1_238' title='bbox 162 1962 262 2003; x_wconf 86' lang='lat' dir='ltr'>citus</span> <span class='ocrx_word' id='word_1_239' title='bbox 285 1964 391 2004; x_wconf 88' lang='lat' dir='ltr'>salus</span> <span class='ocrx_word' id='word_1_240' title='bbox 419 1966 610 2006; x_wconf 85' lang='lat' dir='ltr'>constitit.</span> 
     </span>
    </p>

    <p class='ocr_par' dir='ltr' id='par_1_12' title="bbox 84 2028 1647 2089">
     <span class='ocr_line' id='line_1_30' title="bbox 84 2028 1647 2089; baseline -0.001 -16"><span class='ocrx_word' id='word_1_241' title='bbox 84 2029 138 2073; x_wconf 84' lang='lat'>15</span> <span class='ocrx_word' id='word_1_242' title='bbox 272 2028 453 2084; x_wconf 83' lang='lat' dir='ltr'>Bibulus,</span> <span class='ocrx_word' id='word_1_243' title='bbox 480 2041 521 2074; x_wconf 87' lang='lat' dir='ltr'>ut</span> <span class='ocrx_word' id='word_1_244' title='bbox 541 2048 656 2089; x_wconf 87' lang='lat' dir='ltr'>supra</span> <span class='ocrx_word' id='word_1_245' title='bbox 682 2035 988 2076; x_wconf 86' lang='lat' dir='ltr'>demonstratum</span> <span class='ocrx_word' id='word_1_246' title='bbox 1013 2043 1096 2086; x_wconf 87' lang='lat' dir='ltr'>est,</span> <span class='ocrx_word' id='word_1_247' title='bbox 1123 2043 1207 2077; x_wconf 88' lang='lat' dir='ltr'>erat</span> <span class='ocrx_word' id='word_1_248' title='bbox 1229 2050 1314 2076; x_wconf 88' lang='lat' dir='ltr'>cum</span> <span class='ocrx_word' id='word_1_249' title='bbox 1338 2035 1463 2076; x_wconf 85' lang='lat' dir='ltr'>classe</span> <span class='ocrx_word' id='word_1_250' title='bbox 1485 2034 1532 2073; x_wconf 86' lang='lat' dir='ltr'>ad</span> <span class='ocrx_word' id='word_1_251' title='bbox 1555 2030 1647 2073; x_wconf 90' lang='lat' dir='ltr'>Ori-</span> 
     </span>
    </p>
   </div>
   <div class='ocr_carea' id='block_1_7' title="bbox 160 2135 1647 2899">
    <p class='ocr_par' dir='ltr' id='par_1_13' title="bbox 160 2135 1647 2899">
     <span class='ocr_line' id='line_1_31' title="bbox 308 2135 1646 2179; baseline 0 -12"><span class='ocrx_word' id='word_1_252' title='bbox 308 2136 319 2168; x_wconf 82' lang='lat'>1</span> <span class='ocrx_word' id='word_1_253' title='bbox 344 2141 528 2179; x_wconf 81' lang='lat' dir='ltr'>tantusque</span> <span class='ocrx_word' id='word_1_254' title='bbox 547 2148 566 2169; x_wconf 91' lang='grc' dir='ltr'><em>α</em></span> <span class='ocrx_word' id='word_1_255' title='bbox 582 2149 597 2169; x_wconf 83' lang='lat' dir='ltr'>e</span> <span class='ocrx_word' id='word_1_256' title='bbox 618 2139 634 2171; x_wconf 85' lang='lat'>5</span> <span class='ocrx_word' id='word_1_257' title='bbox 655 2139 760 2179; x_wconf 57' lang='lat' dir='ltr'>dest„</span> <span class='ocrx_word' id='word_1_258' title='bbox 783 2144 897 2171; x_wconf 77' lang='lat' dir='ltr'>tantus</span> <span class='ocrx_word' id='word_1_259' title='bbox 917 2151 951 2172; x_wconf 86' lang='grc' dir='ltr'>ιι.</span> <span class='ocrx_word' id='word_1_260' title='bbox 1093 2140 1165 2172; x_wconf 81' lang='lat' dir='ltr'>eius</span> <span class='ocrx_word' id='word_1_261' title='bbox 1185 2138 1359 2171; x_wconf 80' lang='lat' dir='ltr'>exercitus</span> <span class='ocrx_word' id='word_1_262' title='bbox 1379 2149 1399 2169; x_wconf 83' lang='lat' dir='ltr'>a</span> <span class='ocrx_word' id='word_1_263' title='bbox 1414 2139 1443 2178; x_wconf 80' lang='lat' dir='ltr'>b,</span> <span class='ocrx_word' id='word_1_264' title='bbox 1468 2138 1498 2168; x_wconf 87' lang='lat' dir='ltr'>ei</span> <span class='ocrx_word' id='word_1_265' title='bbox 1518 2135 1646 2168; x_wconf 80' lang='lat' dir='ltr'>exerci-</span> 
     </span>
     <span class='ocr_line' id='line_1_32' title="bbox 161 2188 1503 2232; baseline 0.004 -15"><span class='ocrx_word' id='word_1_266' title='bbox 161 2188 214 2217; x_wconf 81' lang='lat' dir='ltr'>tus</span> <span class='ocrx_word' id='word_1_267' title='bbox 235 2198 263 2218; x_wconf 81' lang='lat' dir='ltr'>e.</span> <span class='ocrx_word' id='word_1_268' title='bbox 405 2190 425 2222; x_wconf 83' lang='lat'><strong>2</strong></span> <span class='ocrx_word' id='word_1_269' title='bbox 443 2200 526 2231; x_wconf 88' lang='lat' dir='ltr'>pene</span> <span class='ocrx_word' id='word_1_270' title='bbox 546 2200 579 2222; x_wconf 83' lang='lat' dir='ltr'>a.</span> <span class='ocrx_word' id='word_1_271' title='bbox 728 2202 769 2223; x_wconf 83' lang='lat' dir='ltr'>ex</span> <span class='ocrx_word' id='word_1_272' title='bbox 789 2193 960 2231; x_wconf 71' lang='lat' dir='ltr'>len-inias,</span> <span class='ocrx_word' id='word_1_273' title='bbox 983 2193 1014 2223; x_wconf 91' lang='lat' dir='ltr'>in</span> <span class='ocrx_word' id='word_1_274' title='bbox 1035 2192 1136 2224; x_wconf 81' lang='lat' dir='ltr'>codd.</span> <span class='ocrx_word' id='word_1_275' title='bbox 1301 2192 1319 2223; x_wconf 89' lang='grc'>3</span> <span class='ocrx_word' id='word_1_276' title='bbox 1340 2190 1450 2232; x_wconf 68' lang='lat' dir='ltr'>Epyro</span> <span class='ocrx_word' id='word_1_277' title='bbox 1469 2199 1503 2220; x_wconf 85' lang='grc' dir='ltr'>α.</span> 
     </span>
     <span class='ocr_line' id='line_1_33' title="bbox 161 2238 1643 2283; baseline 0.001 -15"><span class='ocrx_word' id='word_1_278' title='bbox 161 2238 351 2280; x_wconf 84' lang='lat' dir='ltr'>reliquerat</span> <span class='ocrx_word' id='word_1_279' title='bbox 370 2250 446 2271; x_wconf 75' lang='lat' dir='ltr'>cum</span> <span class='ocrx_word' id='word_1_280' title='bbox 468 2251 507 2272; x_wconf 90' lang='lat' dir='ltr'>en</span> <span class='ocrx_word' id='word_1_281' title='bbox 527 2252 633 2283; x_wconf 75' lang='lat' dir='ltr'>supet·</span> <span class='ocrx_word' id='word_1_282' title='bbox 651 2252 669 2274; x_wconf 84' lang='lat' dir='ltr'>a</span> <span class='ocrx_word' id='word_1_283' title='bbox 688 2253 722 2274; x_wconf 87' lang='grc' dir='ltr'>α.</span> <span class='ocrx_word' id='word_1_284' title='bbox 863 2244 882 2275; x_wconf 76' lang='grc'>4</span> <span class='ocrx_word' id='word_1_285' title='bbox 903 2243 1114 2274; x_wconf 77' lang='lat' dir='ltr'>Dii-rachium</span> <span class='ocrx_word' id='word_1_286' title='bbox 1135 2253 1166 2273; x_wconf 74' lang='grc' dir='ltr'>(ι.</span> <span class='ocrx_word' id='word_1_287' title='bbox 1318 2243 1334 2272; x_wconf 84' lang='grc'><strong>5</strong></span> <span class='ocrx_word' id='word_1_288' title='bbox 1355 2239 1593 2272; x_wconf 85' lang='lat' dir='ltr'>constituisset</span> <span class='ocrx_word' id='word_1_289' title='bbox 1611 2249 1643 2270; x_wconf 83' lang='lat' dir='ltr'>a.</span> 
     </span>
     <span class='ocr_line' id='line_1_34' title="bbox 306 2290 1647 2333; baseline -0.001 -11"><span class='ocrx_word' id='word_1_290' title='bbox 306 2290 323 2321; x_wconf 84' lang='lat'>7</span> <span class='ocrx_word' id='word_1_291' title='bbox 344 2301 587 2333; x_wconf 85' lang='lat' dir='ltr'>quemcumque</span> <span class='ocrx_word' id='word_1_292' title='bbox 608 2293 672 2333; x_wconf 79' lang='lat' dir='ltr'>(a).</span> <span class='ocrx_word' id='word_1_293' title='bbox 814 2294 833 2325; x_wconf 85' lang='grc'><strong>8</strong></span> <span class='ocrx_word' id='word_1_294' title='bbox 853 2295 979 2326; x_wconf 86' lang='lat' dir='ltr'>tribuni</span> <span class='ocrx_word' id='word_1_295' title='bbox 998 2305 1017 2325; x_wconf 82' lang='grc' dir='ltr'>(ι</span> <span class='ocrx_word' id='word_1_296' title='bbox 1034 2295 1062 2333; x_wconf 81' lang='lat' dir='ltr'>b,</span> <span class='ocrx_word' id='word_1_297' title='bbox 1087 2295 1145 2325; x_wconf 81' lang='lat' dir='ltr'>bos</span> <span class='ocrx_word' id='word_1_298' title='bbox 1165 2293 1290 2324; x_wconf 87' lang='lat' dir='ltr'>tribuni</span> <span class='ocrx_word' id='word_1_299' title='bbox 1311 2302 1343 2323; x_wconf 76' lang='lat' dir='ltr'>u.</span> <span class='ocrx_word' id='word_1_300' title='bbox 1486 2292 1504 2322; x_wconf 79' lang='lat'>9</span> <span class='ocrx_word' id='word_1_301' title='bbox 1525 2301 1647 2321; x_wconf 84' lang='lat' dir='ltr'>secun-</span> 
     </span>
     <span class='ocr_line' id='line_1_35' title="bbox 162 2340 1644 2385; baseline 0 -13"><span class='ocrx_word' id='word_1_302' title='bbox 162 2345 217 2372; x_wconf 82' lang='lat' dir='ltr'>tur</span> <span class='ocrx_word' id='word_1_303' title='bbox 234 2352 268 2373; x_wconf 89' lang='grc' dir='ltr'>α.</span> <span class='ocrx_word' id='word_1_304' title='bbox 437 2343 475 2374; x_wconf 87' lang='lat'>10</span> <span class='ocrx_word' id='word_1_305' title='bbox 495 2349 745 2385; x_wconf 86' lang='lat' dir='ltr'>praeoccupato</span> <span class='ocrx_word' id='word_1_306' title='bbox 765 2345 877 2376; x_wconf 76' lang='lat' dir='ltr'>Aldus</span> <span class='ocrx_word' id='word_1_307' title='bbox 896 2356 1001 2384; x_wconf 77' lang='lat' dir='ltr'>nepos</span> <span class='ocrx_word' id='word_1_308' title='bbox 1020 2348 1066 2385; x_wconf 70' lang='lat' dir='ltr'>et,</span> <span class='ocrx_word' id='word_1_309' title='bbox 1092 2346 1136 2375; x_wconf 75' lang='lat' dir='ltr'>‘se&#39;</span> <span class='ocrx_word' id='word_1_310' title='bbox 1153 2343 1436 2385; x_wconf 34' lang='lat' dir='ltr'>elz-eerplz&#39;sfitles</span> <span class='ocrx_word' id='word_1_311' title='bbox 1455 2340 1644 2381; x_wconf 77' lang='lat' dir='ltr'>habenda&#39;,</span> 
     </span>
     <span class='ocr_line' id='line_1_36' title="bbox 161 2394 1643 2439; baseline 0.002 -16"><span class='ocrx_word' id='word_1_312' title='bbox 161 2404 199 2433; x_wconf 73' lang='lat' dir='ltr'>e,-</span> <span class='ocrx_word' id='word_1_313' title='bbox 221 2394 394 2435; x_wconf 69' lang='lat' dir='ltr'>praefecto</span> <span class='ocrx_word' id='word_1_314' title='bbox 423 2402 586 2437; x_wconf 82' lang='lat' dir='ltr'>occupato</span> <span class='ocrx_word' id='word_1_315' title='bbox 613 2398 666 2428; x_wconf 84' lang='lat' dir='ltr'>ab</span> <span class='ocrx_word' id='word_1_316' title='bbox 694 2400 748 2437; x_wconf 78' lang='lat' dir='ltr'>et,</span> <span class='ocrx_word' id='word_1_317' title='bbox 779 2400 843 2438; x_wconf 69' lang='lat' dir='ltr'>qui</span> <span class='ocrx_word' id='word_1_318' title='bbox 866 2397 1020 2439; x_wconf 75' lang='lat' dir='ltr'>profecto</span> <span class='ocrx_word' id='word_1_319' title='bbox 1047 2398 1105 2428; x_wconf 76' lang='lat' dir='ltr'>uel</span> <span class='ocrx_word' id='word_1_320' title='bbox 1130 2396 1304 2439; x_wconf 69' lang='lat' dir='ltr'>perfecto,</span> <span class='ocrx_word' id='word_1_321' title='bbox 1331 2396 1471 2436; x_wconf 72' lang='lat' dir='ltr'>reliqui.</span> <span class='ocrx_word' id='word_1_322' title='bbox 1503 2396 1542 2426; x_wconf 89' lang='lat' dir='ltr'>P.</span> <span class='ocrx_word' id='word_1_323' title='bbox 1570 2396 1643 2427; x_wconf 80' lang='lat'>175.</span> 
     </span>
     <span class='ocr_line' id='line_1_37' title="bbox 306 2444 1647 2489; baseline 0.001 -15"><span class='ocrx_word' id='word_1_324' title='bbox 306 2444 530 2487; x_wconf 76' lang='lat' dir='ltr'>Dirraeliyum</span> <span class='ocrx_word' id='word_1_325' title='bbox 550 2457 584 2478; x_wconf 82' lang='lat' dir='ltr'>a.</span> <span class='ocrx_word' id='word_1_326' title='bbox 728 2448 763 2479; x_wconf 84' lang='lat'>11</span> <span class='ocrx_word' id='word_1_327' title='bbox 787 2448 913 2489; x_wconf 80' lang='lat' dir='ltr'>Apsum</span> <span class='ocrx_word' id='word_1_328' title='bbox 932 2448 1069 2483; x_wconf 75' lang='lat' dir='ltr'>Aldus,-</span> <span class='ocrx_word' id='word_1_329' title='bbox 1092 2447 1205 2478; x_wconf 85' lang='lat' dir='ltr'>Habus</span> <span class='ocrx_word' id='word_1_330' title='bbox 1225 2447 1287 2478; x_wconf 84' lang='lat' dir='ltr'>sul)</span> <span class='ocrx_word' id='word_1_331' title='bbox 1307 2457 1327 2478; x_wconf 86' lang='grc' dir='ltr'><em>α</em></span> <span class='ocrx_word' id='word_1_332' title='bbox 1346 2450 1381 2477; x_wconf 79' lang='lat' dir='ltr'>et</span> <span class='ocrx_word' id='word_1_333' title='bbox 1399 2449 1449 2477; x_wconf 55' lang='lat' dir='ltr'>sse</span> <span class='ocrx_word' id='word_1_334' title='bbox 1470 2446 1540 2477; x_wconf 73' lang='lat' dir='ltr'>‘uel</span> <span class='ocrx_word' id='word_1_335' title='bbox 1556 2445 1647 2476; x_wconf 71' lang='lat' dir='ltr'>Alius</span> 
     </span>
     <span class='ocr_line' id='line_1_38' title="bbox 163 2495 1643 2540; baseline 0 -14"><span class='ocrx_word' id='word_1_336' title='bbox 163 2495 224 2526; x_wconf 93' lang='lat' dir='ltr'>sub</span> <span class='ocrx_word' id='word_1_337' title='bbox 244 2505 340 2535; x_wconf 58' lang='lat' dir='ltr'>mss„</span> <span class='ocrx_word' id='word_1_338' title='bbox 363 2496 433 2526; x_wconf 70' lang='lat' dir='ltr'>alii</span> <span class='ocrx_word' id='word_1_339' title='bbox 449 2495 597 2538; x_wconf 82' lang='lat' dir='ltr'>Tapsum</span> <span class='ocrx_word' id='word_1_340' title='bbox 618 2498 676 2528; x_wconf 77' lang='lat' dir='ltr'>uel</span> <span class='ocrx_word' id='word_1_341' title='bbox 694 2497 892 2539; x_wconf 82' lang='lat' dir='ltr'>Thapsum’.</span> <span class='ocrx_word' id='word_1_342' title='bbox 1024 2497 1070 2539; x_wconf 84' lang='lat' dir='ltr'>in]</span> <span class='ocrx_word' id='word_1_343' title='bbox 1090 2503 1164 2529; x_wconf 86' lang='lat' dir='ltr'>uta</span> <span class='ocrx_word' id='word_1_344' title='bbox 1179 2499 1208 2528; x_wconf 86' lang='lat' dir='ltr'>b.</span> <span class='ocrx_word' id='word_1_345' title='bbox 1356 2498 1392 2529; x_wconf 70' lang='lat'>12</span> <span class='ocrx_word' id='word_1_346' title='bbox 1404 2497 1643 2540; x_wconf 80' lang='lat' dir='ltr'>praesidioque</span> 
     </span>
     <span class='ocr_line' id='line_1_39' title="bbox 161 2546 1646 2590; baseline -0.001 -13"><span class='ocrx_word' id='word_1_347' title='bbox 161 2546 207 2577; x_wconf 89' lang='lat' dir='ltr'>ibi</span> <span class='ocrx_word' id='word_1_348' title='bbox 227 2556 265 2577; x_wconf 80' lang='lat' dir='ltr'>c.-</span> <span class='ocrx_word' id='word_1_349' title='bbox 287 2546 457 2588; x_wconf 83' lang='lat' dir='ltr'>praesidio</span> <span class='ocrx_word' id='word_1_350' title='bbox 479 2547 616 2578; x_wconf 69' lang='lat' dir='ltr'>delenit</span> <span class='ocrx_word' id='word_1_351' title='bbox 633 2549 672 2579; x_wconf 86' lang='grc' dir='ltr'>Ρ.</span> <span class='ocrx_word' id='word_1_352' title='bbox 693 2548 893 2580; x_wconf 76' lang='lat' dir='ltr'>leznlz&#39;els.</span> <span class='ocrx_word' id='word_1_353' title='bbox 1054 2549 1092 2580; x_wconf 80' lang='lat'>13</span> <span class='ocrx_word' id='word_1_354' title='bbox 1113 2553 1291 2590; x_wconf 79' lang='lat' dir='ltr'>expectare</span> <span class='ocrx_word' id='word_1_355' title='bbox 1311 2558 1344 2580; x_wconf 87' lang='grc' dir='ltr'>α.</span> <span class='ocrx_word' id='word_1_356' title='bbox 1508 2548 1546 2580; x_wconf 67' lang='lat' dir='ltr'>l&#39;}</span> <span class='ocrx_word' id='word_1_357' title='bbox 1566 2547 1646 2589; x_wconf 56' lang='lat' dir='ltr'>hye-</span> 
     </span>
     <span class='ocr_line' id='line_1_40' title="bbox 160 2598 1646 2641; baseline 0.001 -12"><span class='ocrx_word' id='word_1_358' title='bbox 160 2608 252 2629; x_wconf 82' lang='lat' dir='ltr'>mare</span> <span class='ocrx_word' id='word_1_359' title='bbox 272 2609 305 2629; x_wconf 88' lang='grc' dir='ltr'>α.</span> <span class='ocrx_word' id='word_1_360' title='bbox 451 2598 486 2630; x_wconf 78' lang='lat'>15</span> <span class='ocrx_word' id='word_1_361' title='bbox 506 2598 677 2640; x_wconf 75' lang='lat' dir='ltr'>Thapsum</span> <span class='ocrx_word' id='word_1_362' title='bbox 697 2610 717 2631; x_wconf 82' lang='lat' dir='ltr'><em>a</em></span> <span class='ocrx_word' id='word_1_363' title='bbox 739 2599 847 2631; x_wconf 54' lang='lat' dir='ltr'>‘mssa’</span> <span class='ocrx_word' id='word_1_364' title='bbox 992 2601 1028 2632; x_wconf 73' lang='lat'>16</span> <span class='ocrx_word' id='word_1_365' title='bbox 1044 2599 1191 2632; x_wconf 68' lang='lat' dir='ltr'>lialenus</span> <span class='ocrx_word' id='word_1_366' title='bbox 1212 2602 1270 2631; x_wconf 71' lang='lat' dir='ltr'>hic</span> <span class='ocrx_word' id='word_1_367' title='bbox 1288 2604 1322 2631; x_wconf 71' lang='lat' dir='ltr'>et</span> <span class='ocrx_word' id='word_1_368' title='bbox 1339 2601 1501 2641; x_wconf 67' lang='lat' dir='ltr'>(let&#39;neeps</span> <span class='ocrx_word' id='word_1_369' title='bbox 1521 2603 1646 2631; x_wconf 80' lang='lat' dir='ltr'>ronlra</span> 
     </span>
     <span class='ocr_line' id='line_1_41' title="bbox 162 2649 1646 2694; baseline 0.001 -14"><span class='ocrx_word' id='word_1_370' title='bbox 162 2649 262 2681; x_wconf 78' lang='lat' dir='ltr'>codd.</span> <span class='ocrx_word' id='word_1_371' title='bbox 283 2660 317 2680; x_wconf 77' lang='lat' dir='ltr'>u.</span> <span class='ocrx_word' id='word_1_372' title='bbox 460 2649 619 2681; x_wconf 87' lang='lat' dir='ltr'>Brundisi</span> <span class='ocrx_word' id='word_1_373' title='bbox 639 2661 671 2681; x_wconf 82' lang='grc' dir='ltr'>α.</span> <span class='ocrx_word' id='word_1_374' title='bbox 838 2652 874 2684; x_wconf 76' lang='grc'>18</span> <span class='ocrx_word' id='word_1_375' title='bbox 894 2661 913 2682; x_wconf 86' lang='lat' dir='ltr'>a</span> <span class='ocrx_word' id='word_1_376' title='bbox 931 2656 1029 2693; x_wconf 89' lang='lat' dir='ltr'>portu</span> <span class='ocrx_word' id='word_1_377' title='bbox 1048 2662 1250 2694; x_wconf 68' lang='lat' dir='ltr'>progressus</span> <span class='ocrx_word' id='word_1_378' title='bbox 1270 2662 1290 2682; x_wconf 80' lang='lat' dir='ltr'>a</span> <span class='ocrx_word' id='word_1_379' title='bbox 1311 2652 1388 2683; x_wconf 70' lang='lat' dir='ltr'>edd.</span> <span class='ocrx_word' id='word_1_380' title='bbox 1411 2655 1492 2683; x_wconf 72' lang='lat' dir='ltr'>unte</span> <span class='ocrx_word' id='word_1_381' title='bbox 1512 2662 1533 2683; x_wconf 72' lang='lat' dir='ltr'>a</span> <span class='ocrx_word' id='word_1_382' title='bbox 1555 2652 1646 2682; x_wconf 75' lang='lat' dir='ltr'>‘con-</span> 
     </span>
     <span class='ocr_line' id='line_1_42' title="bbox 162 2700 1645 2745; baseline 0 -13"><span class='ocrx_word' id='word_1_383' title='bbox 162 2705 218 2732; x_wconf 74' lang='lat' dir='ltr'>tra</span> <span class='ocrx_word' id='word_1_384' title='bbox 238 2711 322 2732; x_wconf 80' lang='lat' dir='ltr'>mss.</span> <span class='ocrx_word' id='word_1_385' title='bbox 343 2700 557 2740; x_wconf 74' lang='lat' dir='ltr'>ordt&#39;nem&#39;?‚</span> <span class='ocrx_word' id='word_1_386' title='bbox 581 2712 782 2743; x_wconf 85' lang='lat' dir='ltr'>progressus</span> <span class='ocrx_word' id='word_1_387' title='bbox 802 2712 818 2733; x_wconf 86' lang='lat' dir='ltr'>a</span> <span class='ocrx_word' id='word_1_388' title='bbox 840 2708 938 2744; x_wconf 88' lang='lat' dir='ltr'>portu</span> <span class='ocrx_word' id='word_1_389' title='bbox 958 2713 990 2733; x_wconf 76' lang='grc' dir='ltr'>ιι.</span> <span class='ocrx_word' id='word_1_390' title='bbox 1136 2704 1174 2736; x_wconf 75' lang='grc'>19</span> <span class='ocrx_word' id='word_1_391' title='bbox 1195 2708 1324 2735; x_wconf 72' lang='lat' dir='ltr'>estom.</span> <span class='ocrx_word' id='word_1_392' title='bbox 1341 2704 1370 2735; x_wconf 90' lang='lat' dir='ltr'>b.</span> <span class='ocrx_word' id='word_1_393' title='bbox 1513 2707 1645 2745; x_wconf 84' lang='lat' dir='ltr'>portum</span> 
     </span>
     <span class='ocr_line' id='line_1_43' title="bbox 161 2753 1642 2797; baseline 0.001 -13"><span class='ocrx_word' id='word_1_394' title='bbox 161 2763 182 2784; x_wconf 83' lang='grc' dir='ltr'><em>α</em></span> <span class='ocrx_word' id='word_1_395' title='bbox 200 2753 229 2784; x_wconf 85' lang='lat' dir='ltr'>b.</span> <span class='ocrx_word' id='word_1_396' title='bbox 370 2753 413 2787; x_wconf 81' lang='lat'>20</span> <span class='ocrx_word' id='word_1_397' title='bbox 433 2753 563 2795; x_wconf 87' lang='lat' dir='ltr'>recepit</span> <span class='ocrx_word' id='word_1_398' title='bbox 582 2753 613 2784; x_wconf 86' lang='lat' dir='ltr'>b.</span> <span class='ocrx_word' id='word_1_399' title='bbox 754 2754 793 2785; x_wconf 79' lang='lat'>21</span> <span class='ocrx_word' id='word_1_400' title='bbox 815 2764 930 2785; x_wconf 89' lang='lat' dir='ltr'>omnes</span> <span class='ocrx_word' id='word_1_401' title='bbox 950 2765 1017 2787; x_wconf 85' lang='lat' dir='ltr'>om.</span> <span class='ocrx_word' id='word_1_402' title='bbox 1041 2755 1071 2787; x_wconf 80' lang='lat' dir='ltr'>b.</span> <span class='ocrx_word' id='word_1_403' title='bbox 1214 2756 1265 2787; x_wconf 83' lang='lat' dir='ltr'>his</span> <span class='ocrx_word' id='word_1_404' title='bbox 1285 2766 1305 2787; x_wconf 86' lang='grc' dir='ltr'><em>α</em></span> <span class='ocrx_word' id='word_1_405' title='bbox 1324 2756 1402 2788; x_wconf 80' lang='lat' dir='ltr'>edd.</span> <span class='ocrx_word' id='word_1_406' title='bbox 1420 2758 1577 2797; x_wconf 79' lang='lat' dir='ltr'>priores,</span> <span class='ocrx_word' id='word_1_407' title='bbox 1600 2755 1642 2786; x_wconf 82' lang='lat' dir='ltr'>iis</span> 
     </span>
     <span class='ocr_line' id='line_1_44' title="bbox 160 2803 1638 2849; baseline 0.001 -14"><span class='ocrx_word' id='word_1_408' title='bbox 160 2804 199 2836; x_wconf 83' lang='lat' dir='ltr'>P.</span> <span class='ocrx_word' id='word_1_409' title='bbox 220 2803 407 2836; x_wconf 72' lang='lat' dir='ltr'>Manutius</span> <span class='ocrx_word' id='word_1_410' title='bbox 426 2814 461 2835; x_wconf 79' lang='lat' dir='ltr'>u.</span> <span class='ocrx_word' id='word_1_411' title='bbox 647 2805 688 2836; x_wconf 68' lang='lat'>22³</span> <span class='ocrx_word' id='word_1_412' title='bbox 709 2807 958 2847; x_wconf 88' lang='lat' dir='ltr'>optemperauit</span> <span class='ocrx_word' id='word_1_413' title='bbox 975 2816 1008 2838; x_wconf 86' lang='lat' dir='ltr'>a.</span> <span class='ocrx_word' id='word_1_414' title='bbox 1170 2808 1211 2839; x_wconf 69' lang='lat'>‘25</span> <span class='ocrx_word' id='word_1_415' title='bbox 1232 2806 1347 2849; x_wconf 88' lang='lat' dir='ltr'>uuum]</span> <span class='ocrx_word' id='word_1_416' title='bbox 1369 2818 1482 2840; x_wconf 83' lang='lat' dir='ltr'>onmes</span> <span class='ocrx_word' id='word_1_417' title='bbox 1502 2807 1585 2839; x_wconf 85' lang='lat' dir='ltr'>add.</span> <span class='ocrx_word' id='word_1_418' title='bbox 1607 2807 1638 2838; x_wconf 81' lang='lat' dir='ltr'>b.</span> 
     </span>
     <span class='ocr_line' id='line_1_45' title="bbox 305 2857 981 2899; baseline 0.001 -11"><span class='ocrx_word' id='word_1_419' title='bbox 305 2858 418 2899; x_wconf 86' lang='lat' dir='ltr'>itaque</span> <span class='ocrx_word' id='word_1_420' title='bbox 440 2857 470 2888; x_wconf 87' lang='lat' dir='ltr'>b.</span> <span class='ocrx_word' id='word_1_421' title='bbox 611 2857 653 2890; x_wconf 77' lang='lat'>‘27</span> <span class='ocrx_word' id='word_1_422' title='bbox 673 2863 747 2889; x_wconf 63' lang='lat' dir='ltr'>erat</span> <span class='ocrx_word' id='word_1_423' title='bbox 765 2868 838 2889; x_wconf 85' lang='lat' dir='ltr'>cum</span> <span class='ocrx_word' id='word_1_424' title='bbox 858 2868 926 2890; x_wconf 87' lang='lat' dir='ltr'>om.</span> <span class='ocrx_word' id='word_1_425' title='bbox 948 2869 981 2890; x_wconf 89' lang='grc' dir='ltr'>α.</span> 
     </span>
    </p>
   </div>
  </div>
 </body>
</html>
