1835 3240
589 153 772 197 COMM.
797 153 834 197 V
866 152 990 195 CAP.
1014 151 1130 194 36-
1147 151 1216 194 40.
1638 155 1720 199 369

277 271 362 313 Hae
384 269 552 310 uictoria
573 269 752 309 sublatus
765 267 976 309 Ambiorix
996 267 1127 307 statim
1151 280 1237 306 cum
1261 266 1436 318 equitatu
1457 268 1643 309 inAdua-
1662 269 1720 314 38

168 350 276 382 tucos
291 370 301 389 ,
327 338 392 391 qui
413 343 527 378 erant
548 336 631 377 eius
654 351 777 390 regno
800 336 990 385 finitumi,
1022 334 1309 388 proficiscitur,
1345 347 1470 386 neque
1493 343 1645 376 noctem

168 421 292 461 neque
314 407 414 445 diem
445 405 673 445 intermittit
703 404 992 459 peditatumque
1014 401 1198 455 subsequi
1220 401 1342 441 iubet.
1393 400 1454 442 Re
1487 403 1645 443 dcmou-
1666 405 1692 444 2

166 481 290 516 strata
323 472 622 525 Aduatucisque
664 472 870 512 concitatis
904 478 1064 524 postero
1097 470 1158 510 die
1187 470 1227 509 in
1257 468 1434 510 Neruios
1466 471 1649 523 peruenit

121 553 139 584 5
170 544 440 595 hortaturque,
466 555 514 580 ne
536 540 596 580 sui
618 540 658 579 in
680 545 908 593 perpetuum
930 538 1118 578 liberandi
1142 544 1259 590 atque
1276 536 1650 578 ulciscendiRoma-

167 624 238 650 nos
262 624 331 663 pro
354 610 417 656 iis,
443 621 540 661 quas
562 607 802 660 acceperint,
827 606 983 646 iniuriis
1007 605 1256 646 occasionem
1280 606 1500 646 dimittant:
1527 606 1649 645 inter·
1670 605 1695 645 3

165 679 289 718 fectos
314 691 401 718 esse
423 677 574 730 legatos
590 675 685 714 duos
698 687 957 727 magnamque
980 679 1127 727 partem
1150 673 1352 713 exercitus
1373 673 1559 714 interisse
1583 675 1649 715 de-

167 752 384 794 monstrat,
411 744 504 784 nihil
527 756 613 783 esse
637 742 786 795 negotii
809 741 937 782 subito
961 754 1188 795 oppressam
1210 741 1420 794 legionem,
1446 756 1544 797 quae
1563 757 1647 783 cum
1670 743 1698 784 4

168 810 364 853 Cicerone
387 813 553 861 hiemet,
584 810 775 860 interfici,
811 823 854 849 se
885 809 932 849 ad
964 823 1049 850 eam
1081 823 1161 849 rem
1186 809 1390 862 profitetur
1410 811 1646 851 adiutorem.

91 887 132 920 10
163 879 296 921 Facile
318 881 390 922 hac
412 880 591 920 oratione
612 877 780 918 Neruiis
804 878 1029 931 persuadet.
1087 875 1224 932 ltaque
1246 878 1450 917 confestim
1475 879 1645 920 dimissis
1667 879 1725 924 39

93 1225 133 1258 15

92 1565 135 1599 20

94 1905 135 1939 25

167 949 313 989 nuntiis
336 949 383 988 ad
397 946 635 996 Ceutrones,
661 943 851 995 Grndios,
876 943 1077 994 Lenaeos,
1101 943 1374 994 Pleumoxios,
1401 944 1648 996 Geidumnos,

167 1016 229 1069 qui
252 1030 388 1056 omnes
411 1015 481 1055 sub
504 1028 638 1055 eornm
662 1013 825 1067 imperio
840 1020 948 1063 sunt,
974 1027 1088 1066 quam
1112 1013 1305 1053 maximas
1329 1027 1464 1054 manus
1487 1023 1653 1068 possunt

167 1091 313 1137 cogunt
333 1090 373 1123 et
394 1084 440 1123 de
461 1082 664 1135 inprouiso
687 1083 734 1123 ad
758 1079 965 1122 Ciceronis
989 1081 1152 1121 hiberna
1184 1081 1368 1120 aduolant
1400 1083 1571 1122 nondum
1604 1085 1652 1123 ad

167 1165 252 1191 eum
277 1152 377 1192 fama
402 1152 447 1192 de
459 1150 606 1191 Titurii
629 1157 753 1190 morte
777 1151 941 1204 perlata.
977 1148 1079 1188 Huic
1101 1163 1252 1202 quoqne
1276 1149 1432 1199 accidit,
1459 1152 1557 1203 quod
1582 1152 1652 1192 fuit
1674 1152 1701 1192 2

166 1233 347 1269 necesse,
373 1226 414 1259 ut
439 1219 617 1259 nonnulli
640 1218 807 1267 milites,
843 1218 906 1271 qni
938 1217 1166 1272 lignationis
1198 1218 1503 1272 munitionisque
1534 1234 1653 1261 causa

165 1286 206 1326 in
228 1287 350 1327 siluas
373 1287 666 1336 discessissent,
691 1287 899 1340 repentino
923 1285 1092 1338 equitum
1108 1285 1278 1325 aduentu
1301 1285 1650 1340 interciperentur.

169 1353 242 1394 His
265 1355 545 1396 circumuentis
568 1369 709 1408 magna
732 1368 848 1394 manu
870 1353 1080 1393 Eburones
1097 1385 1107 1403 ,
1130 1352 1291 1402 Neruii,
1316 1354 1513 1396 Aduatuci
1537 1363 1653 1409 atque
1676 1356 1701 1397 3

167 1423 304 1462 horum
328 1422 498 1475 omnium
517 1422 614 1463 socii
636 1429 674 1461 et
696 1422 860 1462 clientes
883 1421 1077 1475 legionem
1092 1435 1316 1475 oppugnare
1338 1423 1543 1477 incipiunt.
1568 1423 1656 1464 No-

168 1491 241 1530 stri
265 1490 449 1531 celeriter
470 1491 516 1530 ad
539 1504 645 1530 arma
668 1496 924 1538 concurrunt,
950 1489 1092 1529 uallum
1117 1491 1401 1530 conscendunt.
1465 1490 1599 1545 Aegre
1620 1491 1654 1532 is
1676 1491 1704 1532 4

168 1558 251 1598 dies
274 1565 544 1608 sustentatur,
580 1558 681 1611 qnod
703 1572 860 1598 omnem
881 1571 988 1610 spem
1011 1557 1146 1597 hostes
1170 1557 1208 1597 in
1233 1558 1436 1599 celeritate
1459 1559 1657 1613 ponebant

169 1633 286 1679 atque
311 1627 408 1665 hanc
431 1626 560 1679 adepti
583 1625 789 1665 uictoriam
811 1625 1095 1678 inperpetuum
1118 1639 1162 1665 se
1186 1627 1269 1666 fore
1290 1626 1463 1667 uictores
1487 1627 1658 1668 confide-

168 1694 276 1734 bant.
320 1692 536 1734 Mittuntur
557 1693 604 1733 ad
628 1690 843 1733 Caesarem
872 1693 1075 1732 confestim
1101 1693 1148 1732 ab
1173 1690 1370 1733 Cicerone
1392 1695 1550 1735 litterae
1572 1709 1652 1735 ma-
1674 1695 1733 1740 40

168 1762 255 1815 gnis
288 1760 499 1815 propositis
532 1761 742 1814 praemiis,
776 1761 810 1800 si
842 1761 1123 1814 pertulissent:
1160 1761 1334 1802 obsessis
1368 1762 1546 1802 omnibus
1581 1763 1656 1803 uiis

170 1829 279 1869 missi
301 1829 620 1882 intercipiuntur.
672 1828 809 1869 Noctu
841 1842 893 1868 ex
914 1829 1105 1876 materia,
1139 1843 1254 1882 quam
1285 1829 1515 1870 munitionis
1539 1844 1654 1871 eausa
1678 1830 1706 1870 2

169 1903 500 1950 conportauerant
516 1928 526 1947 ,
560 1903 689 1937 turres
721 1897 924 1937 admodum
948 1903 1043 1936 CXX
1064 1897 1291 1937 excitantur
1311 1897 1533 1938 incredibili
1555 1899 1658 1940 cele-

169 1965 312 2015 ritateg
338 1979 436 2018 quae
460 1965 597 2006 deesse
619 1964 726 2019 operi
750 1964 997 2015 uidebantur,
1023 1965 1295 2018 perficiuntur.
1332 1965 1477 2006 Hostes
1501 1974 1659 2020 postero
1681 1966 1706 2008 3

172 2033 233 2073 die
255 2033 374 2073 multo
396 2033 612 2074 maioribus
636 2033 783 2073 coactis
807 2033 928 2087 copiis
952 2041 1084 2074 castra
1107 2040 1357 2089 oppugnant,
1385 2035 1530 2075 fossam
1554 2049 1659 2076 com-

315 2182 329 2214 1
352 2182 429 2225 hac]
450 2192 488 2214 ac
508 2183 549 2215 B.
691 2184 869 2216 Atnat1cos
888 2184 972 2224 Dd,
993 2183 1195 2216 Antuaticos
1214 2183 1287 2215 AB
1302 2183 1341 2216 C.
1458 2184 1480 2218 2
1499 2184 1595 2225 regni
1616 2184 1656 2217 C.

313 2233 457 2265 finitumi
477 2235 519 2266 A.
661 2235 679 2267 3
700 2235 887 2277 peditatum
910 2238 1042 2267 omissa
1062 2235 1188 2276 copula
1209 2235 1240 2265 b.
1393 2235 1556 2277 subsequi
1577 2236 1656 2273 Ab,-

172 2294 248 2316 sese
268 2285 430 2327 subsequi
448 2286 478 2317 B
492 2285 587 2328 quD
608 2286 722 2327 ‘ale'c'’,
745 2298 822 2318 sese
842 2288 939 2329 sequi
960 2287 1006 2320 Co
1027 2286 1141 2327 ‘alii',
1161 2296 1196 2317 se
1216 2286 1378 2328 subsequi
1397 2296 1431 2317 u.
1560 2289 1578 2318 ὁ
1599 2297 1658 2329 pro

173 2335 225 2366 bis
242 2337 283 2368 B.
428 2337 445 2369 7
466 2337 531 2368 duo
551 2347 628 2368 cum
647 2338 723 2369 solo
743 2338 888 2370 Andz'no
908 2349 942 2369 u.
1085 2336 1263 2378 interisse]
1284 2337 1469 2379 interipere
1486 2337 1526 2369 C.

173 2385 191 2417 9
211 2385 356 2419 interfici
376 2387 436 2419 sed
455 2397 528 2418 eam
546 2388 578 2419 A
596 2391 630 2419 et
649 2398 668 2419 a
687 2390 782 2419 inter
800 2399 835 2419 se
855 2391 889 2419 et
908 2389 925 2419 d
951 2398 1113 2429 suprase.
1134 2388 1187 2427 B,·
1215 2387 1360 2419 interfici
1390 2398 1489 2429 posse
1516 2388 1555 2418 ad
1584 2398 1658 2419 enm

176 2437 193 2468 b
207 2437 240 2468 d·
381 2439 467 2482 rem]
488 2451 524 2471 sc
544 2440 627 2471 add.
650 2440 681 2472 b.
836 2440 875 2472 10
895 2450 933 2471 ac
953 2440 1108 2471 oratione
1126 2440 1169 2471 B.
1335 2439 1371 2472 11
1395 2438 1608 2470 Pleumoxios
1626 2440 1660 2471 A

175 2487 215 2527 (ι’,
238 2488 480 2523 Pleumoximos
498 2492 529 2523 B
543 2492 569 2523 C
583 2492 600 2522 b
615 2502 644 2523 e.
766 2491 964 2524 Geidunnos
984 2492 1015 2523 Λ
1032 2491 1080 2523 Co
1094 2491 1138 2531 cl,
1159 2490 1367 2523 Geidumnos
1388 2491 1417 2522 B
1432 2492 1547 2533 CqJD,
1569 2491 1660 2523 Geu-

177 2539 307 2571 dunnos
328 2542 390 2582 bc‚·
411 2542 584 2574 Geidunos
606 2553 640 2574 u.
815 2543 856 2577 12
875 2541 970 2584 sunt]
990 2543 1257 2574 continebantur
1277 2543 1294 2574 b
1308 2542 1399 2574 ede.
1419 2542 1458 2573 Ι).
1479 2543 1512 2574 8.

176 2590 215 2621 13
234 2597 355 2631 cogant
374 2593 404 2624 b.
544 2594 719 2636 inprouiso
738 2594 779 2625 B.
924 2594 1087 2625 aduolent
1107 2595 1138 2625 b.
1297 2595 1336 2627 14
1358 2593 1462 2635 fama]
1484 2594 1592 2625 forma
1615 2595 1653 2625 C.

321 2643 359 2675 15
379 2645 434 2686 qui
452 2645 492 2677 de
511 2645 710 2686 lignationis
732 2646 762 2677 b.
932 2645 971 2677 17
992 2645 1033 2676 iis
1053 2646 1147 2686 BD,
1171 2646 1199 2677 is
1221 2646 1261 2678 C.
1440 2645 1601 2676 Atuatuci
1621 2645 1655 2676 d.

319 2699 418 2736 atque
437 2706 529 2727 orum
549 2697 591 2728 B.
645 2710 648 2714 ¹
757 2697 798 2730 18
816 2698 899 2729 socii
919 2697 1134 2739 clientesque
1154 2699 1185 2730 b.
1350 2698 1393 2732 22
1413 2698 1467 2737 ab,
1488 2707 1555 2728 non
1575 2707 1606 2736 a,
1627 2697 1660 2728 A

174 2745 235 2785 (B)
249 2746 289 2777 F.
437 2747 478 2779 23
499 2747 737 2788 pertullissent
754 2748 796 2779 B.
939 2749 984 2781 24
1002 2749 1098 2780 missi
1117 2759 1187 2781 om.
1209 2749 1241 2780 b.
1407 2759 1448 2780 ex
1467 2749 1610 2779 materia
1628 2746 1659 2779 B

178 2800 273 2828 ‘mssa
299 2795 360 2836 15'3
382 2799 580 2829 camaleria
602 2800 668 2839 be,
690 2810 731 2831 ex
751 2811 789 2831 ea
810 2800 952 2831 materia
970 2811 1006 2832 u.
1148 2802 1190 2837 25
1209 2805 1500 2843 conportauerant
1517 2801 1559 2832 B.

175 2852 215 2885 27
237 2850 365 2882 coactis
385 2850 490 2892 copiis
508 2852 582 2883 AB
596 2852 712 2894 CDe,
734 2853 840 2895 copiis
860 2853 989 2885 coactis
1010 2864 1044 2887 u.

199 2923 318 2957 Cacsar,
334 2919 379 2947 ed.
396 2919 534 2957 Nipperd.
1373 2912 1428 2953 24
