1835 3240
129 575 147 605 Q(

106 913 143 945 10

107 1252 144 1283 15

108 2269 149 2301 30

707 179 894 222 CAPVT
926 179 977 220 41
992 179 1123 218 -44,
1653 178 1734 219 647

176 297 375 351 Illyricum
399 294 696 347 coniunctisque
719 294 841 348 copiis
866 309 951 334 611111
976 290 1027 344 Q.
1054 289 1268 332 Cornificio
1284 320 1294 339 ,
1331 291 1361 329 si
1386 292 1483 343 qnod
1508 293 1660 346 pericu-

175 366 252 404 lum
286 361 513 416 prouinciae
545 362 781 411 inferretur,
817 361 1052 415 depelleret3
1086 359 1146 399 sin
1179 372 1223 398 ea
1257 372 1333 397 non
1367 360 1516 410 magnis
1540 360 1660 412 copiis
1682 358 1709 398 6

175 437 256 471 tuta
280 444 369 470 esse
392 436 540 483 posset,
566 429 604 469 in
627 428 901 469 Macedoniam
926 429 1101 481 legiones
1124 426 1352 466 adduceret:
1382 440 1533 464 omnem
1559 427 1659 465 enim

176 499 280 538 illam
304 504 453 551 partem
476 498 755 550 regionemque
780 497 870 536 uiuo
887 493 962 535 Cn.
978 494 1166 548 Pompeio
1189 493 1329 533 bellum
1353 493 1660 532 instauraturmn

180 580 267 606 esse
290 565 488 606 credebat.
534 563 723 604 Gabinius
740 595 749 613 ,
786 571 828 602 ut
849 564 887 602 in
910 563 1110 617 Illyricum
1135 562 1264 610 uenit,
1301 561 1464 601 hiberno
1489 568 1662 613 tempore
1680 560 1737 604 43

177 634 268 674 anni
291 647 336 673 ac
359 633 516 681 difficili,
543 632 627 671 siue
650 631 909 684 copiosiorem
934 630 1175 683 prouinciam
1200 629 1432 669 existimans
1456 628 1540 674 siue
1564 629 1663 668 111111-

177 709 254 741 tum
279 703 459 741 fortunae
483 699 643 740 uictoris
659 697 846 739 Caesaris
870 698 1045 738 tribuens
1068 698 1153 738 siue
1178 697 1321 736 uirtute
1344 702 1383 736 et
1404 696 1571 736 scientia
1591 710 1664 736 sua

177 770 362 818 conlisus,
394 783 505 821 quam
532 781 649 821 saepe
671 767 709 806 in
731 767 844 807 1161115
868 766 1114 820 periclitatus
1137 778 1298 817 magnas
1320 778 1385 804 res
1408 771 1448 803 et
1468 764 1663 804 secundas

178 838 294 877 ductu
316 849 491 888 ausuque
514 849 585 875 suo
607 842 803 889 gesserat,
820 848 945 887 neque
968 834 1194 888 prouinciae
1214 832 1466 873 facultatibus
1482 831 1663 872 subleua-

177 905 317 955 batur,
342 918 442 958 quae
465 903 601 958 partim
626 910 711 942 erat
733 897 937 943 exinanita
961 901 1098 955 partim
1121 901 1286 941 infidelis
1303 931 1313 950 ,
1349 913 1477 953 neque
1500 899 1664 939 nauibus

176 973 392 1013 intercluso
425 971 522 1011 mari
556 969 853 1023 tempestatibus
888 977 1125 1010 commeatus
1156 975 1387 1022 supportare
1411 974 1564 1021 poterat
1585 981 1664 1007 ma-

176 1041 342 1095 gnisque
366 1039 654 1079 difficultatibus
677 1044 837 1077 coaetus
860 1051 939 1077 non
961 1044 1002 1076 ut
1025 1037 1181 1077 uolebat
1197 1066 1207 1083 ,
1241 1037 1309 1076 sed
1333 1042 1372 1075 ut
1394 1048 1555 1075 necesse
1580 1042 1666 1075 erat

175 1108 317 1148 bellum
340 1106 518 1161 gerebat.
558 1104 617 1145 Ita
641 1120 725 1145 cum
750 1105 968 1145 durissimis
991 1103 1291 1158 tempestatibus
1315 1110 1473 1157 propter
1495 1103 1664 1156 inopiam
1686 1102 1714 1141 2

178 1175 338 1216 castella
360 1182 427 1216 aut
448 1175 586 1228 oppida
608 1186 839 1227 expugnare
862 1180 1098 1227 cogeretur,
1134 1171 1272 1212 crebro
1295 1170 1542 1211 incommoda
1564 1169 1665 1209 acci-

177 1242 306 1297 piebat
327 1243 503 1296 adeoque
527 1249 587 1282 est
608 1256 629 1281 a
653 1241 829 1281 barbaris
853 1248 1116 1294 contemptus,
1138 1237 1381 1280 utSalonam
1405 1253 1447 1279 se
1470 1238 1665 1292 recipiens
1688 1238 1712 1277 3

178 1311 217 1351 in
239 1311 417 1364 oppidum
442 1311 715 1359 maritumum,
751 1309 853 1362 quod
876 1309 983 1349 ciues
1007 1308 1178 1349 Romani
1201 1307 1407 1348 fortissimi
1433 1306 1665 1347 fidelissimi-

178 1392 251 1431 que
273 1378 513 1427 incolebant,
539 1378 578 1417 in
601 1377 755 1431 agmine
778 1377 963 1418 dimicare
985 1377 1036 1416 sit
1058 1384 1232 1416 coactus.
1288 1372 1379 1427 Quo
1403 1375 1550 1429 proelio
1574 1374 1666 1413 duo·
1688 1373 1713 1412 4

179 1447 251 1486 11115
274 1446 429 1486 milibus
451 1446 612 1486 militum
637 1445 802 1499 amplius
824 1445 1004 1495 amissis,
1038 1443 1334 1485 centurionibus
1357 1449 1562 1491 XXXVIII,
1598 1443 1667 1482 tri-

177 1515 291 1555 bunis
324 1522 384 1554 IIII
417 1528 504 1554 cum
535 1513 694 1567 reliquis
728 1513 848 1567 copiis
880 1510 1067 1554 Salonam
1099 1526 1141 1552 se
1174 1512 1324 1566 recepit
1354 1524 1582 1564 summaque
1615 1510 1666 1549 ibi

180 1582 401 1622 difficultate
429 1595 559 1622 rerum
592 1581 763 1621 omnium
792 1594 953 1635 pressus
986 1580 1119 1635 paucis
1150 1579 1350 1620 mensibus
1373 1578 1510 1619 morbo
1534 1577 1666 1632 periit.

179 1648 305 1690 Cuius
329 1657 367 1691 et
387 1650 598 1690 infelicitas
622 1649 699 1689 uiui
724 1657 763 1689 et
784 1649 912 1689 subita
935 1663 1040 1689 mors
1062 1649 1102 1689 in
1125 1662 1305 1703 magnam
1327 1661 1434 1701 spem
1458 1645 1667 1688 Octauium
1691 1644 1715 1685 5

177 1718 344 1758 adduxit
365 1718 592 1772 prouinciae
616 1718 823 1771 potiundae
842 1735 851 1769 3
872 1731 983 1770 quem
1009 1723 1138 1756 tamen
1160 1716 1306 1756 diutius
1330 1716 1368 1756 in
1389 1714 1505 1756 rebus
1528 1728 1669 1754 secun-

179 1786 236 1826 dis
259 1793 299 1826 et
320 1787 477 1825 fortuna
494 1817 504 1835 ,
540 1800 637 1839 quae
661 1786 866 1839 plurimum
890 1785 928 1824 in
951 1784 1064 1824 bellis
1088 1791 1237 1838 potest,
1264 1783 1543 1836 diligentiaque
1568 1780 1670 1822 Cor-

181 1853 299 1894 nificii
329 1861 368 1894 et
398 1855 524 1894 uirtus
547 1853 685 1894 Vatini
721 1853 871 1893 uersari
895 1867 1009 1906 passa
1033 1867 1111 1892 nou
1134 1859 1209 1892 est.
1253 1851 1440 1892 Vatinius
1463 1849 1665 1890 Brundisii
1687 1848 1745 1893 44

178 1936 264 1962 cum
298 1928 429 1971 esset,
464 1922 632 1976 cognitis
663 1921 806 1971 rebus,
842 1935 939 1975 quae
972 1928 1109 1974 gestae
1142 1927 1256 1961 erant
1287 1920 1326 1959 in
1358 1917 1544 1973 Illyrico,
1578 1932 1666 1957 611111

180 1990 328 2029 crebris
360 1990 503 2030 litteris
527 1987 732 2029 Cornificii
763 1989 807 2028 ad
839 1989 1027 2029 auxilium
1053 1989 1278 2042 prouinciae
1303 1988 1504 2028 ferendum
1529 1999 1671 2026 euoca-

180 2064 290 2098 retur
321 2065 361 2098 et
389 2056 449 2098 M.
477 2055 684 2099 Octauium
717 2057 871 2096 audiret
902 2071 986 2096 cum
1022 2057 1200 2097 barbaris
1234 2056 1392 2096 foedera
1425 2054 1671 2108 percussisse

182 2126 522 2179 compluribusque
557 2126 653 2166 locis
687 2132 910 2165 nostrorum
935 2125 1098 2164 militum
1122 2137 1345 2178 oppugnare
1369 2121 1561 2176 praesidia
1586 2135 1673 2174 par-

181 2194 247 2233 tim
271 2194 398 2234 classe
420 2208 489 2247 per
510 2207 552 2233 se
576 2193 715 2247 partim
739 2193 983 2247 pedestribus
1007 2192 1128 2246 copiis
1152 2206 1220 2245 per
1242 2191 1447 2240 barbaros,
1464 2190 1537 2230 etsi
1560 2189 1671 2244 graui

182 2261 406 2303 ualetudine
428 2262 604 2302 adfectus
628 2261 695 2301 uix
719 2261 895 2315 eorporis
916 2261 1063 2300 uiribus
1082 2260 1252 2300 animum
1271 2259 1523 2313 sequebatur,
1542 2264 1674 2297 tamen

184 2330 331 2371 uirtute
372 2330 468 2371 uicit
508 2330 792 2370 incommodum
836 2337 1001 2369 naturae
1034 2329 1358 2384 difficultatesque
1392 2334 1432 2367 et
1465 2326 1602 2367 hiemis
1635 2332 1674 2365 et

185 2398 336 2439 subitae
358 2397 687 2453 praeparationis.
734 2396 838 2437 Nam
864 2412 950 2437 rum
974 2397 1056 2451 ipse
1080 2411 1223 2451 paucas
1247 2397 1284 2436 in
1309 2403 1422 2450 portu
1447 2408 1567 2435 naues
1590 2394 1673 2433 lon-
1695 2393 1719 2432 ‘2

331 2513 344 2545 1
366 2513 530 2545 Illiricum
550 2524 582 2545 a.
724 2513 743 2543 ‘2
763 2512 791 2543 si
813 2513 843 2543 in
865 2522 903 2543 ea
924 2514 954 2544 b.
1098 2514 1114 2544 5
1135 2517 1169 2543 ut
1189 2523 1255 2543 om.
1280 2512 1309 2543 b.
1455 2509 1619 2541 illiricum
1639 2519 1671 2539 a.

187 2563 205 2593 o
226 2562 418 2596 difficillimo
440 2566 470 2596 b.
659 2563 676 2595 7
700 2563 842 2594 uictoris
861 2573 929 2594 om.
950 2563 980 2593 b.
1175 2562 1195 2593 8
1213 2572 1310 2602 quain
1331 2561 1369 2591 Ι).
1392 2560 1588 2595 Manutius,
1611 2569 1672 2600 qua

187 2613 285 2644 codd.
497 2617 515 2647 9
536 2625 688 2656 ausuque
712 2623 806 2645 vus-5.
829 2612 1069 2652 ronstanler‘,
1092 2613 1254 2653 ausioqne
1275 2614 1372 2652 (sic)
1393 2622 1436 2642 a:
1456 2610 1675 2651 auspicioque

187 2665 346 2706 Le'lmius.
531 2667 565 2698 ll
587 2672 790 2709 supportare
811 2676 886 2707 ego,
908 2666 1100 2708 supportari
1121 2664 1222 2696 codd.
1401 2664 1436 2694 13
1458 2664 1504 2694 ita
1524 2663 1574 2702 (tl)
1595 2659 1672 2691 rdd-

187 2721 270 2748 <mle
290 2727 310 2748 ιι
325 2742 333 2757 ,
361 2728 430 2749 om.
456 2720 531 2748 sine
557 2721 791 2750 mznolatione
811 2729 830 2749 11
850 2718 986 2758 (errore
1004 2719 1081 2747 sine.
1100 2717 1233 2757 dnbio).
1381 2716 1418 2747 15
1440 2716 1620 2745 contentus
1640 2721 1673 2742 α.

333 2768 371 2800 Is)
391 2769 422 2799 in
443 2778 511 2799 om-
532 2779 562 2799 c.
699 2770 913 2801 maritumum
933 2778 967 2799 a.
1112 2768 1148 2800 17
1170 2768 1257 2808 quod
1277 2778 1309 2798 (ι.
1456 2765 1493 2795 19
1517 2762 1674 2794 Salonem

187 2829 219 2849 a.
363 2816 532 2858 receperit
549 2827 583 2848 11.
724 2830 886 2851 summam
909 2820 953 2851 ibi
974 2819 1206 2850 difficultatem
1229 2819 1258 2849 b.
1399 2816 1440 2846 20
1461 2823 1582 2857 passus
1601 2822 1620 2842 (t
1642 2813 1672 2843 b.

331 2870 373 2900 24
392 2867 507 2899 Vatini
527 2878 545 2897 ιι
568 2872 662 2899 ‘tn-ss.
684 2870 780 2910 ΨΜ]
938 2871 1083 2902 tatinus
1105 2871 1200 2901 ‘ul-55.
1222 2868 1318 2910 ΨΜ]
1476 2865 1516 2896 ‘25
1539 2863 1674 2905 lllyrico

188 2920 402 2961 Stephanus,
423 2918 594 2962 Illyricum
613 2928 633 2949 (ι
652 2921 700 2960 (is
718 2919 820 2962 lllir.)
841 2921 859 2952 b
880 2923 896 2952 5
917 2921 1004 2952 dett.
1162 2920 1204 2952 30
1225 2917 1413 2950 ualitudine
1434 2927 1464 2948 a.
1620 2916 1676 2946 ad-

190 2970 299 3002 fectus
318 2980 351 3001 a.
492 2969 530 3001 31
554 2974 587 3000 ct
606 2969 726 3001 hiemis
745 2981 765 3001 ιι
785 2981 802 3001 c
818 2972 839 3006 2
858 2971 959 3012 dett„
982 2971 1102 3003 hiemis
1123 2970 1266 3010 reliqui.
