1835 3240
82 561 100 593 5

54 898 95 932 10

53 1237 93 1270 15

51 1580 94 1614 20

55 2258 97 2291 30

665 162 854 206 CAPVT
873 162 992 205 26-
1002 162 1072 205 29.
1610 163 1695 207 639

132 282 186 323 tia
209 277 524 335 [constantiaque
539 278 727 318 uirtutum
741 286 780 319 et
791 277 1152 319 Alexandrinorum
1165 275 1433 330 inprudentia]
1452 291 1618 319 consue-

133 349 264 391 tudine
286 353 422 386 nostra
444 346 586 386 castris
610 347 763 387 uallatis
787 346 997 388 sustinuit:
1020 359 1108 385 cum
1130 357 1225 384 uero
1247 343 1404 383 incaute
1425 351 1538 397 atquc
1558 346 1617 386 in·
1637 346 1664 387 7

131 417 305 458 solenter
336 414 548 454 succedere
580 427 648 455 eos
682 414 965 455 munitionibus
999 413 1176 461 uideret,
1211 410 1417 465 eruptione
1449 413 1618 465 undique

131 485 235 525 saeta
263 497 445 537 magnum
468 496 668 523 numerum
692 496 827 523 eorum
850 482 1065 521 interfecit.
1117 477 1233 532 Quod
1256 479 1331 519 nisi
1354 479 1527 519 locorum
1551 494 1618 520 no·
1640 479 1667 521 8

132 551 216 592 titia
238 551 376 604 reliqui
398 563 441 591 se
464 550 661 590 texissent
682 550 898 604 partimque
921 550 961 589 in
986 562 1107 589 naues
1125 579 1135 597 ,
1161 547 1299 601 quibus
1323 547 1465 587 flumen
1488 554 1619 587 trans-

128 619 286 669 ierant,
329 619 597 672 recepissent,
643 617 816 657 funditus
848 617 963 657 deleti
995 622 1143 656 essent.
1203 612 1282 667 Qui
1314 622 1357 655 ut
1385 616 1540 669 paulum
1570 615 1618 656 ab

125 687 191 728 illo
224 687 366 727 timore
391 700 434 727 se
456 693 716 735 recrearunt,
752 685 924 725 adiuncti
946 684 1005 725 his
1029 684 1095 737 qui
1117 683 1459 736 subsequebantur
1478 697 1616 724 rursus

128 768 354 809 oppugnare
375 752 636 794 Mithridaten
669 760 897 807 coeperunt.
938 751 1116 793 Mittitur
1146 766 1170 792 a
1191 750 1421 792 Mithridate
1455 751 1616 792 nuntius
1634 750 1693 796 28

129 820 314 871 Caesari,
335 823 399 876 qui
419 836 501 863 rem
524 829 675 876 gestam
699 822 909 876 perferret.
946 819 1162 875 Cognoscit
1186 833 1237 860 ex
1259 821 1341 860 suis
1365 821 1500 861 eadem
1523 820 1621 860 haec

127 891 319 932 accidisse
341 905 431 931 rex.
473 889 535 931 Ita
556 904 681 944 paene
703 890 773 930 sub
801 889 900 929 idem
924 896 1076 942 tempus
1099 894 1138 927 et
1158 901 1234 928 rex
1255 889 1301 928 ad
1325 888 1619 942 opprimendum

125 957 383 1000 Mithridaten
406 958 668 1012 proficiscitur
689 965 729 998 et
750 955 903 998 Caesar
923 957 970 996 ad
994 955 1279 1010 recipiendum.
1320 954 1526 997 Celeriore
1548 957 1619 996 ssu-
1638 955 1667 997 2

126 1027 241 1067 minis
262 1025 348 1067 Nili
380 1027 635 1080 nauigatione
664 1039 740 1066 rex
772 1031 831 1065 est
859 1039 954 1065 usus
970 1055 980 1075 ,
1015 1024 1055 1064 in
1079 1038 1156 1077 quo
1178 1038 1359 1078 magnam
1383 1032 1421 1064 et
1443 1031 1619 1078 paratam

126 1094 291 1135 classem
315 1093 496 1134 hahebat.
542 1090 696 1134 Caesar
727 1093 863 1133 eodem
894 1093 1039 1133 itinere
1073 1092 1128 1132 uti
1151 1092 1290 1142 noluit,
1317 1106 1364 1132 ne
1389 1092 1554 1132 nauibus
1577 1093 1618 1133 in

127 1162 284 1202 flumine
307 1162 526 1213 dimicaret,
543 1162 610 1202 sed
633 1162 921 1202 circumuectus
945 1167 1003 1201 est
1025 1174 1071 1200 eo
1093 1160 1205 1211 mari,
1222 1161 1322 1213 quod
1344 1159 1506 1200 Africae
1529 1174 1618 1214 par·-

125 1230 175 1271 tis
208 1243 295 1270 esse
319 1230 484 1280 dicitur,
520 1230 636 1271 sicuti
667 1244 785 1284 supra
808 1228 1192 1279 demonstrauimus3
1228 1228 1334 1282 prius
1358 1235 1489 1269 tamen
1510 1228 1616 1282 regis

128 1299 250 1353 copiis
274 1298 462 1348 occurrit,
488 1312 600 1351 quam
621 1298 656 1339 is
670 1297 933 1339 Mithridaten
956 1297 1117 1350 adgredi
1139 1304 1287 1350 posset,
1314 1311 1482 1350 eumque
1505 1297 1553 1336 ad
1575 1310 1620 1337 se

130 1367 320 1407 uictorem
352 1365 537 1406 incolumi
568 1367 749 1407 exercitu
778 1365 943 1420 recepit.
1000 1362 1251 1405 Consederat
1282 1379 1367 1405 cum
1401 1365 1522 1419 copiis
1544 1378 1619 1405 rex
1641 1363 1666 1405 3

128 1436 215 1476 loco
238 1441 379 1474 natura
402 1434 552 1475 munito
568 1465 578 1484 ,
613 1435 716 1488 quod
739 1442 826 1475 erat
846 1434 929 1488 ipse
953 1434 1152 1474 excelsior
1175 1433 1341 1487 planicie
1364 1446 1416 1473 ex
1438 1432 1619 1473 omnibus

126 1503 302 1558 partibus
324 1503 522 1552 subiecta3
545 1502 666 1543 tribus
690 1510 819 1543 autem
843 1516 895 1542 ex
916 1501 1104 1543 lateribus
1126 1502 1249 1541 uariis
1273 1503 1301 1554 †
1325 1515 1514 1555 generum
1537 1514 1619 1541 mu-
1642 1499 1668 1541 4

128 1572 343 1613 nitionibus
376 1571 604 1625 tegebatur:
640 1585 758 1611 unum
790 1571 894 1611 latus
919 1578 1006 1611 erat
1028 1570 1221 1611 adiectum
1245 1569 1392 1609 flumini
1415 1568 1536 1619 Nilo,
1562 1568 1619 1609 al-

130 1648 256 1681 terum
280 1640 497 1680 editissimo
519 1640 606 1680 loco
629 1640 801 1688 ductum,
825 1646 868 1679 ut
890 1646 1038 1694 partem
1062 1645 1281 1679 castrorum
1305 1637 1516 1687 obtineret,
1539 1643 1620 1678 ter-

128 1708 222 1748 tium
247 1707 385 1763 palude
408 1707 653 1762 cingebatur.
686 1705 798 1748 Inter
820 1715 949 1748 castra
973 1714 1014 1748 et
1031 1704 1220 1748 Caesaris
1242 1706 1320 1747 iter
1337 1705 1478 1745 flumen
1495 1706 1619 1745 inter·
1636 1704 1694 1749 29

128 1775 289 1817 cedebat
310 1782 520 1830 angustum
542 1775 744 1816 altissimis
768 1775 880 1829 ripis,
907 1776 1008 1829 quod
1029 1776 1069 1815 in
1087 1774 1225 1816 Nilum
1248 1774 1459 1823 influebat,
1485 1773 1621 1814 aberat

128 1851 258 1885 autem
288 1843 335 1884 ab
367 1844 474 1897 regis
507 1844 650 1884 castris
685 1843 791 1884 milia
812 1857 998 1898 passuum
1022 1843 1182 1883 circiter
1201 1849 1277 1883 vu.
1321 1841 1415 1882 Rex
1438 1855 1523 1882 cum
1547 1841 1619 1881 hoc
1640 1840 1669 1882 2

79 1920 91 1926 ⁹
126 1911 267 1952 itinere
289 1912 426 1952 uenire
441 1909 654 1953 Caesarem
678 1912 952 1966 comperisset,
976 1912 1191 1965 equitatum
1215 1924 1370 1951 omnem
1394 1910 1620 1964 expeditos-

129 1993 204 2032 que
226 1979 398 2020 delectos
421 1980 569 2033 pedites
592 1981 640 2020 ad
660 1981 698 2020 id
720 1980 862 2021 flumen
885 1980 1007 2029 misit,
1025 1979 1088 2033 qui
1107 1980 1278 2020 transitu
1296 1976 1511 2019 Caesarem
1529 1991 1620 2031 pro·

130 2047 312 2087 hiberent
343 2054 382 2087 et
412 2048 564 2088 eminus
587 2061 639 2088 ex
660 2048 756 2102 ripis
779 2048 969 2103 proelium
991 2048 1117 2101 impar
1137 2048 1308 2088 inirent:
1346 2047 1489 2087 nullum
1514 2046 1618 2086 enim

128 2129 358 2169 processum
389 2115 515 2156 uirtus
548 2116 717 2157 habebat
748 2123 814 2157 aut
844 2116 1058 2170 periculum
1088 2115 1250 2169 ignauia
1282 2114 1452 2155 subibat.
1507 2111 1619 2166 Quae
1641 2112 1667 2154 3

128 2196 193 2223 res
223 2183 398 2224 incendit
428 2185 562 2225 dolore
584 2185 727 2226 milites
751 2185 979 2240 equitesque
1002 2190 1160 2224 nostros
1176 2216 1186 2235 ‚
1221 2183 1322 2237 quod
1345 2190 1423 2223 tam
1446 2182 1510 2222 diu
1531 2182 1618 2236 pari

128 2252 276 2306 proelio
300 2267 386 2293 cum
408 2251 696 2295 Alexandrinis
719 2260 957 2294 certaretur.
992 2250 1131 2306 Itaque
1154 2252 1289 2293 eodem
1312 2258 1486 2306 tempore
1509 2250 1617 2304 equi·
1638 2249 1666 2292 4

131 2399 193 2441 tia]
215 2401 367 2442 potentia
387 2401 449 2434 illo
467 2413 630 2444 suprasc.
650 2414 683 2435 α.
855 2402 869 2435 1
891 2402 1154 2444 constantiaque
1174 2402 1338 2433 uirtutum
1360 2404 1394 2431 et
1411 2398 1618 2432 Alexandri-

132 2463 248 2484 norum
275 2453 502 2496 imprudentia
530 2455 648 2487 abed
673 2456 896 2497 reliquique5
926 2466 994 2487 om.
1016 2454 1094 2486 edd.
1115 2458 1169 2494 et,
1193 2454 1239 2484 ‘si
1264 2454 1446 2493 enecet-ptis
1473 2451 1619 2484 creden-

132 2502 237 2543 dum’,
259 2514 350 2535 unus
369 2505 440 2537 det.
462 2506 611 2549 (inprud.
633 2506 682 2548 a).
779 2508 799 2541 2
817 2512 916 2538 caute
936 2517 969 2538 a.
1083 2506 1100 2538 6
1120 2505 1256 2549 paulum
1276 2516 1297 2536 α
1312 2505 1341 2545 b,
1363 2504 1537 2547 paulutum
1557 2504 1618 2536 Al-

134 2556 198 2587 dus
219 2566 253 2586 u·
416 2558 435 2590 7
454 2559 608 2592 adiuncti
627 2570 647 2591 α
662 2560 720 2600 bc,
741 2559 912 2591 adiunctis
932 2570 967 2591 u.
1141 2559 1192 2590 his
1212 2568 1232 2590 a
1251 2557 1330 2589 edd.
1351 2560 1434 2588 ante
1452 2556 1551 2597 Ald„
1573 2557 1616 2588 iis

132 2606 247 2638 Aldus
266 2617 300 2637 ²¹·
441 2609 459 2641 9
479 2610 563 2642 haec
583 2621 651 2642 om.
673 2611 702 2642 b.
844 2609 884 2642 10
904 2610 1019 2652 itaque
1040 2611 1070 2642 b.
1214 2619 1298 2652 pene
1318 2619 1351 2640 a.
1504 2609 1539 2641 11
1556 2607 1616 2640 Mi-

132 2657 278 2689 tridatess
297 2668 332 2689 a·
474 2661 515 2694 12
533 2673 596 2704 quo
614 2663 633 2695 4
655 2662 758 2702 dett„
780 2671 845 2703 qua
865 2661 1009 2703 reliqui.
1154 2662 1194 2694 14
1214 2666 1267 2693 est
1283 2671 1303 2692 α
1318 2661 1334 2692 b
1349 2672 1365 2691 c
1384 2662 1402 2693 4
1421 2660 1524 2702 dete„
1545 2671 1612 2692 om.

133 2718 167 2737 η.
313 2708 352 2740 16
371 2707 569 2743 Mitridaten
588 2723 621 2744 α.
765 2713 906 2753 adgredi
923 2722 956 2744 a.
1121 2712 1162 2745 17
1182 2712 1380 2744 considerat
1399 2723 1418 2742 α
1438 2715 1475 2743 et
1490 2722 1537 2743 m.
1554 2722 1612 2753 pr.

135 2758 165 2787 b.
328 2759 384 2790 lex
403 2770 436 2790 a.
602 2763 643 2794 18
661 2762 802 2805 planitie
821 2763 884 2804 (a).
1044 2763 1084 2796 19
1104 2773 1266 2803 generum
1286 2773 1306 2794 a
1320 2763 1336 2794 b
1351 2762 1411 2802 cd,
1433 2773 1559 2803 genere
1578 2773 1613 2793 π.

131 2809 173 2840 Ρ.
192 2810 266 2842 194.
385 2812 428 2846 22
447 2817 560 2844 castra
578 2823 598 2844 a
613 2814 630 2844 b
644 2824 672 2854 c,
694 2819 809 2847 castra
830 2815 920 2856 regis
933 2825 966 2847 u.
1085 2817 1129 2849 24
1142 2815 1175 2846 ‘a
1188 2814 1312 2846 castris
1332 2813 1421 2854 regis
1440 2824 1523 2845 mss.
1542 2814 1616 2855 ple-

134 2862 259 2903 rique'.
377 2864 420 2896 25
440 2864 625 2907 equitatem
643 2877 677 2898 ιι.
798 2867 840 2899 30
859 2871 1078 2900 certarentur
1089 2870 1170 2899 ante
1182 2876 1275 2899 corr.
1294 2877 1327 2907 α,
1349 2866 1569 2897 decertarent
1582 2866 1613 2898 b.
