1835 3240
714 172 1137 215 ——118—--

185 289 379 331 tuendas'.
431 288 487 328 At
508 302 543 328 c.
570 288 640 338 54,
664 287 688 327 3
720 288 814 328 haec
841 287 1030 340 legimus:
1058 284 1228 327 ‘Caesar
1248 293 1394 335 tamen,
1421 298 1505 324 cum
1530 285 1576 324 de
1598 297 1667 323 uo-

183 359 334 399 luntate
354 356 512 397 minime
535 355 690 395 dubium
712 361 820 394 esset
841 354 1158 393 aduersariorum
1182 367 1343 393 suorum
1361 383 1372 402 ,
1402 351 1591 405 Pompeio
1613 352 1668 391 le-

185 426 340 480 gionem
372 424 525 465 remisit
558 430 597 462 et
627 436 697 462 suo
729 421 887 461 nomine
910 421 1083 472 quintam
1108 421 1311 469 decimam,
1344 434 1456 473 quam
1477 420 1517 459 in
1540 418 1668 459 Gallia

185 494 368 535 citeriore
391 492 596 538 habuerat,
621 504 672 529 ex
694 495 853 528 senatus
876 488 1057 527 consulto
1078 486 1184 526 iubet
1206 487 1322 526 tradi.
1370 486 1416 525 In
1439 487 1522 526 eius
1545 487 1668 525 locum

184 562 341 602 tertiam
364 560 551 600 decimam
575 557 768 609 legionem
792 556 832 595 in
855 554 1007 594 Italiam
1032 555 1174 602 mittit,
1200 567 1300 606 quae
1323 554 1514 606 praesidia
1540 561 1670 593 tuere-

184 637 275 677 tur,
310 642 359 669 ex
383 626 518 679 quibus
543 623 745 678 praesidiis
769 623 903 675 quinta
926 621 1071 661 decima
1095 621 1384 660 deducebatur'.
1438 619 1540 659 Hinc
1562 627 1671 660 recte

184 698 262 737 iam
285 693 521 736 Ciacconius
554 691 692 731 statuit
721 696 886 742 utroque
918 690 1004 729 loco
1043 689 1204 728 eandem
1235 689 1426 742 legionem
1450 688 1669 741 ponendam

186 777 293 812 esse,
318 762 387 802 sed
410 760 517 800 falsis
540 757 767 813 quibusdam
789 756 1005 796 rationibus
1027 757 1207 796 inductus
1231 769 1313 796 eam
1337 761 1512 808 quartam
1542 753 1672 807 appel-

185 831 303 871 latam
326 829 446 868 fuisse
469 826 645 866 credidit.
699 823 842 878 Neque
874 824 1142 865 duodecimam
1167 831 1206 863 et
1226 823 1397 876 quintam
1422 823 1607 863 decimam
1631 821 1671 860 in

188 896 317 939 Gallia
339 894 524 934 citeriore
557 893 701 941 fuisse,
738 892 808 931 sed
839 905 981 941 unam,
1016 898 1055 931 et
1083 891 1255 944 quintam
1287 891 1473 930 decimam
1506 897 1672 941 utroque

186 966 273 1005 loco
295 961 510 1016 ponendam
535 973 625 999 esse
648 959 864 1013 apparebit,
891 972 991 1008 cum,
1018 967 1112 1012 quot
1133 959 1308 1012 legiones
1331 954 1486 998 Cacsar
1515 958 1554 997 in
1577 955 1672 997 Gal-

186 1033 238 1072 lia
258 1029 437 1071 habuerit
452 1059 462 1078 ,
498 1027 815 1081 exposuerimus.
869 1023 968 1067 Cum
992 1023 1144 1066 Caesar
1165 1041 1237 1080 pro
1256 1027 1416 1067 consule
1438 1027 1477 1066 in
1502 1023 1672 1065 Galliam

185 1099 364 1146 ueniret,
394 1097 434 1137 in
465 1095 652 1135 ulteriore
683 1093 885 1148 prouincia
915 1108 992 1134 una
1021 1101 1110 1134 erat
1130 1095 1233 1147 legio
1256 1093 1309 1144 (I,
1332 1093 1375 1143 7,
1399 1093 1461 1146 ⁶2),
1494 1100 1576 1132 tres
1599 1092 1675 1131 cir-

188 1182 275 1208 cum
296 1164 519 1218 Aquileiam
545 1162 782 1211 hiemabant,
807 1161 902 1202 duas
923 1162 1006 1215 ipse
1029 1160 1183 1202 Caesar
1203 1162 1243 1201 in
1265 1161 1449 1201 citeriore
1471 1160 1675 1214 prouincia

188 1232 425 1286 conscripsit
446 1239 485 1272 et
506 1231 575 1270 has
599 1230 769 1283 quinque
790 1229 830 1269 in
853 1230 1077 1270 ulteriorem
1097 1228 1264 1270 Galliam
1280 1226 1508 1277 adduxitd,
1529 1225 1594 1277 10,
1609 1226 1669 1277 3).

187 1302 326 1356 Itaque
348 1299 471 1354 primo
495 1311 598 1337 anno
621 1311 697 1337 sex
717 1297 894 1350 legiones
916 1296 955 1336 in
978 1298 1156 1337 exercitu
1179 1294 1366 1337 Caesaris
1400 1297 1578 1343 fuerunt,
1611 1294 1674 1347 qui

189 1381 376 1412 numerus
398 1365 432 1415 I,
455 1365 526 1416 24,
550 1367 576 1407 2
597 1365 755 1418 legitur.
792 1362 975 1405 Secundo
995 1378 1098 1404 anno
1122 1365 1216 1404 duas
1238 1364 1413 1417 legiones
1436 1376 1560 1402 nouas
1584 1375 1676 1401 con-

191 1436 350 1491 scripsit
371 1432 444 1482 (II,
469 1433 529 1485 2):
557 1440 596 1473 et
617 1430 670 1482 II,
696 1430 736 1481 8,
762 1431 787 1471 5
821 1440 908 1472 octo
940 1433 1117 1486 legiones
1150 1430 1449 1471 commemorari
1484 1430 1673 1470 uidemus.

190 1504 342 1546 Harum
374 1516 449 1543 sex
480 1508 692 1541 ueteranae
723 1499 836 1540 initio
866 1499 1037 1540 Neruici
1070 1499 1208 1553 proelii
1231 1499 1410 1546 aderant,
1437 1498 1551 1546 duae,
1578 1511 1677 1549 quae

190 1587 236 1615 eo
270 1584 373 1611 anno
416 1568 663 1620 conscriptae
699 1568 879 1616 fuerant,
921 1568 991 1607 sub
1029 1569 1143 1607 finem
1186 1566 1323 1619 proelii
1364 1571 1680 1616 superuenerunt

191 1642 248 1692 (c.
275 1638 351 1686 19,
386 1636 414 1678 2
444 1643 484 1675 et
504 1635 563 1686 5).
598 1632 696 1674 Illae
720 1648 792 1674 sex
816 1649 851 1674 c.
876 1635 930 1676 23
953 1636 1198 1688 appellantur
1231 1631 1324 1681 VII,
1358 1629 1471 1680 VIII,
1508 1629 1583 1678 IX,
1617 1628 1674 1680 Χ,

189 1706 268 1757 ΧΙ,
296 1703 393 1746 ΧΙΙ.
426 1702 563 1755 ltaque
586 1715 672 1740 cum
696 1715 764 1741 eae
786 1702 980 1754 legiones,
1007 1715 1105 1755 quae
1128 1702 1166 1740 in
1190 1700 1374 1741 citeriore
1398 1698 1525 1739 Gallia
1548 1705 1677 1747 erant,

191 1775 339 1830 primae
361 1777 590 1812 numeratae
613 1782 701 1809 esse
725 1769 950 1818 uideantur,
977 1777 1056 1810 tres
1078 1770 1181 1818 illas,
1208 1783 1306 1821 quae
1327 1769 1499 1808 aduentu
1521 1767 1560 1805 in
1584 1764 1680 1806 GaI-

190 1843 281 1883 liam
306 1838 494 1881 Caesaris
518 1837 663 1877 circum
684 1836 904 1889 Aquileiam
937 1837 1184 1886 hiemabant,
1222 1835 1422 1889 septimam
1439 1866 1448 1884 ,
1483 1841 1678 1883 octauam,

192 1923 360 1958 nonam,
393 1919 507 1946 unam
524 1936 534 1955 ,
570 1917 667 1957 quae
699 1905 739 1944 in
762 1905 950 1945 ulteriore
972 1905 1176 1958 prouincia
1198 1910 1300 1952 erat,
1325 1903 1541 1952 decimam,
1567 1903 1678 1952 duas,

194 1991 294 2032 quae
326 1974 448 2031 primo
479 1987 584 2013 anno
616 1972 861 2026 conscriptae
892 1979 1007 2022 sunt,
1041 1971 1285 2012 undecimam
1318 1977 1357 2011 et
1388 1970 1679 2019 duodecimam,

197 2047 292 2086 duas
316 2046 481 2097 denique
497 2075 507 2094 ,
542 2056 642 2096 quae
665 2041 737 2081 hoc
760 2040 930 2081 secundo
953 2054 1056 2080 anno
1079 2046 1358 2088 accesserunt,
1399 2038 1553 2078 tertiam
1579 2037 1682 2078 deci-

194 2128 295 2154 mam
319 2120 357 2154 et
379 2120 558 2166 quartam
580 2111 768 2151 decimam
792 2109 1006 2162 appellatas
1041 2121 1128 2147 esse
1161 2114 1392 2147 statuemus.
1442 2104 1497 2144 Et
1524 2105 1684 2145 undeci-

194 2195 296 2221 mam
328 2181 452 2233 primo
483 2192 587 2220 anno
617 2177 867 2218 constitutam
902 2189 989 2217 esse
1022 2174 1175 2215 Hirtius
1199 2172 1313 2223 VIII,
1337 2172 1377 2222 8,
1402 2172 1430 2214 2
1460 2173 1682 2222 confirmat,

196 2248 263 2289 ubi
285 2248 505 2301 septimam,
530 2252 726 2294 octauam,
751 2258 893 2285 nonam
918 2243 1153 2284 ueterrimas
1177 2243 1286 2292 dicit,
1310 2240 1568 2289 undecimam,
1594 2239 1684 2279 licet

201 2322 288 2356 octo
321 2315 514 2368 stipendia
545 2313 782 2363 meruisset,
827 2312 998 2351 nondum
1040 2318 1168 2350 tamen
1202 2310 1365 2350 eandem
1397 2307 1609 2348 uetustatis
1639 2320 1684 2346 ac

195 2383 353 2424 uirtutis
377 2382 528 2435 cepisse
550 2381 787 2435 opinionem.
836 2378 1037 2420 Proximis
1068 2377 1193 2418 tribus
1217 2377 1330 2417 annis
1353 2390 1478 2416 nouas
1510 2375 1685 2428 legiones

198 2451 443 2503 conscriptas
481 2463 559 2488 non
587 2461 676 2488 esse
706 2455 746 2487 et
767 2447 903 2501 quinto
925 2460 1027 2487 anno
1049 2445 1268 2486 exercitum
1293 2444 1488 2484 etiamtum
1521 2448 1610 2482 octo
1632 2441 1687 2481 le-

199 2518 381 2573 gionibus
404 2516 631 2557 constitisse
653 2529 706 2554 ex
726 2514 781 2564 V,
805 2513 831 2555 8
854 2515 1030 2554 uidemus
1049 2544 1059 2562 ,
1090 2513 1166 2553 nisi
1189 2512 1287 2565 quod
1311 2524 1357 2550 eo
1380 2524 1482 2550 anno
1515 2509 1687 2562 quinque

200 2586 382 2627 cohortes
404 2597 521 2637 supra
544 2596 748 2623 numerum
771 2583 944 2621 fuerunt..
1001 2579 1107 2621 Nam
1129 2579 1182 2630 V,
1207 2579 1261 2618 ‘24
1294 2576 1446 2619 Caesar
1466 2577 1687 2630 legionibus

201 2652 366 2693 hiberna
386 2652 441 2691 ita
463 2649 668 2690 distributa
690 2662 777 2689 esse
799 2649 946 2688 refert:
975 2646 1140 2697 ‘unam',
1164 2645 1306 2698 inquit,
1335 2646 1390 2685 ‘in
1411 2643 1596 2685 Morinos
1619 2645 1687 2684 du-

202 2721 365 2761 cendam
397 2715 446 2759 C.
480 2715 605 2757 Fabio
636 2715 765 2770 legato
795 2715 921 2764 dedit,
952 2715 1114 2755 alteram
1144 2713 1183 2752 in
1204 2712 1381 2754 Neruios
1405 2711 1457 2765 Q.
1483 2710 1685 2762 Ciceroni,

203 2788 360 2829 tertiam
380 2786 421 2827 in
433 2784 605 2826 Esuuios
628 2781 679 2823 L.
694 2781 857 2823 Roscio'
880 2782 1000 2834 (hanc
1021 2781 1145 2822 fuisse
1164 2780 1322 2820 tertiam
1347 2780 1533 2820 decimam
1556 2793 1592 2819 c.
1617 2777 1686 2829 53,

206 2853 234 2895 6
255 2854 511 2907 declaratur),
553 2857 743 2906 ‘quartam
775 2864 861 2891 cum
884 2848 935 2890 T.
959 2847 1138 2890 Labieno
1168 2847 1209 2889 in
1231 2847 1398 2888 confinio
1420 2846 1690 2889 Treuerorum
