<?xml version="1.0" encoding="UTF-8"?>
<!DOCTYPE html PUBLIC "-//W3C//DTD XHTML 1.0 Transitional//EN"
    "http://www.w3.org/TR/xhtml1/DTD/xhtml1-transitional.dtd">
<html xmlns="http://www.w3.org/1999/xhtml" xml:lang="en" lang="en">
 <head>
  <title>
</title>
<meta http-equiv="Content-Type" content="text/html;charset=utf-8" />
  <meta name='ocr-system' content='tesseract 3.04.00' />
  <meta name='ocr-capabilities' content='ocr_page ocr_carea ocr_par ocr_line ocrx_word'/>
</head>
<body>
  <div class='ocr_page' id='page_1' title='image "./commentarii00caesuoft_0751.png"; bbox 0 0 1835 3240; ppageno 0'>
   <div class='ocr_carea' id='block_1_1' title="bbox 73 922 114 954">
    <p class='ocr_par' dir='ltr' id='par_1_1' title="bbox 73 922 114 954">
     <span class='ocr_line' id='line_1_1' title="bbox 73 922 114 954; baseline 0.024 -1"><span class='ocrx_word' id='word_1_1' title='bbox 73 922 114 954; x_wconf 87' lang='lat'>10</span> 
     </span>
    </p>
   </div>
   <div class='ocr_carea' id='block_1_2' title="bbox 70 1260 109 1292">
    <p class='ocr_par' dir='ltr' id='par_1_2' title="bbox 70 1260 109 1292">
     <span class='ocr_line' id='line_1_2' title="bbox 70 1260 109 1292; baseline 0 0"><span class='ocrx_word' id='word_1_2' title='bbox 70 1260 109 1292; x_wconf 86' lang='lat'>15</span> 
     </span>
    </p>
   </div>
   <div class='ocr_carea' id='block_1_3' title="bbox 64 1598 107 1633">
    <p class='ocr_par' dir='ltr' id='par_1_3' title="bbox 64 1598 107 1633">
     <span class='ocr_line' id='line_1_3' title="bbox 64 1598 107 1633; baseline -0.023 0"><span class='ocrx_word' id='word_1_3' title='bbox 64 1598 107 1633; x_wconf 85' lang='lat'>20</span> 
     </span>
    </p>
   </div>
   <div class='ocr_carea' id='block_1_4' title="bbox 64 1937 107 1971">
    <p class='ocr_par' dir='ltr' id='par_1_4' title="bbox 64 1937 107 1971">
     <span class='ocr_line' id='line_1_4' title="bbox 64 1937 107 1971; baseline -0.023 0"><span class='ocrx_word' id='word_1_4' title='bbox 64 1937 107 1971; x_wconf 80' lang='lat'>25</span> 
     </span>
    </p>
   </div>
   <div class='ocr_carea' id='block_1_5' title="bbox 681 187 1703 233">
    <p class='ocr_par' dir='ltr' id='par_1_5' title="bbox 681 187 1703 233">
     <span class='ocr_line' id='line_1_5' title="bbox 681 187 1703 233; baseline -0.003 -1"><span class='ocrx_word' id='word_1_5' title='bbox 681 188 868 233; x_wconf 77' lang='lat' dir='ltr'><strong>CAPVT</strong></span> <span class='ocrx_word' id='word_1_6' title='bbox 892 188 945 231; x_wconf 80' lang='lat'>39</span> <span class='ocrx_word' id='word_1_7' title='bbox 957 214 1008 219; x_wconf 90' lang='lat'>-—</span> <span class='ocrx_word' id='word_1_8' title='bbox 1022 187 1092 228; x_wconf 87' lang='lat'>41.</span> <span class='ocrx_word' id='word_1_9' title='bbox 1623 188 1703 229; x_wconf 79' lang='grc'>741</span> 
     </span>
    </p>
   </div>
   <div class='ocr_carea' id='block_1_6' title="bbox 147 301 1678 562">
    <p class='ocr_par' dir='ltr' id='par_1_6' title="bbox 147 301 1678 562">
     <span class='ocr_line' id='line_1_6' title="bbox 149 301 1678 359; baseline -0.003 -12"><span class='ocrx_word' id='word_1_10' title='bbox 149 305 358 355; x_wconf 87' lang='lat' dir='ltr'>Lusitani,</span> <span class='ocrx_word' id='word_1_11' title='bbox 386 304 451 358; x_wconf 86' lang='lat' dir='ltr'>qui</span> <span class='ocrx_word' id='word_1_12' title='bbox 473 318 523 344; x_wconf 79' lang='lat' dir='ltr'>ex</span> <span class='ocrx_word' id='word_1_13' title='bbox 547 318 675 359; x_wconf 79' lang='lat' dir='ltr'>pugna</span> <span class='ocrx_word' id='word_1_14' title='bbox 698 305 999 358; x_wconf 85' lang='lat' dir='ltr'>superfuerunt,</span> <span class='ocrx_word' id='word_1_15' title='bbox 1025 302 1069 343; x_wconf 89' lang='lat' dir='ltr'>ad</span> <span class='ocrx_word' id='word_1_16' title='bbox 1093 301 1246 354; x_wconf 86' lang='lat' dir='ltr'>signum</span> <span class='ocrx_word' id='word_1_17' title='bbox 1272 314 1314 341; x_wconf 90' lang='lat' dir='ltr'>se</span> <span class='ocrx_word' id='word_1_18' title='bbox 1336 310 1570 356; x_wconf 82' lang='lat' dir='ltr'>receperunt</span> <span class='ocrx_word' id='word_1_19' title='bbox 1594 309 1632 342; x_wconf 91' lang='lat' dir='ltr'>et</span> <span class='ocrx_word' id='word_1_20' title='bbox 1652 303 1678 342; x_wconf 76' lang='lat'>2</span> 
     </span>
     <span class='ocr_line' id='line_1_7' title="bbox 148 369 1678 426; baseline -0.002 -13"><span class='ocrx_word' id='word_1_21' title='bbox 148 374 248 414; x_wconf 89' lang='lat' dir='ltr'>bene</span> <span class='ocrx_word' id='word_1_22' title='bbox 279 387 419 426; x_wconf 85' lang='lat' dir='ltr'>magna</span> <span class='ocrx_word' id='word_1_23' title='bbox 448 387 564 413; x_wconf 87' lang='lat' dir='ltr'>manu</span> <span class='ocrx_word' id='word_1_24' title='bbox 596 380 817 426; x_wconf 89' lang='lat' dir='ltr'>comparata</span> <span class='ocrx_word' id='word_1_25' title='bbox 849 373 894 412; x_wconf 90' lang='lat' dir='ltr'>ad</span> <span class='ocrx_word' id='word_1_26' title='bbox 920 371 1076 411; x_wconf 85' lang='lat' dir='ltr'>Didium</span> <span class='ocrx_word' id='word_1_27' title='bbox 1109 383 1151 409; x_wconf 86' lang='lat' dir='ltr'>sc</span> <span class='ocrx_word' id='word_1_28' title='bbox 1173 375 1389 422; x_wconf 79' lang='lat' dir='ltr'>reportant.</span> <span class='ocrx_word' id='word_1_29' title='bbox 1435 369 1534 409; x_wconf 75' lang='grc'><strong>111110</strong></span> <span class='ocrx_word' id='word_1_30' title='bbox 1558 370 1629 410; x_wconf 89' lang='lat' dir='ltr'>ctsi</span> <span class='ocrx_word' id='word_1_31' title='bbox 1654 370 1678 410; x_wconf 85' lang='lat'>3</span> 
     </span>
     <span class='ocr_line' id='line_1_8' title="bbox 147 440 1631 495; baseline -0.002 -15"><span class='ocrx_word' id='word_1_32' title='bbox 147 455 225 480; x_wconf 91' lang='lat' dir='ltr'>non</span> <span class='ocrx_word' id='word_1_33' title='bbox 255 440 390 481; x_wconf 87' lang='lat' dir='ltr'>aberat</span> <span class='ocrx_word' id='word_1_34' title='bbox 423 441 626 495; x_wconf 68' lang='lat' dir='ltr'>diligentia</span> <span class='ocrx_word' id='word_1_35' title='bbox 657 441 704 480; x_wconf 88' lang='lat' dir='ltr'>ad</span> <span class='ocrx_word' id='word_1_36' title='bbox 737 453 859 479; x_wconf 84' lang='lat' dir='ltr'>naues</span> <span class='ocrx_word' id='word_1_37' title='bbox 891 440 1079 486; x_wconf 89' lang='lat' dir='ltr'>tuendas,</span> <span class='ocrx_word' id='word_1_38' title='bbox 1116 444 1245 478; x_wconf 87' lang='lat' dir='ltr'>tamen</span> <span class='ocrx_word' id='word_1_39' title='bbox 1268 451 1555 489; x_wconf 75' lang='lat' dir='ltr'>imnnuniquam</span> <span class='ocrx_word' id='word_1_40' title='bbox 1579 453 1631 477; x_wconf 69' lang='lat' dir='ltr'>cx</span> 
     </span>
     <span class='ocr_line' id='line_1_9' title="bbox 148 504 1631 562; baseline -0.002 -14"><span class='ocrx_word' id='word_1_41' title='bbox 148 508 311 548; x_wconf 87' lang='lat' dir='ltr'>castello</span> <span class='ocrx_word' id='word_1_42' title='bbox 343 515 502 562; x_wconf 88' lang='lat' dir='ltr'>propter</span> <span class='ocrx_word' id='word_1_43' title='bbox 532 522 666 547; x_wconf 90' lang='lat' dir='ltr'>eorum</span> <span class='ocrx_word' id='word_1_44' title='bbox 699 507 857 547; x_wconf 84' lang='lat' dir='ltr'>crebras</span> <span class='ocrx_word' id='word_1_45' title='bbox 889 507 1147 547; x_wconf 78' lang='lat' dir='ltr'>excursiones</span> <span class='ocrx_word' id='word_1_46' title='bbox 1182 504 1413 546; x_wconf 75' lang='lat' dir='ltr'>eliciebatur</span> <span class='ocrx_word' id='word_1_47' title='bbox 1443 512 1481 544; x_wconf 88' lang='lat' dir='ltr'>ct</span> <span class='ocrx_word' id='word_1_48' title='bbox 1513 519 1631 559; x_wconf 90' lang='lat' dir='ltr'>prope</span> 
     </span>
    </p>
   </div>
   <div class='ocr_carea' id='block_1_7' title="bbox 147 572 1680 765">
    <p class='ocr_par' dir='ltr' id='par_1_7' title="bbox 147 572 1680 765">
     <span class='ocr_line' id='line_1_10' title="bbox 153 572 1632 630; baseline -0.003 -14"><span class='ocrx_word' id='word_1_49' title='bbox 153 576 359 616; x_wconf 70' lang='lat' dir='ltr'>cotidianis</span> <span class='ocrx_word' id='word_1_50' title='bbox 389 575 530 630; x_wconf 82' lang='lat' dir='ltr'>pugnis</span> <span class='ocrx_word' id='word_1_51' title='bbox 556 605 754 614; x_wconf 90' lang='lat'><strong>......</strong></span> <span class='ocrx_word' id='word_1_52' title='bbox 780 575 942 614; x_wconf 72' lang='lat' dir='ltr'>insidias</span> <span class='ocrx_word' id='word_1_53' title='bbox 966 581 1115 628; x_wconf 89' lang='lat' dir='ltr'>ponunt</span> <span class='ocrx_word' id='word_1_54' title='bbox 1137 580 1176 614; x_wconf 90' lang='lat' dir='ltr'>et</span> <span class='ocrx_word' id='word_1_55' title='bbox 1196 572 1393 626; x_wconf 86' lang='lat' dir='ltr'>tripartito</span> <span class='ocrx_word' id='word_1_56' title='bbox 1418 572 1532 625; x_wconf 78' lang='lat' dir='ltr'>signa</span> <span class='ocrx_word' id='word_1_57' title='bbox 1556 573 1632 611; x_wconf 88' lang='lat' dir='ltr'>dis-</span> 
     </span>
     <span class='ocr_line' id='line_1_11' title="bbox 150 641 1680 696; baseline -0.001 -13"><span class='ocrx_word' id='word_1_58' title='bbox 150 644 339 683; x_wconf 89' lang='lat' dir='ltr'>tribuunt.</span> <span class='ocrx_word' id='word_1_59' title='bbox 375 642 504 683; x_wconf 82' lang='lat' dir='ltr'>Erant</span> <span class='ocrx_word' id='word_1_60' title='bbox 526 643 676 696; x_wconf 86' lang='lat' dir='ltr'>parati,</span> <span class='ocrx_word' id='word_1_61' title='bbox 703 643 764 695; x_wconf 92' lang='lat' dir='ltr'>qui</span> <span class='ocrx_word' id='word_1_62' title='bbox 790 656 913 682; x_wconf 88' lang='lat' dir='ltr'>naues</span> <span class='ocrx_word' id='word_1_63' title='bbox 937 642 1218 691; x_wconf 82' lang='lat' dir='ltr'>incenderent,</span> <span class='ocrx_word' id='word_1_64' title='bbox 1245 641 1497 693; x_wconf 80' lang='lat' dir='ltr'>incensisque</span> <span class='ocrx_word' id='word_1_65' title='bbox 1519 642 1547 693; x_wconf 58' lang='grc' dir='ltr'><strong>ἦ</strong></span> <span class='ocrx_word' id='word_1_66' title='bbox 1569 641 1632 693; x_wconf 87' lang='lat' dir='ltr'>qui</span> <span class='ocrx_word' id='word_1_67' title='bbox 1654 641 1680 681; x_wconf 88' lang='grc'>4</span> 
     </span>
     <span class='ocr_line' id='line_1_12' title="bbox 147 709 1628 765; baseline -0.002 -14"><span class='ocrx_word' id='word_1_68' title='bbox 147 711 359 751; x_wconf 85' lang='lat' dir='ltr'>subsidium</span> <span class='ocrx_word' id='word_1_69' title='bbox 394 717 645 765; x_wconf 79' lang='lat' dir='ltr'>repeterent:</span> <span class='ocrx_word' id='word_1_70' title='bbox 683 710 720 751; x_wconf 93' lang='lat' dir='ltr'>hi</span> <span class='ocrx_word' id='word_1_71' title='bbox 752 711 808 751; x_wconf 89' lang='lat' dir='ltr'>sic</span> <span class='ocrx_word' id='word_1_72' title='bbox 831 710 1008 764; x_wconf 78' lang='lat' dir='ltr'>dispositi</span> <span class='ocrx_word' id='word_1_73' title='bbox 1032 716 1167 759; x_wconf 83' lang='lat' dir='ltr'>erant,</span> <span class='ocrx_word' id='word_1_74' title='bbox 1195 715 1235 748; x_wconf 88' lang='lat' dir='ltr'>ut</span> <span class='ocrx_word' id='word_1_75' title='bbox 1257 723 1277 748; x_wconf 84' lang='lat' dir='ltr'>a</span> <span class='ocrx_word' id='word_1_76' title='bbox 1300 709 1404 748; x_wconf 84' lang='grc'><strong>1111110</strong></span> <span class='ocrx_word' id='word_1_77' title='bbox 1431 738 1628 748; x_wconf 63' lang='grc'><strong>......</strong></span> 
     </span>
    </p>
   </div>
   <div class='ocr_carea' id='block_1_8' title="bbox 138 775 1704 2126">
    <p class='ocr_par' dir='ltr' id='par_1_8' title="bbox 138 775 1704 2126">
     <span class='ocr_line' id='line_1_13' title="bbox 148 775 1678 832; baseline -0.002 -13"><span class='ocrx_word' id='word_1_78' title='bbox 148 786 361 832; x_wconf 83' lang='lat' dir='ltr'>conspectu</span> <span class='ocrx_word' id='word_1_79' title='bbox 393 778 563 818; x_wconf 90' lang='lat' dir='ltr'>omnium</span> <span class='ocrx_word' id='word_1_80' title='bbox 598 779 645 818; x_wconf 90' lang='lat' dir='ltr'>ad</span> <span class='ocrx_word' id='word_1_81' title='bbox 677 793 845 832; x_wconf 84' lang='lat' dir='ltr'>pugnam</span> <span class='ocrx_word' id='word_1_82' title='bbox 877 778 1134 818; x_wconf 86' lang='lat' dir='ltr'>contendunt.</span> <span class='ocrx_word' id='word_1_83' title='bbox 1179 775 1238 817; x_wconf 87' lang='lat' dir='ltr'>Ita</span> <span class='ocrx_word' id='word_1_84' title='bbox 1271 791 1354 816; x_wconf 90' lang='lat' dir='ltr'>cum</span> <span class='ocrx_word' id='word_1_85' title='bbox 1386 790 1437 817; x_wconf 80' lang='lat' dir='ltr'>ex</span> <span class='ocrx_word' id='word_1_86' title='bbox 1469 776 1630 816; x_wconf 86' lang='lat' dir='ltr'>castello</span> <span class='ocrx_word' id='word_1_87' title='bbox 1654 776 1678 817; x_wconf 86' lang='lat'>5</span> 
     </span>
     <span class='ocr_line' id='line_1_14' title="bbox 146 843 1632 900; baseline -0.001 -14"><span class='ocrx_word' id='word_1_88' title='bbox 146 845 286 887; x_wconf 88' lang='lat' dir='ltr'>Didius</span> <span class='ocrx_word' id='word_1_89' title='bbox 309 847 355 887; x_wconf 89' lang='lat' dir='ltr'>ad</span> <span class='ocrx_word' id='word_1_90' title='bbox 373 847 666 900; x_wconf 89' lang='lat' dir='ltr'>propellendum</span> <span class='ocrx_word' id='word_1_91' title='bbox 691 847 951 900; x_wconf 80' lang='lat' dir='ltr'>processisset</span> <span class='ocrx_word' id='word_1_92' title='bbox 972 861 1058 886; x_wconf 91' lang='grc'><strong>011111</strong></span> <span class='ocrx_word' id='word_1_93' title='bbox 1082 845 1219 898; x_wconf 90' lang='lat' dir='ltr'>copiis,</span> <span class='ocrx_word' id='word_1_94' title='bbox 1245 845 1400 898; x_wconf 81' lang='lat' dir='ltr'>signum</span> <span class='ocrx_word' id='word_1_95' title='bbox 1424 859 1442 885; x_wconf 90' lang='lat' dir='ltr'>a</span> <span class='ocrx_word' id='word_1_96' title='bbox 1468 843 1632 884; x_wconf 88' lang='lat' dir='ltr'>Lusita-</span> 
     </span>
     <span class='ocr_line' id='line_1_15' title="bbox 145 913 1632 966; baseline -0.001 -12"><span class='ocrx_word' id='word_1_97' title='bbox 145 914 206 954; x_wconf 92' lang='lat' dir='ltr'>nis</span> <span class='ocrx_word' id='word_1_98' title='bbox 229 914 405 964; x_wconf 89' lang='lat' dir='ltr'>tollitur,</span> <span class='ocrx_word' id='word_1_99' title='bbox 430 929 553 955; x_wconf 82' lang='lat' dir='ltr'>naues</span> <span class='ocrx_word' id='word_1_100' title='bbox 576 915 862 963; x_wconf 88' lang='lat' dir='ltr'>incenduntur,</span> <span class='ocrx_word' id='word_1_101' title='bbox 897 915 1089 966; x_wconf 89' lang='lat' dir='ltr'>simulque</span> <span class='ocrx_word' id='word_1_102' title='bbox 1106 944 1116 963; x_wconf 93' lang='lat'>,</span> <span class='ocrx_word' id='word_1_103' title='bbox 1152 913 1212 965; x_wconf 91' lang='lat' dir='ltr'>qui</span> <span class='ocrx_word' id='word_1_104' title='bbox 1237 927 1287 952; x_wconf 79' lang='lat' dir='ltr'>ex</span> <span class='ocrx_word' id='word_1_105' title='bbox 1310 913 1470 952; x_wconf 80' lang='lat' dir='ltr'>castello</span> <span class='ocrx_word' id='word_1_106' title='bbox 1494 913 1541 952; x_wconf 88' lang='lat' dir='ltr'>ad</span> <span class='ocrx_word' id='word_1_107' title='bbox 1564 927 1632 966; x_wconf 89' lang='lat' dir='ltr'>pu-</span> 
     </span>
     <span class='ocr_line' id='line_1_16' title="bbox 144 981 1632 1036; baseline -0.001 -15"><span class='ocrx_word' id='word_1_108' title='bbox 144 996 259 1036; x_wconf 84' lang='lat' dir='ltr'>gnam</span> <span class='ocrx_word' id='word_1_109' title='bbox 283 989 584 1036; x_wconf 82' lang='lat' dir='ltr'>processerant,</span> <span class='ocrx_word' id='word_1_110' title='bbox 621 983 754 1022; x_wconf 82' lang='lat' dir='ltr'>eodem</span> <span class='ocrx_word' id='word_1_111' title='bbox 779 983 917 1036; x_wconf 86' lang='lat' dir='ltr'>signo,</span> <span class='ocrx_word' id='word_1_112' title='bbox 954 982 1150 1035; x_wconf 79' lang='lat' dir='ltr'>fugientes</span> <span class='ocrx_word' id='word_1_113' title='bbox 1183 981 1354 1020; x_wconf 77' lang='lat' dir='ltr'>latrones</span> <span class='ocrx_word' id='word_1_114' title='bbox 1379 982 1463 1020; x_wconf 84' lang='lat' dir='ltr'>dum</span> <span class='ocrx_word' id='word_1_115' title='bbox 1499 994 1632 1034; x_wconf 74' lang='lat' dir='ltr'>perse-</span> 
     </span>
     <span class='ocr_line' id='line_1_17' title="bbox 143 1047 1680 1102; baseline -0.001 -13"><span class='ocrx_word' id='word_1_116' title='bbox 143 1056 310 1098; x_wconf 88' lang='lat' dir='ltr'>cuntur,</span> <span class='ocrx_word' id='word_1_117' title='bbox 345 1064 367 1090; x_wconf 93' lang='lat' dir='ltr'>a</span> <span class='ocrx_word' id='word_1_118' title='bbox 398 1057 509 1102; x_wconf 83' lang='lat' dir='ltr'>tergo</span> <span class='ocrx_word' id='word_1_119' title='bbox 540 1049 706 1089; x_wconf 84' lang='lat' dir='ltr'>insidiae</span> <span class='ocrx_word' id='word_1_120' title='bbox 739 1049 909 1089; x_wconf 84' lang='lat' dir='ltr'>clamore</span> <span class='ocrx_word' id='word_1_121' title='bbox 942 1050 1095 1089; x_wconf 86' lang='lat' dir='ltr'>sublato</span> <span class='ocrx_word' id='word_1_122' title='bbox 1120 1049 1446 1088; x_wconf 88' lang='lat' dir='ltr'>circumucniunt.</span> <span class='ocrx_word' id='word_1_123' title='bbox 1492 1047 1632 1088; x_wconf 80' lang='lat' dir='ltr'>Didius</span> <span class='ocrx_word' id='word_1_124' title='bbox 1655 1047 1680 1087; x_wconf 86' lang='grc'><strong>6</strong></span> 
     </span>
     <span class='ocr_line' id='line_1_18' title="bbox 142 1117 1631 1171; baseline -0.002 -14"><span class='ocrx_word' id='word_1_125' title='bbox 142 1131 282 1171; x_wconf 86' lang='lat' dir='ltr'>magna</span> <span class='ocrx_word' id='word_1_126' title='bbox 307 1132 393 1157; x_wconf 90' lang='lat' dir='ltr'>cum</span> <span class='ocrx_word' id='word_1_127' title='bbox 417 1117 563 1157; x_wconf 90' lang='lat' dir='ltr'>uirtute</span> <span class='ocrx_word' id='word_1_128' title='bbox 581 1132 666 1157; x_wconf 89' lang='lat' dir='ltr'>cum</span> <span class='ocrx_word' id='word_1_129' title='bbox 682 1117 947 1171; x_wconf 84' lang='lat' dir='ltr'>compluribus</span> <span class='ocrx_word' id='word_1_130' title='bbox 963 1117 1224 1164; x_wconf 78' lang='lat' dir='ltr'>interlicitur3</span> <span class='ocrx_word' id='word_1_131' title='bbox 1251 1117 1425 1155; x_wconf 88' lang='lat' dir='ltr'>nonnulli</span> <span class='ocrx_word' id='word_1_132' title='bbox 1444 1131 1486 1155; x_wconf 76' lang='lat' dir='ltr'>ea</span> <span class='ocrx_word' id='word_1_133' title='bbox 1504 1130 1631 1169; x_wconf 72' lang='lat' dir='ltr'>pugna</span> 
     </span>
     <span class='ocr_line' id='line_1_19' title="bbox 144 1183 1678 1239; baseline -0.001 -14"><span class='ocrx_word' id='word_1_134' title='bbox 144 1185 309 1238; x_wconf 80' lang='lat' dir='ltr'>scaphas</span> <span class='ocrx_word' id='word_1_135' title='bbox 325 1215 335 1235; x_wconf 93' lang='lat'>,</span> <span class='ocrx_word' id='word_1_136' title='bbox 361 1198 460 1238; x_wconf 89' lang='lat' dir='ltr'>quae</span> <span class='ocrx_word' id='word_1_137' title='bbox 483 1185 528 1225; x_wconf 88' lang='lat' dir='ltr'>ad</span> <span class='ocrx_word' id='word_1_138' title='bbox 551 1185 642 1225; x_wconf 89' lang='lat' dir='ltr'>litus</span> <span class='ocrx_word' id='word_1_139' title='bbox 666 1187 837 1236; x_wconf 83' lang='lat' dir='ltr'>fuerant,</span> <span class='ocrx_word' id='word_1_140' title='bbox 863 1193 1079 1239; x_wconf 84' lang='lat' dir='ltr'>occupant,</span> <span class='ocrx_word' id='word_1_141' title='bbox 1105 1186 1196 1225; x_wconf 90' lang='lat' dir='ltr'>item</span> <span class='ocrx_word' id='word_1_142' title='bbox 1223 1185 1437 1239; x_wconf 84' lang='lat' dir='ltr'>[nonnulli]</span> <span class='ocrx_word' id='word_1_143' title='bbox 1463 1185 1632 1238; x_wconf 84' lang='lat' dir='ltr'>complu·</span> <span class='ocrx_word' id='word_1_144' title='bbox 1653 1183 1678 1223; x_wconf 89' lang='lat'><strong>7</strong></span> 
     </span>
     <span class='ocr_line' id='line_1_20' title="bbox 141 1252 1629 1307; baseline -0.001 -14"><span class='ocrx_word' id='word_1_145' title='bbox 141 1267 207 1293; x_wconf 91' lang='lat' dir='ltr'>res</span> <span class='ocrx_word' id='word_1_146' title='bbox 232 1253 360 1293; x_wconf 91' lang='lat' dir='ltr'>nando</span> <span class='ocrx_word' id='word_1_147' title='bbox 382 1254 429 1293; x_wconf 87' lang='lat' dir='ltr'>ad</span> <span class='ocrx_word' id='word_1_148' title='bbox 453 1267 599 1303; x_wconf 91' lang='lat' dir='ltr'>naues,</span> <span class='ocrx_word' id='word_1_149' title='bbox 636 1268 734 1306; x_wconf 87' lang='lat' dir='ltr'>quae</span> <span class='ocrx_word' id='word_1_150' title='bbox 757 1254 797 1293; x_wconf 93' lang='lat' dir='ltr'>in</span> <span class='ocrx_word' id='word_1_151' title='bbox 820 1254 902 1294; x_wconf 89' lang='lat' dir='ltr'>salo</span> <span class='ocrx_word' id='word_1_152' title='bbox 926 1255 1108 1304; x_wconf 84' lang='lat' dir='ltr'>suerunt,</span> <span class='ocrx_word' id='word_1_153' title='bbox 1143 1268 1185 1294; x_wconf 87' lang='lat' dir='ltr'>se</span> <span class='ocrx_word' id='word_1_154' title='bbox 1219 1254 1410 1307; x_wconf 83' lang='lat' dir='ltr'>recipiunt</span> <span class='ocrx_word' id='word_1_155' title='bbox 1430 1284 1439 1302; x_wconf 93' lang='lat'>,</span> <span class='ocrx_word' id='word_1_156' title='bbox 1475 1252 1629 1292; x_wconf 83' lang='lat' dir='ltr'>ancoris</span> 
     </span>
     <span class='ocr_line' id='line_1_21' title="bbox 142 1320 1633 1376; baseline 0 -16"><span class='ocrx_word' id='word_1_157' title='bbox 142 1320 309 1361; x_wconf 90' lang='lat' dir='ltr'>sublatis</span> <span class='ocrx_word' id='word_1_158' title='bbox 332 1321 492 1375; x_wconf 85' lang='lat' dir='ltr'>pelagus</span> <span class='ocrx_word' id='word_1_159' title='bbox 514 1321 634 1362; x_wconf 91' lang='lat' dir='ltr'>remis</span> <span class='ocrx_word' id='word_1_160' title='bbox 658 1329 791 1375; x_wconf 89' lang='lat' dir='ltr'>petere</span> <span class='ocrx_word' id='word_1_161' title='bbox 815 1329 1055 1376; x_wconf 70' lang='lat' dir='ltr'>coeperunt,</span> <span class='ocrx_word' id='word_1_162' title='bbox 1082 1336 1180 1375; x_wconf 89' lang='lat' dir='ltr'>quae</span> <span class='ocrx_word' id='word_1_163' title='bbox 1202 1336 1266 1362; x_wconf 89' lang='lat' dir='ltr'>res</span> <span class='ocrx_word' id='word_1_164' title='bbox 1285 1336 1415 1362; x_wconf 89' lang='lat' dir='ltr'>eorum</span> <span class='ocrx_word' id='word_1_165' title='bbox 1434 1322 1540 1360; x_wconf 85' lang='lat' dir='ltr'>uitae</span> <span class='ocrx_word' id='word_1_166' title='bbox 1561 1321 1633 1360; x_wconf 83' lang='lat' dir='ltr'>suit</span> 
     </span>
     <span class='ocr_line' id='line_1_22' title="bbox 143 1387 1678 1443; baseline -0.001 -14"><span class='ocrx_word' id='word_1_167' title='bbox 143 1388 332 1429; x_wconf 89' lang='lat' dir='ltr'>subsidio.</span> <span class='ocrx_word' id='word_1_168' title='bbox 377 1387 561 1429; x_wconf 85' lang='lat' dir='ltr'>Lusitani</span> <span class='ocrx_word' id='word_1_169' title='bbox 595 1391 738 1442; x_wconf 88' lang='lat' dir='ltr'>praeda</span> <span class='ocrx_word' id='word_1_170' title='bbox 772 1391 988 1443; x_wconf 89' lang='lat' dir='ltr'>potiuntur.</span> <span class='ocrx_word' id='word_1_171' title='bbox 1035 1388 1186 1430; x_wconf 87' lang='lat' dir='ltr'>Caesar</span> <span class='ocrx_word' id='word_1_172' title='bbox 1209 1389 1384 1430; x_wconf 81' lang='lat' dir='ltr'>Gadibus</span> <span class='ocrx_word' id='word_1_173' title='bbox 1416 1403 1551 1428; x_wconf 88' lang='lat' dir='ltr'>rursus</span> <span class='ocrx_word' id='word_1_174' title='bbox 1584 1388 1632 1428; x_wconf 84' lang='lat' dir='ltr'>ad</span> <span class='ocrx_word' id='word_1_175' title='bbox 1653 1388 1678 1428; x_wconf 80' lang='lat'>8</span> 
     </span>
     <span class='ocr_line' id='line_1_23' title="bbox 144 1455 1704 1511; baseline 0.003 -15"><span class='ocrx_word' id='word_1_176' title='bbox 144 1455 337 1510; x_wconf 87' lang='lat' dir='ltr'>Hispalim</span> <span class='ocrx_word' id='word_1_177' title='bbox 359 1457 540 1497; x_wconf 87' lang='lat' dir='ltr'>recurrit.</span> <span class='ocrx_word' id='word_1_178' title='bbox 582 1456 729 1498; x_wconf 86' lang='lat' dir='ltr'>Fabius</span> <span class='ocrx_word' id='word_1_179' title='bbox 752 1457 954 1498; x_wconf 74' lang='lat' dir='ltr'>Maximus</span> <span class='ocrx_word' id='word_1_180' title='bbox 970 1490 979 1508; x_wconf 84' lang='lat'>,</span> <span class='ocrx_word' id='word_1_181' title='bbox 1014 1472 1126 1511; x_wconf 89' lang='lat' dir='ltr'>quem</span> <span class='ocrx_word' id='word_1_182' title='bbox 1151 1458 1197 1499; x_wconf 88' lang='lat' dir='ltr'>ad</span> <span class='ocrx_word' id='word_1_183' title='bbox 1220 1457 1407 1498; x_wconf 86' lang='lat' dir='ltr'>Mundam</span> <span class='ocrx_word' id='word_1_184' title='bbox 1431 1457 1460 1510; x_wconf 72' lang='lat' dir='ltr'>&#39;T</span> <span class='ocrx_word' id='word_1_185' title='bbox 1482 1457 1630 1511; x_wconf 89' lang='lat' dir='ltr'>praesi-</span> <span class='ocrx_word' id='word_1_186' title='bbox 1651 1455 1704 1500; x_wconf 83' lang='lat'>41</span> 
     </span>
     <span class='ocr_line' id='line_1_24' title="bbox 143 1524 1630 1579; baseline 0.001 -15"><span class='ocrx_word' id='word_1_187' title='bbox 143 1524 246 1564; x_wconf 92' lang='lat' dir='ltr'>dium</span> <span class='ocrx_word' id='word_1_188' title='bbox 269 1526 568 1579; x_wconf 84' lang='lat' dir='ltr'>oppugnandum</span> <span class='ocrx_word' id='word_1_189' title='bbox 591 1526 830 1578; x_wconf 78' lang='lat' dir='ltr'>reliquerat,</span> <span class='ocrx_word' id='word_1_190' title='bbox 868 1526 1051 1579; x_wconf 84' lang='lat' dir='ltr'>operibus</span> <span class='ocrx_word' id='word_1_191' title='bbox 1085 1527 1254 1566; x_wconf 84' lang='lat' dir='ltr'>assiduis</span> <span class='ocrx_word' id='word_1_192' title='bbox 1278 1526 1306 1578; x_wconf 47' lang='grc' dir='ltr'>ΛΓ</span> <span class='ocrx_word' id='word_1_193' title='bbox 1328 1526 1529 1579; x_wconf 88' lang='lat' dir='ltr'>lurnisque</span> <span class='ocrx_word' id='word_1_194' title='bbox 1553 1525 1630 1565; x_wconf 89' lang='lat' dir='ltr'>cir-</span> 
     </span>
     <span class='ocr_line' id='line_1_25' title="bbox 139 1593 1630 1648; baseline 0.001 -16"><span class='ocrx_word' id='word_1_195' title='bbox 139 1606 225 1632; x_wconf 90' lang='lat' dir='ltr'>cum</span> <span class='ocrx_word' id='word_1_196' title='bbox 255 1607 298 1633; x_wconf 90' lang='lat' dir='ltr'>se</span> <span class='ocrx_word' id='word_1_197' title='bbox 329 1593 555 1632; x_wconf 85' lang='lat' dir='ltr'>interclusis</span> <span class='ocrx_word' id='word_1_198' title='bbox 579 1594 684 1633; x_wconf 88' lang='lat' dir='ltr'>inter</span> <span class='ocrx_word' id='word_1_199' title='bbox 706 1607 748 1633; x_wconf 89' lang='lat' dir='ltr'>se</span> <span class='ocrx_word' id='word_1_200' title='bbox 773 1594 987 1635; x_wconf 87' lang='lat' dir='ltr'>decernere</span> <span class='ocrx_word' id='word_1_201' title='bbox 1011 1595 1111 1635; x_wconf 80' lang='lat' dir='ltr'>sacta</span> <span class='ocrx_word' id='word_1_202' title='bbox 1136 1596 1256 1635; x_wconf 90' lang='lat' dir='ltr'>caede</span> <span class='ocrx_word' id='word_1_203' title='bbox 1279 1595 1379 1635; x_wconf 88' lang='lat' dir='ltr'>bene</span> <span class='ocrx_word' id='word_1_204' title='bbox 1402 1608 1543 1648; x_wconf 85' lang='lat' dir='ltr'>magna</span> <span class='ocrx_word' id='word_1_205' title='bbox 1574 1595 1630 1634; x_wconf 86' lang='lat' dir='ltr'>sa-</span> 
     </span>
     <span class='ocr_line' id='line_1_26' title="bbox 142 1659 1677 1717; baseline 0.001 -17"><span class='ocrx_word' id='word_1_206' title='bbox 142 1660 265 1700; x_wconf 88' lang='lat' dir='ltr'>ciunt.</span> <span class='ocrx_word' id='word_1_207' title='bbox 309 1659 452 1701; x_wconf 87' lang='lat' dir='ltr'>Nostri</span> <span class='ocrx_word' id='word_1_208' title='bbox 475 1661 521 1701; x_wconf 87' lang='lat' dir='ltr'>ad</span> <span class='ocrx_word' id='word_1_209' title='bbox 545 1661 723 1715; x_wconf 90' lang='lat' dir='ltr'>oppidum</span> <span class='ocrx_word' id='word_1_210' title='bbox 746 1664 1056 1716; x_wconf 87' lang='lat' dir='ltr'>recuperandum</span> <span class='ocrx_word' id='word_1_211' title='bbox 1079 1664 1326 1703; x_wconf 85' lang='lat' dir='ltr'>occasionem</span> <span class='ocrx_word' id='word_1_212' title='bbox 1352 1677 1430 1703; x_wconf 92' lang='lat' dir='ltr'>non</span> <span class='ocrx_word' id='word_1_213' title='bbox 1453 1670 1629 1717; x_wconf 89' lang='lat' dir='ltr'>practer·</span> <span class='ocrx_word' id='word_1_214' title='bbox 1651 1662 1677 1702; x_wconf 81' lang='grc'>2</span> 
     </span>
     <span class='ocr_line' id='line_1_27' title="bbox 140 1728 1630 1785; baseline 0.003 -18"><span class='ocrx_word' id='word_1_215' title='bbox 140 1728 301 1768; x_wconf 86' lang='lat' dir='ltr'>mittunt</span> <span class='ocrx_word' id='word_1_216' title='bbox 328 1735 367 1768; x_wconf 89' lang='lat' dir='ltr'>et</span> <span class='ocrx_word' id='word_1_217' title='bbox 388 1729 561 1782; x_wconf 90' lang='lat' dir='ltr'>reliquos</span> <span class='ocrx_word' id='word_1_218' title='bbox 583 1729 698 1770; x_wconf 91' lang='lat' dir='ltr'>uiuos</span> <span class='ocrx_word' id='word_1_219' title='bbox 721 1731 905 1784; x_wconf 83' lang='lat' dir='ltr'>capiunt,</span> <span class='ocrx_word' id='word_1_220' title='bbox 939 1738 1036 1771; x_wconf 86' lang='lat' dir='ltr'>XIIII</span> <span class='ocrx_word' id='word_1_221' title='bbox 1058 1732 1179 1771; x_wconf 89' lang='lat' dir='ltr'>milia.</span> <span class='ocrx_word' id='word_1_222' title='bbox 1215 1731 1442 1772; x_wconf 88' lang='lat' dir='ltr'>Vrsaonem</span> <span class='ocrx_word' id='word_1_223' title='bbox 1477 1731 1630 1785; x_wconf 78' lang='lat' dir='ltr'>prolici-</span> 
     </span>
     <span class='ocr_line' id='line_1_28' title="bbox 140 1797 1630 1853; baseline 0.003 -18"><span class='ocrx_word' id='word_1_224' title='bbox 140 1802 329 1846; x_wconf 80' lang='lat' dir='ltr'>scuntur3</span> <span class='ocrx_word' id='word_1_225' title='bbox 364 1797 466 1849; x_wconf 88' lang='lat' dir='ltr'>quod</span> <span class='ocrx_word' id='word_1_226' title='bbox 488 1798 667 1851; x_wconf 88' lang='lat' dir='ltr'>oppidum</span> <span class='ocrx_word' id='word_1_227' title='bbox 692 1813 830 1851; x_wconf 79' lang='lat' dir='ltr'>magna</span> <span class='ocrx_word' id='word_1_228' title='bbox 856 1800 1072 1839; x_wconf 79' lang='lat' dir='ltr'>munitione</span> <span class='ocrx_word' id='word_1_229' title='bbox 1089 1800 1381 1849; x_wconf 84' lang='lat' dir='ltr'>continebatur,</span> <span class='ocrx_word' id='word_1_230' title='bbox 1407 1799 1462 1839; x_wconf 89' lang='lat' dir='ltr'>sic</span> <span class='ocrx_word' id='word_1_231' title='bbox 1485 1806 1524 1839; x_wconf 91' lang='lat' dir='ltr'>ut</span> <span class='ocrx_word' id='word_1_232' title='bbox 1547 1800 1630 1853; x_wconf 91' lang='lat' dir='ltr'>ipse</span> 
     </span>
     <span class='ocr_line' id='line_1_29' title="bbox 139 1863 1629 1921; baseline 0.003 -18"><span class='ocrx_word' id='word_1_233' title='bbox 139 1863 251 1904; x_wconf 90' lang='lat' dir='ltr'>locus</span> <span class='ocrx_word' id='word_1_234' title='bbox 283 1878 363 1904; x_wconf 91' lang='lat' dir='ltr'>non</span> <span class='ocrx_word' id='word_1_235' title='bbox 384 1865 509 1905; x_wconf 89' lang='lat' dir='ltr'>solum</span> <span class='ocrx_word' id='word_1_236' title='bbox 532 1879 673 1920; x_wconf 89' lang='lat' dir='ltr'>opere,</span> <span class='ocrx_word' id='word_1_237' title='bbox 709 1868 775 1907; x_wconf 91' lang='lat' dir='ltr'>sed</span> <span class='ocrx_word' id='word_1_238' title='bbox 808 1868 925 1907; x_wconf 85' lang='lat' dir='ltr'>etiam</span> <span class='ocrx_word' id='word_1_239' title='bbox 949 1875 1088 1908; x_wconf 85' lang='lat' dir='ltr'>natura</span> <span class='ocrx_word' id='word_1_240' title='bbox 1112 1868 1238 1907; x_wconf 87' lang='lat' dir='ltr'>aditus</span> <span class='ocrx_word' id='word_1_241' title='bbox 1261 1868 1306 1908; x_wconf 91' lang='lat' dir='ltr'>ad</span> <span class='ocrx_word' id='word_1_242' title='bbox 1330 1868 1629 1921; x_wconf 80' lang='lat' dir='ltr'>oppugnandum</span> 
     </span>
     <span class='ocr_line' id='line_1_30' title="bbox 138 1932 1676 1991; baseline 0.004 -21"><span class='ocrx_word' id='word_1_243' title='bbox 138 1932 167 1984; x_wconf 83' lang='lat'><em>†</em></span> <span class='ocrx_word' id='word_1_244' title='bbox 188 1932 339 1971; x_wconf 89' lang='lat' dir='ltr'>hostem</span> <span class='ocrx_word' id='word_1_245' title='bbox 362 1940 581 1986; x_wconf 87' lang='lat' dir='ltr'>appeteret.</span> <span class='ocrx_word' id='word_1_246' title='bbox 627 1933 715 1974; x_wconf 92' lang='lat' dir='ltr'>Huc</span> <span class='ocrx_word' id='word_1_247' title='bbox 738 1935 973 1985; x_wconf 82' lang='lat' dir='ltr'>accedebat,</span> <span class='ocrx_word' id='word_1_248' title='bbox 999 1943 1040 1975; x_wconf 88' lang='lat' dir='ltr'>ut</span> <span class='ocrx_word' id='word_1_249' title='bbox 1062 1949 1163 1991; x_wconf 86' lang='lat' dir='ltr'>aqua</span> <span class='ocrx_word' id='word_1_250' title='bbox 1187 1943 1460 1990; x_wconf 84' lang='lat' dir='ltr'>praeterquam</span> <span class='ocrx_word' id='word_1_251' title='bbox 1483 1938 1522 1975; x_wconf 89' lang='lat' dir='ltr'>in</span> <span class='ocrx_word' id='word_1_252' title='bbox 1546 1936 1628 1990; x_wconf 88' lang='lat' dir='ltr'>ipso</span> <span class='ocrx_word' id='word_1_253' title='bbox 1652 1935 1676 1976; x_wconf 85' lang='lat'><strong>3</strong></span> 
     </span>
     <span class='ocr_line' id='line_1_31' title="bbox 140 1999 1631 2058; baseline 0.004 -20"><span class='ocrx_word' id='word_1_254' title='bbox 140 1999 279 2053; x_wconf 90' lang='lat' dir='ltr'>oppido</span> <span class='ocrx_word' id='word_1_255' title='bbox 303 2000 430 2054; x_wconf 86' lang='lat' dir='ltr'>[nam]</span> <span class='ocrx_word' id='word_1_256' title='bbox 455 2001 707 2042; x_wconf 87' lang='lat' dir='ltr'>circumcirca</span> <span class='ocrx_word' id='word_1_257' title='bbox 730 2017 919 2055; x_wconf 89' lang='lat' dir='ltr'>nusquam</span> <span class='ocrx_word' id='word_1_258' title='bbox 942 2004 1186 2058; x_wconf 86' lang='lat' dir='ltr'>reperiretur</span> <span class='ocrx_word' id='word_1_259' title='bbox 1217 2005 1374 2058; x_wconf 91' lang='lat' dir='ltr'>propius</span> <span class='ocrx_word' id='word_1_260' title='bbox 1405 2003 1511 2043; x_wconf 89' lang='lat' dir='ltr'>milia</span> <span class='ocrx_word' id='word_1_261' title='bbox 1543 2018 1631 2058; x_wconf 86' lang='lat' dir='ltr'>pas-</span> 
     </span>
     <span class='ocr_line' id='line_1_32' title="bbox 139 2070 1677 2126; baseline 0.003 -19"><span class='ocrx_word' id='word_1_262' title='bbox 139 2081 252 2108; x_wconf 90' lang='lat' dir='ltr'>suum</span> <span class='ocrx_word' id='word_1_263' title='bbox 273 2073 375 2119; x_wconf 82' lang='lat' dir='ltr'>VIII3</span> <span class='ocrx_word' id='word_1_264' title='bbox 411 2083 511 2122; x_wconf 85' lang='lat' dir='ltr'>quae</span> <span class='ocrx_word' id='word_1_265' title='bbox 532 2083 598 2110; x_wconf 87' lang='lat' dir='ltr'>res</span> <span class='ocrx_word' id='word_1_266' title='bbox 621 2083 762 2124; x_wconf 84' lang='lat' dir='ltr'>magno</span> <span class='ocrx_word' id='word_1_267' title='bbox 785 2079 869 2111; x_wconf 85' lang='lat' dir='ltr'>erat</span> <span class='ocrx_word' id='word_1_268' title='bbox 891 2071 1116 2113; x_wconf 89' lang='lat' dir='ltr'>adiumento</span> <span class='ocrx_word' id='word_1_269' title='bbox 1139 2072 1359 2126; x_wconf 88' lang='lat' dir='ltr'>oppidanis.</span> <span class='ocrx_word' id='word_1_270' title='bbox 1393 2070 1494 2111; x_wconf 87' lang='lat' dir='ltr'>Tum</span> <span class='ocrx_word' id='word_1_271' title='bbox 1517 2084 1630 2125; x_wconf 87' lang='lat' dir='ltr'>prae·</span> <span class='ocrx_word' id='word_1_272' title='bbox 1653 2071 1677 2111; x_wconf 88' lang='grc'><strong>4</strong></span> 
     </span>
    </p>
   </div>
   <div class='ocr_carea' id='block_1_9' title="bbox 138 2170 1633 2938">
    <p class='ocr_par' dir='ltr' id='par_1_9' title="bbox 138 2170 1633 2477">
     <span class='ocr_line' id='line_1_33' title="bbox 281 2170 1628 2217; baseline 0.001 -12"><span class='ocrx_word' id='word_1_273' title='bbox 281 2171 302 2205; x_wconf 79' lang='lat'>2</span> <span class='ocrx_word' id='word_1_274' title='bbox 320 2170 419 2203; x_wconf 89' lang='lat' dir='ltr'>Dium</span> <span class='ocrx_word' id='word_1_275' title='bbox 438 2182 472 2204; x_wconf 85' lang='lat' dir='ltr'>a.</span> <span class='ocrx_word' id='word_1_276' title='bbox 615 2174 633 2206; x_wconf 89' lang='lat'><strong>3</strong></span> <span class='ocrx_word' id='word_1_277' title='bbox 654 2185 891 2217; x_wconf 87' lang='lat' dir='ltr'>nonnunquam</span> <span class='ocrx_word' id='word_1_278' title='bbox 911 2175 973 2217; x_wconf 82' lang='lat' dir='ltr'><em>(a).</em></span> <span class='ocrx_word' id='word_1_279' title='bbox 1116 2179 1135 2210; x_wconf 88' lang='grc'><strong>4</strong></span> <span class='ocrx_word' id='word_1_280' title='bbox 1148 2175 1354 2207; x_wconf 85' lang='lat' dir='ltr'>eliciebatur</span> <span class='ocrx_word' id='word_1_281' title='bbox 1374 2174 1628 2217; x_wconf 75' lang='lat' dir='ltr'>Glamlorpius,</span> 
     </span>
     <span class='ocr_line' id='line_1_34' title="bbox 142 2220 1633 2268; baseline 0.004 -16"><span class='ocrx_word' id='word_1_282' title='bbox 142 2220 347 2254; x_wconf 86' lang='lat' dir='ltr'>eiiciebatur</span> <span class='ocrx_word' id='word_1_283' title='bbox 365 2223 465 2255; x_wconf 83' lang='lat' dir='ltr'>codd.</span> <span class='ocrx_word' id='word_1_284' title='bbox 488 2223 568 2264; x_wconf 84' lang='lat' dir='ltr'>(eie.</span> <span class='ocrx_word' id='word_1_285' title='bbox 587 2224 639 2267; x_wconf 84' lang='grc' dir='ltr'>α).</span> <span class='ocrx_word' id='word_1_286' title='bbox 787 2231 821 2257; x_wconf 89' lang='lat' dir='ltr'>et</span> <span class='ocrx_word' id='word_1_287' title='bbox 839 2237 859 2257; x_wconf 86' lang='lat' dir='ltr'>a</span> <span class='ocrx_word' id='word_1_288' title='bbox 881 2227 898 2257; x_wconf 81' lang='lat' dir='ltr'><em>b</em></span> <span class='ocrx_word' id='word_1_289' title='bbox 918 2237 946 2267; x_wconf 85' lang='lat' dir='ltr'>c,</span> <span class='ocrx_word' id='word_1_290' title='bbox 968 2230 1002 2258; x_wconf 86' lang='lat' dir='ltr'>et</span> <span class='ocrx_word' id='word_1_291' title='bbox 1020 2226 1068 2258; x_wconf 86' lang='lat' dir='ltr'>sic</span> <span class='ocrx_word' id='word_1_292' title='bbox 1087 2236 1122 2258; x_wconf 82' lang='lat' dir='ltr'>u.</span> <span class='ocrx_word' id='word_1_293' title='bbox 1268 2228 1285 2258; x_wconf 88' lang='lat'>5</span> <span class='ocrx_word' id='word_1_294' title='bbox 1305 2226 1470 2258; x_wconf 75' lang='lat' dir='ltr'>lacunam</span> <span class='ocrx_word' id='word_1_295' title='bbox 1490 2237 1553 2268; x_wconf 73' lang='lat' dir='ltr'>ego</span> <span class='ocrx_word' id='word_1_296' title='bbox 1572 2238 1633 2259; x_wconf 80' lang='lat' dir='ltr'>no-</span> 
     </span>
     <span class='ocr_line' id='line_1_35' title="bbox 138 2273 1631 2320; baseline 0.005 -16"><span class='ocrx_word' id='word_1_297' title='bbox 138 2274 227 2304; x_wconf 81' lang='lat' dir='ltr'>taui.</span> <span class='ocrx_word' id='word_1_298' title='bbox 382 2274 400 2306; x_wconf 81' lang='lat'>6</span> <span class='ocrx_word' id='word_1_299' title='bbox 418 2273 444 2315; x_wconf 68' lang='grc'>’1-</span> <span class='ocrx_word' id='word_1_300' title='bbox 462 2276 518 2317; x_wconf 91' lang='lat' dir='ltr'>qui</span> <span class='ocrx_word' id='word_1_301' title='bbox 537 2276 652 2319; x_wconf 77' lang='lat' dir='ltr'>seqq.]</span> <span class='ocrx_word' id='word_1_302' title='bbox 670 2278 711 2310; x_wconf 89' lang='lat' dir='ltr'>P.</span> <span class='ocrx_word' id='word_1_303' title='bbox 730 2278 810 2312; x_wconf 78' lang='lat'>249.</span> <span class='ocrx_word' id='word_1_304' title='bbox 959 2279 976 2311; x_wconf 93' lang='lat'><strong>7</strong></span> <span class='ocrx_word' id='word_1_305' title='bbox 998 2279 1254 2320; x_wconf 81' lang='lat' dir='ltr'>praesidiumf.</span> <span class='ocrx_word' id='word_1_306' title='bbox 1396 2279 1429 2310; x_wconf 91' lang='lat' dir='ltr'>hi</span> <span class='ocrx_word' id='word_1_307' title='bbox 1448 2279 1526 2311; x_wconf 75' lang='lat' dir='ltr'>cdd.</span> <span class='ocrx_word' id='word_1_308' title='bbox 1547 2283 1631 2311; x_wconf 71' lang='lat' dir='ltr'>ante</span> 
     </span>
     <span class='ocr_line' id='line_1_36' title="bbox 139 2323 1633 2373; baseline 0.006 -19"><span class='ocrx_word' id='word_1_309' title='bbox 139 2323 237 2365; x_wconf 61' lang='lat' dir='ltr'>Alci„</span> <span class='ocrx_word' id='word_1_310' title='bbox 259 2324 305 2356; x_wconf 94' lang='lat' dir='ltr'>hii</span> <span class='ocrx_word' id='word_1_311' title='bbox 324 2335 367 2365; x_wconf 82' lang='lat' dir='ltr'>a,-</span> <span class='ocrx_word' id='word_1_312' title='bbox 386 2325 410 2357; x_wconf 92' lang='lat' dir='ltr'>ii</span> <span class='ocrx_word' id='word_1_313' title='bbox 429 2327 545 2359; x_wconf 75' lang='lat' dir='ltr'>Aldus</span> <span class='ocrx_word' id='word_1_314' title='bbox 564 2339 599 2359; x_wconf 83' lang='lat' dir='ltr'>u.</span> <span class='ocrx_word' id='word_1_315' title='bbox 737 2329 921 2361; x_wconf 74' lang='lat' dir='ltr'>Lacunam</span> <span class='ocrx_word' id='word_1_316' title='bbox 942 2339 1004 2370; x_wconf 78' lang='lat' dir='ltr'>ego</span> <span class='ocrx_word' id='word_1_317' title='bbox 1023 2332 1159 2362; x_wconf 70' lang='lat' dir='ltr'>notaui.</span> <span class='ocrx_word' id='word_1_318' title='bbox 1302 2331 1321 2362; x_wconf 88' lang='grc'>8</span> <span class='ocrx_word' id='word_1_319' title='bbox 1334 2331 1633 2373; x_wconf 75' lang='lat' dir='ltr'>conspectiDaaz&#39;-</span> 
     </span>
     <span class='ocr_line' id='line_1_37' title="bbox 138 2376 1485 2420; baseline 0.005 -14"><span class='ocrx_word' id='word_1_320' title='bbox 138 2376 213 2406; x_wconf 78' lang='lat' dir='ltr'>sius</span> <span class='ocrx_word' id='word_1_321' title='bbox 230 2386 267 2407; x_wconf 88' lang='lat' dir='ltr'>u.</span> <span class='ocrx_word' id='word_1_322' title='bbox 409 2379 620 2410; x_wconf 89' lang='lat' dir='ltr'>contendunt</span> <span class='ocrx_word' id='word_1_323' title='bbox 638 2390 659 2411; x_wconf 83' lang='lat' dir='ltr'><em>a</em></span> <span class='ocrx_word' id='word_1_324' title='bbox 679 2379 696 2410; x_wconf 82' lang='lat' dir='ltr'><strong><em>b</em></strong></span> <span class='ocrx_word' id='word_1_325' title='bbox 716 2390 743 2420; x_wconf 80' lang='lat' dir='ltr'>c,</span> <span class='ocrx_word' id='word_1_326' title='bbox 763 2380 1009 2412; x_wconf 85' lang='lat' dir='ltr'>contenderent</span> <span class='ocrx_word' id='word_1_327' title='bbox 1027 2390 1062 2412; x_wconf 83' lang='lat' dir='ltr'>u.</span> <span class='ocrx_word' id='word_1_328' title='bbox 1207 2381 1247 2414; x_wconf 85' lang='lat'>10</span> <span class='ocrx_word' id='word_1_329' title='bbox 1261 2382 1434 2414; x_wconf 78' lang='lat' dir='ltr'>attollitur</span> <span class='ocrx_word' id='word_1_330' title='bbox 1454 2383 1485 2413; x_wconf 86' lang='lat' dir='ltr'>b.</span> 
     </span>
     <span class='ocr_line' id='line_1_38' title="bbox 139 2428 1628 2477; baseline 0.005 -18"><span class='ocrx_word' id='word_1_331' title='bbox 139 2438 181 2459; x_wconf 85' lang='lat' dir='ltr'>cx</span> <span class='ocrx_word' id='word_1_332' title='bbox 197 2428 445 2472; x_wconf 81' lang='lat' dir='ltr'>Noruz&#39;censz&#39;s,</span> <span class='ocrx_word' id='word_1_333' title='bbox 467 2432 499 2463; x_wconf 91' lang='lat' dir='ltr'>in</span> <span class='ocrx_word' id='word_1_334' title='bbox 518 2432 663 2473; x_wconf 65' lang='lat' dir='ltr'>reliqui.</span> <span class='ocrx_word' id='word_1_335' title='bbox 848 2433 883 2465; x_wconf 88' lang='lat'>11</span> <span class='ocrx_word' id='word_1_336' title='bbox 905 2439 1128 2476; x_wconf 88' lang='lat' dir='ltr'>persecuntur</span> <span class='ocrx_word' id='word_1_337' title='bbox 1146 2444 1180 2465; x_wconf 87' lang='lat' dir='ltr'>a.</span> <span class='ocrx_word' id='word_1_338' title='bbox 1366 2435 1402 2467; x_wconf 81' lang='lat'>13</span> <span class='ocrx_word' id='word_1_339' title='bbox 1422 2435 1576 2477; x_wconf 88' lang='lat' dir='ltr'>pluribus</span> <span class='ocrx_word' id='word_1_340' title='bbox 1597 2436 1628 2467; x_wconf 84' lang='lat' dir='ltr'>I).</span> 
     </span>
    </p>

    <p class='ocr_par' dir='ltr' id='par_1_10' title="bbox 139 2482 1630 2834">
     <span class='ocr_line' id='line_1_39' title="bbox 285 2482 1630 2518; baseline 0.003 -4"><span class='ocrx_word' id='word_1_341' title='bbox 285 2482 327 2514; x_wconf 88' lang='lat'>14</span> <span class='ocrx_word' id='word_1_342' title='bbox 346 2482 500 2514; x_wconf 89' lang='lat' dir='ltr'>nonnulli</span> <span class='ocrx_word' id='word_1_343' title='bbox 519 2493 540 2514; x_wconf 86' lang='lat' dir='ltr'><em>a</em></span> <span class='ocrx_word' id='word_1_344' title='bbox 560 2484 599 2514; x_wconf 88' lang='lat' dir='ltr'>b:</span> <span class='ocrx_word' id='word_1_345' title='bbox 620 2493 688 2515; x_wconf 81' lang='lat' dir='ltr'>om.</span> <span class='ocrx_word' id='word_1_346' title='bbox 708 2483 834 2515; x_wconf 77' lang='lat' dir='ltr'>Aldus.</span> <span class='ocrx_word' id='word_1_347' title='bbox 995 2486 1034 2517; x_wconf 89' lang='lat'>15</span> <span class='ocrx_word' id='word_1_348' title='bbox 1055 2485 1212 2517; x_wconf 86' lang='lat' dir='ltr'>anchoris</span> <span class='ocrx_word' id='word_1_349' title='bbox 1232 2495 1265 2516; x_wconf 78' lang='lat' dir='ltr'>a.</span> <span class='ocrx_word' id='word_1_350' title='bbox 1410 2486 1449 2518; x_wconf 75' lang='lat'>16</span> <span class='ocrx_word' id='word_1_351' title='bbox 1470 2487 1534 2518; x_wconf 83' lang='lat' dir='ltr'>suit</span> <span class='ocrx_word' id='word_1_352' title='bbox 1552 2487 1630 2518; x_wconf 85' lang='lat' dir='ltr'>suh-</span> 
     </span>
     <span class='ocr_line' id='line_1_40' title="bbox 140 2529 1628 2580; baseline 0.006 -19"><span class='ocrx_word' id='word_1_353' title='bbox 140 2529 228 2562; x_wconf 87' lang='lat' dir='ltr'>sidio</span> <span class='ocrx_word' id='word_1_354' title='bbox 247 2541 279 2571; x_wconf 78' lang='lat' dir='ltr'>a,</span> <span class='ocrx_word' id='word_1_355' title='bbox 301 2533 454 2565; x_wconf 90' lang='lat' dir='ltr'>subsidio</span> <span class='ocrx_word' id='word_1_356' title='bbox 476 2534 541 2566; x_wconf 88' lang='lat' dir='ltr'>fuit</span> <span class='ocrx_word' id='word_1_357' title='bbox 559 2535 638 2566; x_wconf 78' lang='lat' dir='ltr'>edd.</span> <span class='ocrx_word' id='word_1_358' title='bbox 791 2536 832 2568; x_wconf 77' lang='lat' dir='ltr'>Is</span> <span class='ocrx_word' id='word_1_359' title='bbox 852 2547 949 2577; x_wconf 88' lang='lat' dir='ltr'>quem</span> <span class='ocrx_word' id='word_1_360' title='bbox 968 2547 989 2568; x_wconf 80' lang='lat' dir='ltr'><em>a</em></span> <span class='ocrx_word' id='word_1_361' title='bbox 1010 2538 1027 2568; x_wconf 86' lang='lat' dir='ltr'>b</span> <span class='ocrx_word' id='word_1_362' title='bbox 1047 2549 1074 2577; x_wconf 77' lang='lat' dir='ltr'>e,</span> <span class='ocrx_word' id='word_1_363' title='bbox 1098 2548 1194 2579; x_wconf 82' lang='lat' dir='ltr'>quein</span> <span class='ocrx_word' id='word_1_364' title='bbox 1215 2538 1286 2580; x_wconf 89' lang='lat' dir='ltr'>ipse</span> <span class='ocrx_word' id='word_1_365' title='bbox 1308 2548 1340 2568; x_wconf 75' lang='lat' dir='ltr'>ll.</span> <span class='ocrx_word' id='word_1_366' title='bbox 1492 2538 1628 2570; x_wconf 86' lang='lat' dir='ltr'>Munain</span> 
     </span>
     <span class='ocr_line' id='line_1_41' title="bbox 140 2583 1628 2628; baseline 0.004 -15"><span class='ocrx_word' id='word_1_367' title='bbox 140 2591 161 2612; x_wconf 87' lang='lat' dir='ltr'><strong><em>a</em></strong></span> <span class='ocrx_word' id='word_1_368' title='bbox 181 2591 209 2612; x_wconf 86' lang='lat' dir='ltr'>c.</span> <span class='ocrx_word' id='word_1_369' title='bbox 348 2583 389 2615; x_wconf 77' lang='lat'>19</span> <span class='ocrx_word' id='word_1_370' title='bbox 409 2584 585 2628; x_wconf 89' lang='lat' dir='ltr'>lurnisque</span> <span class='ocrx_word' id='word_1_371' title='bbox 605 2586 732 2617; x_wconf 88' lang='lat' dir='ltr'>circum</span> <span class='ocrx_word' id='word_1_372' title='bbox 753 2596 789 2618; x_wconf 84' lang='lat' dir='ltr'>se</span> <span class='ocrx_word' id='word_1_373' title='bbox 808 2587 1007 2619; x_wconf 84' lang='lat' dir='ltr'>interclusis</span> <span class='ocrx_word' id='word_1_374' title='bbox 1029 2589 1046 2619; x_wconf 89' lang='lat' dir='ltr'>b</span> <span class='ocrx_word' id='word_1_375' title='bbox 1066 2598 1094 2628; x_wconf 82' lang='lat' dir='ltr'>c,</span> <span class='ocrx_word' id='word_1_376' title='bbox 1116 2588 1224 2619; x_wconf 82' lang='lat' dir='ltr'>turnis</span> <span class='ocrx_word' id='word_1_377' title='bbox 1244 2589 1370 2619; x_wconf 86' lang='lat' dir='ltr'>circum</span> <span class='ocrx_word' id='word_1_378' title='bbox 1393 2599 1429 2620; x_wconf 90' lang='lat' dir='ltr'>se</span> <span class='ocrx_word' id='word_1_379' title='bbox 1450 2589 1628 2620; x_wconf 71' lang='lat' dir='ltr'>interclusi</span> 
     </span>
     <span class='ocr_line' id='line_1_42' title="bbox 140 2633 1628 2675; baseline 0.005 -12"><span class='ocrx_word' id='word_1_380' title='bbox 140 2643 184 2673; x_wconf 85' lang='lat' dir='ltr'>a,·</span> <span class='ocrx_word' id='word_1_381' title='bbox 204 2633 389 2675; x_wconf 85' lang='lat' dir='ltr'>hostesque</span> <span class='ocrx_word' id='word_1_382' title='bbox 411 2635 539 2668; x_wconf 87' lang='lat' dir='ltr'>circum</span> <span class='ocrx_word' id='word_1_383' title='bbox 558 2647 634 2669; x_wconf 88' lang='lat' dir='ltr'>sese</span> <span class='ocrx_word' id='word_1_384' title='bbox 651 2637 832 2669; x_wconf 83' lang='lat' dir='ltr'>interclusi</span> <span class='ocrx_word' id='word_1_385' title='bbox 851 2649 886 2670; x_wconf 77' lang='lat' dir='ltr'>u.</span> <span class='ocrx_word' id='word_1_386' title='bbox 1037 2640 1080 2674; x_wconf 80' lang='lat'>20</span> <span class='ocrx_word' id='word_1_387' title='bbox 1099 2640 1298 2672; x_wconf 86' lang='lat' dir='ltr'>discernere</span> <span class='ocrx_word' id='word_1_388' title='bbox 1319 2641 1350 2671; x_wconf 85' lang='lat' dir='ltr'>b.</span> <span class='ocrx_word' id='word_1_389' title='bbox 1495 2641 1628 2672; x_wconf 79' lang='lat' dir='ltr'>faciunt</span> 
     </span>
     <span class='ocr_line' id='line_1_43' title="bbox 141 2684 1628 2731; baseline 0.007 -18"><span class='ocrx_word' id='word_1_390' title='bbox 141 2693 161 2713; x_wconf 84' lang='lat' dir='ltr'><em>a</em></span> <span class='ocrx_word' id='word_1_391' title='bbox 184 2684 280 2714; x_wconf 50' lang='lat' dir='ltr'>‘msa</span> <span class='ocrx_word' id='word_1_392' title='bbox 302 2685 454 2726; x_wconf 70' lang='lat' dir='ltr'>cmzcti’‚</span> <span class='ocrx_word' id='word_1_393' title='bbox 474 2688 685 2730; x_wconf 86' lang='lat' dir='ltr'>eruptionem</span> <span class='ocrx_word' id='word_1_394' title='bbox 705 2687 839 2720; x_wconf 88' lang='lat' dir='ltr'>faciunt</span> <span class='ocrx_word' id='word_1_395' title='bbox 856 2700 891 2720; x_wconf 82' lang='lat' dir='ltr'>u.</span> <span class='ocrx_word' id='word_1_396' title='bbox 1047 2691 1090 2725; x_wconf 70' lang='lat'>22</span> <span class='ocrx_word' id='word_1_397' title='bbox 1108 2702 1166 2722; x_wconf 79' lang='lat' dir='ltr'>xiv</span> <span class='ocrx_word' id='word_1_398' title='bbox 1183 2691 1276 2722; x_wconf 83' lang='lat' dir='ltr'>milia</span> <span class='ocrx_word' id='word_1_399' title='bbox 1297 2702 1316 2722; x_wconf 85' lang='grc' dir='ltr'><em>α</em></span> <span class='ocrx_word' id='word_1_400' title='bbox 1338 2692 1354 2722; x_wconf 80' lang='grc' dir='ltr'>Ι)</span> <span class='ocrx_word' id='word_1_401' title='bbox 1376 2703 1392 2722; x_wconf 82' lang='lat' dir='ltr'>c</span> <span class='ocrx_word' id='word_1_402' title='bbox 1410 2691 1429 2725; x_wconf 79' lang='lat'><strong>2</strong></span> <span class='ocrx_word' id='word_1_403' title='bbox 1449 2693 1551 2731; x_wconf 53' lang='lat' dir='ltr'>dell„</span> <span class='ocrx_word' id='word_1_404' title='bbox 1573 2702 1628 2723; x_wconf 77' lang='lat' dir='ltr'>xiv</span> 
     </span>
     <span class='ocr_line' id='line_1_44' title="bbox 139 2735 1627 2782; baseline 0.007 -17"><span class='ocrx_word' id='word_1_405' title='bbox 139 2735 233 2767; x_wconf 88' lang='lat' dir='ltr'>milia</span> <span class='ocrx_word' id='word_1_406' title='bbox 253 2745 292 2767; x_wconf 89' lang='lat' dir='ltr'>ac</span> <span class='ocrx_word' id='word_1_407' title='bbox 311 2736 434 2769; x_wconf 88' lang='lat' dir='ltr'>deinde</span> <span class='ocrx_word' id='word_1_408' title='bbox 453 2749 543 2770; x_wconf 81' lang='lat' dir='ltr'>unus</span> <span class='ocrx_word' id='word_1_409' title='bbox 561 2740 629 2771; x_wconf 82' lang='lat' dir='ltr'>det.</span> <span class='ocrx_word' id='word_1_410' title='bbox 651 2751 673 2772; x_wconf 78' lang='grc' dir='ltr'>ιι</span> <span class='ocrx_word' id='word_1_411' title='bbox 692 2740 765 2782; x_wconf 79' lang='lat' dir='ltr'>(xiv</span> <span class='ocrx_word' id='word_1_412' title='bbox 785 2741 864 2782; x_wconf 84' lang='lat' dir='ltr'>(a)).</span> <span class='ocrx_word' id='word_1_413' title='bbox 1036 2743 1078 2776; x_wconf 79' lang='lat'>23</span> <span class='ocrx_word' id='word_1_414' title='bbox 1099 2747 1133 2774; x_wconf 82' lang='lat' dir='ltr'>ut</span> <span class='ocrx_word' id='word_1_415' title='bbox 1154 2752 1222 2773; x_wconf 85' lang='lat' dir='ltr'>om.</span> <span class='ocrx_word' id='word_1_416' title='bbox 1244 2753 1277 2773; x_wconf 84' lang='lat' dir='ltr'>a.</span> <span class='ocrx_word' id='word_1_417' title='bbox 1451 2743 1494 2775; x_wconf 77' lang='lat'>24</span> <span class='ocrx_word' id='word_1_418' title='bbox 1513 2743 1627 2775; x_wconf 89' lang='lat' dir='ltr'>aditus</span> 
     </span>
     <span class='ocr_line' id='line_1_45' title="bbox 139 2787 1480 2834; baseline 0.005 -16"><span class='ocrx_word' id='word_1_419' title='bbox 139 2797 160 2818; x_wconf 85' lang='lat' dir='ltr'>a</span> <span class='ocrx_word' id='word_1_420' title='bbox 177 2787 207 2828; x_wconf 85' lang='lat' dir='ltr'>b,</span> <span class='ocrx_word' id='word_1_421' title='bbox 223 2787 333 2820; x_wconf 85' lang='lat' dir='ltr'>editus</span> <span class='ocrx_word' id='word_1_422' title='bbox 352 2799 387 2820; x_wconf 76' lang='lat' dir='ltr'>n.</span> <span class='ocrx_word' id='word_1_423' title='bbox 528 2790 570 2822; x_wconf 83' lang='lat'>25</span> <span class='ocrx_word' id='word_1_424' title='bbox 582 2796 759 2833; x_wconf 86' lang='lat' dir='ltr'>appeteret</span> <span class='ocrx_word' id='word_1_425' title='bbox 777 2792 894 2834; x_wconf 64' lang='lat' dir='ltr'>codd„</span> <span class='ocrx_word' id='word_1_426' title='bbox 908 2793 1107 2825; x_wconf 84' lang='lat' dir='ltr'>abuerteret</span> <span class='ocrx_word' id='word_1_427' title='bbox 1119 2793 1283 2834; x_wconf 63' lang='lat' dir='ltr'>Scaliger</span> <span class='ocrx_word' id='word_1_428' title='bbox 1300 2804 1334 2824; x_wconf 78' lang='grc' dir='ltr'>η.</span> <span class='ocrx_word' id='word_1_429' title='bbox 1348 2794 1388 2824; x_wconf 85' lang='grc' dir='ltr'>Ρ.</span> <span class='ocrx_word' id='word_1_430' title='bbox 1402 2794 1480 2827; x_wconf 76' lang='grc'>249.</span> 
     </span>
    </p>

    <p class='ocr_par' dir='ltr' id='par_1_11' title="bbox 140 2840 1626 2938">
     <span class='ocr_line' id='line_1_46' title="bbox 140 2840 1626 2888; baseline 0.005 -17"><span class='ocrx_word' id='word_1_431' title='bbox 140 2840 205 2872; x_wconf 84' lang='grc'><strong>11110</strong></span> <span class='ocrx_word' id='word_1_432' title='bbox 224 2840 663 2883; x_wconf 71' lang='lat' dir='ltr'>accedebatPetauianzc35</span> <span class='ocrx_word' id='word_1_433' title='bbox 683 2844 745 2876; x_wconf 90' lang='lat' dir='ltr'>hoc</span> <span class='ocrx_word' id='word_1_434' title='bbox 765 2846 947 2878; x_wconf 86' lang='lat' dir='ltr'>accederet</span> <span class='ocrx_word' id='word_1_435' title='bbox 966 2857 1000 2888; x_wconf 82' lang='lat' dir='ltr'>a,</span> <span class='ocrx_word' id='word_1_436' title='bbox 1021 2847 1082 2877; x_wconf 85' lang='lat' dir='ltr'>hoe</span> <span class='ocrx_word' id='word_1_437' title='bbox 1102 2846 1278 2877; x_wconf 85' lang='lat' dir='ltr'>accideret</span> <span class='ocrx_word' id='word_1_438' title='bbox 1299 2846 1316 2876; x_wconf 84' lang='lat' dir='ltr'>b</span> <span class='ocrx_word' id='word_1_439' title='bbox 1335 2856 1364 2877; x_wconf 79' lang='lat' dir='ltr'>c.</span> <span class='ocrx_word' id='word_1_440' title='bbox 1506 2856 1626 2888; x_wconf 85' lang='lat' dir='ltr'>aquam</span> 
     </span>
     <span class='ocr_line' id='line_1_47' title="bbox 142 2891 1271 2938; baseline 0.004 -16"><span class='ocrx_word' id='word_1_441' title='bbox 142 2901 171 2923; x_wconf 82' lang='lat' dir='ltr'>c.</span> <span class='ocrx_word' id='word_1_442' title='bbox 313 2891 355 2926; x_wconf 80' lang='lat'>26</span> <span class='ocrx_word' id='word_1_443' title='bbox 376 2901 451 2925; x_wconf 83' lang='lat' dir='ltr'>nam</span> <span class='ocrx_word' id='word_1_444' title='bbox 470 2902 538 2925; x_wconf 88' lang='lat' dir='ltr'>om.</span> <span class='ocrx_word' id='word_1_445' title='bbox 559 2893 579 2928; x_wconf 79' lang='grc'>2</span> <span class='ocrx_word' id='word_1_446' title='bbox 598 2893 684 2926; x_wconf 74' lang='lat' dir='ltr'>dett.</span> <span class='ocrx_word' id='word_1_447' title='bbox 703 2894 743 2926; x_wconf 92' lang='lat' dir='ltr'>P.</span> <span class='ocrx_word' id='word_1_448' title='bbox 765 2895 843 2930; x_wconf 80' lang='lat'><strong>250.</strong></span> <span class='ocrx_word' id='word_1_449' title='bbox 984 2897 1221 2938; x_wconf 84' lang='lat' dir='ltr'>repperiretur</span> <span class='ocrx_word' id='word_1_450' title='bbox 1238 2906 1271 2927; x_wconf 83' lang='grc' dir='ltr'>α.</span> 
     </span>
    </p>
   </div>
  </div>
 </body>
</html>
