1835 3240
693 187 1095 231 ——39—

153 304 452 359 Bongarsianus
483 302 631 356 primus
660 309 842 356 superest
871 308 912 343 et
940 301 1116 342 eiusdem
1149 302 1320 343 familiae
1342 304 1442 344 alter
1461 304 1500 345 in
1525 304 1638 348 Vati-

152 387 248 414 cana
269 371 503 412 bibliotheca
534 383 698 410 numero
720 376 782 410 ter
802 369 1034 410 millesimus
1057 369 1410 423 octingentesimus
1432 376 1638 427 sexagesi-

151 455 234 480 mus
259 446 436 493 quartus,
461 438 524 492 qui
547 445 690 478 octauo
711 438 776 478 uel
797 451 901 478 nono
922 437 1081 478 saeculo
1103 437 1274 491 scriptus
1298 438 1457 479 dicitur.
1497 438 1638 483 Codex

150 515 308 556 autem,
352 521 427 559 quo
456 505 624 548 Orosius
667 520 760 546 usus
791 512 879 554 est,
914 512 1022 545 certe
1051 519 1237 546 numeros
1269 506 1455 559 quosdam
1489 509 1638 550 rectius

149 575 318 629 scriptos
341 574 520 623 habebat,
547 587 660 626 quam
682 573 763 623 ille,
788 574 891 614 unde
914 573 1040 614 nostri
1062 573 1266 627 propagati
1289 581 1396 614 sunt.
1446 573 1505 615 Ita
1528 577 1576 617 de
1596 576 1635 617 b.

151 641 255 683 Gall.
279 640 320 692 I,
346 641 423 692 53,
452 641 490 692 l,
515 642 581 682 ubi
602 643 643 682 in
664 641 811 681 nostris
833 641 945 681 codd.
974 648 1036 681 est
1059 641 1131 681 ‘ad
1153 641 1295 682 flumen
1316 640 1499 683 Rhenum
1532 644 1638 686 milia

149 724 332 764 passuum
357 723 409 750 ex
431 724 476 750 eo
499 710 585 750 loco
607 709 767 750 circiter
780 709 950 762 quinque
972 710 1267 762 peruenerunt',
1288 707 1457 752 Orosius
1471 709 1566 764 (VI,
1591 711 1638 765 7)

147 778 301 819 inuenit
325 778 651 831 ‘quinquaginta'
685 785 725 817 et
746 791 807 830 ap.
834 776 938 816 Hirt.
964 774 1087 826 VIII,
1111 776 1191 827 41,
1218 777 1243 818 5
1268 782 1278 801 ⁶
1294 779 1496 819 extruitur
1516 793 1640 834 agger

148 847 190 887 in
211 846 456 886 altitudinem
478 846 615 899 pedum
639 845 873 899 sexaginta,
906 844 1125 885 collocatur
1144 845 1185 885 in
1208 859 1251 886 ea
1277 846 1399 886 turris
1421 846 1557 887 decem
1578 854 1639 887 ta-

146 914 406 963 bulatorum',
431 927 509 953 non
545 913 707 967 ‘pedum
736 913 848 963 sex’,
873 920 918 953 ut
938 913 978 954 in
1003 909 1192 954 Caesaris
1215 914 1325 953 codd.
1348 913 1535 967 scriptum
1559 922 1636 965 est,

147 983 221 1022 etsi
246 994 452 1035 perperam
473 981 569 1021 haec
591 982 647 1021 ita
670 981 873 1021 contraxit
895 982 949 1031 (c.
977 979 1074 1032 11):
1114 982 1332 1021 ‘extruitur
1352 995 1475 1036 agger
1495 988 1535 1022 et
1557 990 1639 1022 tur-

145 1051 202 1091 ris
234 1051 373 1104 pedum
403 1048 644 1103 sexaginta’.
706 1047 788 1089 Iam
818 1062 870 1088 ex
901 1048 1036 1089 codice
1066 1049 1282 1103 archetypo
1313 1063 1411 1089 unus
1443 1049 1637 1103 originem
1664 1064 1668 1067 ·

146 1118 284 1168 duxit,
310 1118 376 1171 qui
398 1124 488 1157 octo
511 1123 663 1157 tantum
687 1117 992 1157 commentarios
1016 1117 1062 1156 de
1085 1116 1190 1157 bello
1211 1116 1366 1157 Gallico
1390 1117 1637 1168 continebat,

145 1185 261 1234 alter,
287 1185 351 1237 qui
374 1199 527 1225 omnes.
564 1183 630 1224 Ex
653 1185 760 1225 illius
782 1185 943 1237 generis
966 1185 1183 1239 exemplari
1207 1185 1448 1226 descendunt
1472 1186 1635 1239 integri,

145 1268 198 1294 ex
221 1253 334 1293 huius
357 1267 433 1292 uno
456 1252 698 1306 interpolati.
765 1251 843 1293 Sed
874 1253 1021 1306 integri
1051 1268 1129 1293 non
1151 1260 1245 1293 sunt
1266 1267 1403 1293 omnes
1425 1266 1477 1293 ex
1500 1254 1637 1294 eodem

146 1321 360 1374 exemplari
385 1321 586 1374 descripti.
642 1320 858 1362 Proximus
888 1322 946 1362 illi
978 1321 1103 1361 codici
1134 1321 1313 1374 integrae
1336 1321 1508 1363 familiae
1531 1322 1638 1376 prin-

147 1389 221 1441 cipi
245 1396 308 1428 est
328 1386 627 1448 Bonggrsjanus
649 1389 824 1446 primus,
859 1389 925 1442 qui
948 1387 1230 1442 Oudendorpio
1258 1403 1362 1429 anno
1398 1388 1507 1430 1737
1538 1404 1638 1430 non-

147 1463 353 1510 gentorum
376 1470 566 1496 annorum
590 1455 813 1496 uidebatur.
876 1455 1102 1508 Antequam
1125 1455 1465 1497 Amstclodamum
1498 1471 1637 1510 perue-

147 1525 263 1573 niret,
290 1523 355 1563 ubi
380 1538 482 1563 nunc
505 1531 706 1573 seruatur,
733 1521 840 1563 Petri
861 1521 1066 1573 Danielis,
1090 1521 1224 1563 Iacobi
1246 1522 1482 1577 Bongarsii,
1509 1524 1637 1565 Sixti-

146 1592 201 1640 ni,
228 1589 333 1631 Sixii
356 1592 442 1631 suit.
494 1590 534 1630 A
556 1589 780 1644 Bongarsio
811 1597 1017 1643 acceptum
1048 1591 1196 1643 primus
1228 1605 1314 1631 cum
1339 1592 1510 1633 editione
1533 1591 1637 1647 Gry-

144 1659 286 1712 phiana
307 1673 345 1698 a.
372 1656 481 1698 1538
503 1658 670 1697 contulit
690 1655 810 1698 Ianus
834 1656 1050 1707 Gruterus,
1075 1659 1144 1698 sed
1167 1673 1245 1699 non
1261 1666 1408 1699 totum:
1435 1673 1534 1712 quae
1557 1661 1637 1700 col·

144 1727 238 1766 latio
270 1740 348 1766 una
378 1740 465 1766 cum
496 1726 661 1766 aliorum
685 1726 863 1766 codicum
886 1725 1087 1778 excerptis
1110 1727 1244 1767 nescio
1266 1741 1288 1766 a
1310 1741 1386 1780 quo
1410 1728 1533 1781 pri-ori
1555 1728 1636 1768 edi-

146 1794 241 1834 tioni
262 1792 507 1835 Dauisianae
529 1794 698 1848 ascripta
730 1800 816 1842 est,
854 1808 967 1847 quam
998 1791 1060 1833 Io.
1084 1794 1179 1835 Alb.
1202 1793 1412 1835 Fabricius
1442 1796 1633 1849 possedit.

143 1861 206 1902 Eo
228 1862 446 1915 exemplari
457 1860 697 1902 Fabriciano
721 1861 797 1911 (ita
818 1862 922 1902 enim
942 1864 1106 1914 uocant)
1131 1876 1226 1902 usus
1249 1869 1311 1902 est
1332 1860 1635 1916 Oudendorpius

145 1937 208 1980 et,
245 1945 330 1970 cum
353 1929 549 1971 Hauniam
572 1930 613 1970 in
634 1930 912 1970 bibliothecam
935 1930 1209 1970 uniuersitatis
1231 1931 1435 1979 uenisset,
1470 1929 1636 1971 Schnei—

145 1998 263 2038 derus
286 2006 400 2052 atque
420 1998 635 2039 Whittius.
673 1997 980 2052 Oudendorpius
1003 2004 1208 2052 praeterea
1230 1997 1355 2051 ipsius
1379 1997 1544 2039 Gruteri
1566 2013 1637 2039 no-

143 2073 203 2106 tas
226 2081 340 2106 manu
362 2067 545 2121 scriptas,
572 2082 667 2120 quas
684 2066 1071 2108 Amstelodamensis
1093 2065 1332 2106 bibliotheca
1352 2067 1543 2119 possidet,
1569 2067 1637 2107 ad-

143 2135 284 2175 hibuit.
327 2134 469 2176 Denuo
492 2134 808 2191 Bongarsianum
831 2135 997 2189 primum
1021 2134 1185 2174 contulit
1206 2134 1291 2188 ipse
1312 2132 1634 2188 Oudendorpius,

145 2204 302 2244 tertium
327 2202 574 2244 Schneidero
596 2203 875 2249 Plueschkius,
900 2202 1514 2256 professorAmstelodamensis.
1560 2201 1636 2242 Hic

143 2272 271 2313 codex
292 2273 464 2312 omnium
487 2279 549 2312 est
569 2270 951 2332 praestantissimus.
984 2269 1092 2311 Nam
1115 2277 1156 2310 et
1176 2271 1284 2311 solus
1307 2270 1506 2325 complura
1527 2277 1636 2310 recte

143 2334 307 2394 scripta
310 2330 499 2381 seruauit
528 2347 568 2380 ct
597 2353 715 2394 saepe
744 2353 831 2379 cum
862 2338 1064 2379 codicibus
1092 2337 1356 2393 interpolatae
1391 2338 1561 2379 familiae
1595 2338 1635 2377 in

140 2407 190 2448 iis
213 2408 423 2462 scripturis
446 2408 662 2459 consentit,
688 2422 787 2461 quae
810 2406 1038 2448 necessario
1061 2413 1154 2446 sunt
1170 2408 1409 2461 sequendae.
1439 2406 1480 2446 A
1498 2420 1636 2447 recen-

142 2476 244 2517 tiore
265 2491 383 2517 manu
405 2477 506 2517 haud
528 2491 651 2530 pauca
672 2475 942 2530 suprascripta
963 2481 1070 2525 sunt,
1096 2482 1135 2515 et
1147 2476 1383 2528 expessimo
1406 2475 1538 2515 codice
1562 2475 1635 2513 duo

144 2543 235 2584 folia
259 2545 305 2584 ad
329 2546 474 2585 calcem
498 2546 692 2598 suppleta.
756 2543 839 2584 Eas
863 2550 1051 2599 quattuor
1071 2543 1233 2597 paginas
1257 2543 1368 2595 (inde
1389 2557 1412 2583 a
1433 2542 1488 2583 94
1512 2555 1636 2595 usque

145 2612 192 2651 ad
212 2611 267 2653 97
289 2614 502 2653 secundum
526 2612 684 2654 Vffenb.
710 2612 798 2653 itin.
824 2611 906 2663 ΙΙΙ,
931 2611 1034 2666 573)
1059 2610 1328 2653 Schneiderus
1351 2612 1398 2652 ab
1421 2609 1536 2659 VIII,
1563 2608 1631 2659 39,

145 2677 173 2717 ,2
192 2679 366 2733 incipere
395 2683 544 2730 refert,
579 2688 623 2721 ut
650 2679 973 2735 Oudendorpium
997 2694 1155 2721 errasse
1177 2680 1429 2720 statuendum
1460 2680 1535 2728 sit,
1571 2678 1634 2730 qui

146 2759 181 2784 c.
206 2745 258 2786 39
273 2777 283 2795 ,
307 2748 334 2787 2
354 2755 551 2789 uetustam
572 2762 728 2789 manum
753 2749 934 2790 desinere
951 2780 961 2798 ,
986 2749 1056 2789 sed
1076 2748 1167 2788 inde
1189 2763 1212 2788 a
1233 2761 1269 2788 e.
1293 2747 1370 2797 43,
1396 2747 1421 2786 4
1444 2760 1565 2799 usque
1587 2746 1633 2785 ad

147 2811 218 2862 52,
245 2812 264 2852 1
288 2829 426 2856 rursus
450 2830 640 2870 apparere
662 2817 794 2857 tradit.
838 2816 907 2857 Ex
928 2817 1005 2857 alio
1028 2816 1161 2857 codice
1184 2815 1288 2856 ducti
1311 2821 1403 2855 sunt
1423 2812 1634 2853 Parisinus

149 2879 298 2936 primus
320 2888 361 2922 et
379 2882 602 2925 Vossianus
623 2884 774 2940 primus
795 2891 835 2926 et
854 2885 889 2926 is
911 2885 1037 2926 codex
1053 2915 1064 2935 ,
1098 2897 1152 2924 ex
1173 2898 1248 2937 quo
1271 2880 1553 2937 Egmondanus
1575 2886 1634 2919 at-
