1835 3240
723 195 1117 235 *54*-

185 313 271 353 rior
291 319 376 362 est,
399 312 456 352 ita
476 318 520 351 ut
542 315 552 334 ‘
567 309 704 364 supra'
729 309 922 362 propriam
946 313 983 346 et
1004 312 1228 359 perpetuam
1251 307 1576 360 significationem
1598 322 1661 349 re-

185 380 321 421 tineat.
364 377 554 421 Similiter
580 378 700 431 igitur
729 376 801 415 hoc
833 388 854 413 a
886 371 1129 413 Schneidero
1157 373 1392 426 disputatum
1432 383 1516 424 est,
1547 383 1662 430 atque

184 448 285 501 quod
307 448 354 487 de
376 447 413 486 b.
439 446 543 486 Gall.
569 444 629 493 II,
655 442 724 492 30,
748 441 774 480 4
797 440 975 480 uitiosam
999 440 1172 479 codicum
1195 440 1428 494 scripturam
1454 448 1557 483 ‘nam
1581 445 1662 497 ple-

182 529 348 568 rumque
370 515 548 553 omnibus
571 511 694 551 Gallis
716 522 811 561 prae
833 507 1098 560 magnitudine
1121 522 1327 561 corporum
1352 523 1508 549 suorum
1532 510 1663 551 breui—

182 589 244 622 tas
265 589 403 622 nostra
425 577 659 631 contemptui
684 576 770 625 est',
798 576 859 614 ubi
882 582 989 615 recte
1011 576 1198 616 edebatur
1221 576 1494 626 ‘hominibus',
1520 578 1575 617 ita
1597 579 1663 618 de-

183 649 322 699 fendit,
349 656 387 688 ut
412 649 654 702 ‘plerumque
677 643 825 682 omncs'
848 643 1026 697 intellegi
1048 643 1197 684 iuberet
1213 675 1223 694 ,
1255 643 1319 696 qui
1344 647 1491 697 ‘paene
1513 646 1662 685 omnes'

183 716 258 756 dici
280 720 555 761 consuessent,
580 718 617 751 et
640 711 735 750 haec
758 710 976 750 ascriberet
996 709 1050 760 V,
1075 711 1144 760 57,
1180 710 1205 750 3
1238 717 1248 735 ⁶
1266 711 1414 763 equites
1437 711 1663 765 plerumque

183 796 320 823 omnes
345 783 418 822 tela
442 781 544 820 intra
566 779 708 818 uallum
732 778 1002 818 coniciebant'
1036 785 1076 818 et
1096 777 1196 828 Vll,
1220 778 1299 829 84,
1324 779 1348 818 5
1383 779 1529 818 ‘omnia
1559 779 1661 819 enim

181 851 429 904 plerumque,
463 860 560 900 quae
591 846 754 895 absunt,
789 845 1061 886 uehementius
1093 846 1292 886 hominum
1326 853 1476 886 mentes
1510 853 1663 900 pertur-

180 917 304 958 bant':
330 916 466 966 quibus
488 915 584 954 locis
607 913 694 967 quid
716 913 937 966 impediret,
962 928 1037 966 quo
1058 914 1187 953 minus
1219 918 1229 937 ‘
1244 913 1492 967 plerumque'
1523 927 1663 967 perua-

181 991 268 1038 gata
292 983 579 1036 significatione
601 981 736 1022 uerbis
758 981 1080 1035 coniungeretur,
1107 982 1246 1021 uellem
1269 982 1537 1034 exposuisset.
1591 982 1662 1021 At-

182 1065 257 1105 que
278 1051 374 1091 haec
396 1065 474 1091 una
493 1064 575 1100 res,
601 1050 702 1103 quod
723 1049 952 1089 necessario
978 1050 1064 1099 ‘ita,
1088 1049 1144 1089 uti
1166 1049 1294 1089 antea'
1317 1050 1535 1103 ponendum
1558 1056 1660 1099 erat,

178 1118 284 1159 illam
307 1118 539 1172 optimorum
562 1117 737 1158 codicum
759 1116 991 1170 scripturam
1014 1116 1149 1157 falsam
1173 1131 1261 1157 esse
1283 1117 1522 1169 comprobat.
1583 1114 1663 1156 Ita-

181 1199 271 1240 que,
295 1199 345 1226 ne
365 1187 507 1239 longus
529 1185 600 1225 sim
617 1216 626 1234 ,
650 1184 688 1224 id
709 1184 886 1224 omittam
902 1215 912 1234 ,
938 1198 1052 1237 quam
1073 1191 1181 1225 recte
1204 1181 1357 1225 Caesar
1380 1197 1446 1233 ea,
1483 1197 1581 1236 quae
1603 1183 1663 1223 hic

180 1254 282 1294 facta
303 1260 531 1303 narrantur,
556 1267 641 1292 cum
663 1252 728 1301 iis,
753 1265 851 1304 quae
873 1266 908 1292 c.
932 1251 1003 1301 22,
1026 1252 1054 1293 2
1070 1266 1113 1293 se
1134 1252 1277 1293 fecisse
1301 1252 1659 1300 demonstrauerat,

181 1327 479 1374 comparaturus
501 1321 623 1360 fuisse
645 1320 841 1360 uideatur.
905 1318 951 1360 In
980 1321 1143 1373 reliquis
1173 1319 1373 1359 codicibus
1396 1326 1555 1372 praeter
1575 1333 1663 1372 per-

181 1402 326 1441 paucos
348 1388 535 1440 scriptum
558 1394 615 1428 est
641 1388 711 1427 ‘ita
733 1387 789 1427 uti
811 1402 928 1442 supra
951 1402 993 1428 se
1015 1389 1055 1427 in
1076 1401 1226 1428 summo
1248 1387 1352 1439 iugo'
1376 1393 1470 1426 cett.
1503 1384 1599 1426 Inde
1622 1386 1663 1426 in

179 1469 258 1494 uno
280 1453 469 1495 Leidensi
491 1455 638 1503 codice,
664 1456 853 1505 secundo,
879 1462 921 1495 ut
942 1455 1126 1504 arbitror,
1152 1456 1329 1495 effectum
1353 1460 1428 1502 est,
1455 1454 1555 1506 quod
1578 1450 1663 1494 Ou-

179 1521 416 1576 dendorpius
446 1521 588 1562 edidit:
627 1522 707 1562 ‘ita
738 1523 794 1561 uti
816 1536 934 1576 supra
956 1537 999 1562 se
1020 1523 1059 1562 in
1082 1537 1233 1562 summo
1254 1524 1346 1575 iugo
1369 1522 1463 1560 duas
1486 1520 1663 1574 legiones

178 1614 234 1619 —-
255 1596 296 1630 et
316 1590 447 1629 omnia
468 1590 616 1629 auxilia
640 1590 863 1629 collocaret'
888 1597 980 1629 cett.
1026 1589 1173 1628 Verum
1197 1596 1276 1628 tum
1300 1596 1474 1628 extrema
1510 1593 1520 1611 ⁴
1536 1601 1580 1627 ac
1603 1595 1662 1627 to-

178 1663 259 1696 tum
281 1664 454 1696 montem
484 1657 705 1696 hominibus
729 1656 912 1710 compleri
946 1664 984 1696 et
1011 1657 1164 1695 interea
1195 1655 1374 1694 sarcinas
1405 1655 1443 1694 in
1467 1669 1583 1694 unum
1605 1655 1662 1695 lo-

179 1737 265 1763 cum
288 1723 460 1763 conferri
483 1730 523 1763 et
544 1737 630 1762 eum
653 1723 700 1763 ab
721 1723 786 1773 iis,
811 1724 872 1776 qui
889 1724 929 1763 in
948 1724 1153 1776 superiore
1170 1722 1253 1761 acie
1277 1722 1553 1771 constiterant,
1579 1736 1662 1761 mu-

178 1790 255 1831 niri
275 1790 402 1830 iussit'
427 1791 549 1830 forma
571 1791 761 1831 orationis
784 1791 1080 1844 coniunguntur
1100 1805 1183 1830 cum
1208 1790 1358 1843 primis,
1384 1804 1468 1828 cum
1490 1802 1554 1828 res
1573 1802 1662 1842 per-

179 1858 304 1898 tineat
325 1857 373 1897 ad
394 1871 462 1908 ea,
493 1872 592 1913 quae
614 1858 793 1911 proxima
815 1858 1020 1911 superiora
1040 1865 1147 1897 sunt.
1210 1856 1347 1909 Itaque
1369 1863 1479 1895 recte
1503 1853 1662 1896 Ouden-

178 1924 335 1979 dorpius
358 1926 580 1979 suspicatus
603 1932 664 1965 est
684 1932 836 1965 retento
858 1926 925 1965 illo
951 1926 1046 1965 ‘sed'
1071 1926 1303 1979 optimorum
1335 1923 1510 1964 codicum
1543 1923 1663 1964 uerba

182 1991 252 2032 ‘ita
273 1992 329 2031 uti
351 1993 480 2046 supra'
503 1993 673 2046 ascripta
692 1993 951 2033 existimanda
977 2007 1064 2033 esse
1083 1993 1128 2032 ab
1147 2006 1208 2041 eo,
1235 1993 1298 2045 qui
1320 1992 1381 2031 hic
1403 1992 1529 2031 locum
1552 1991 1660 2031 illum

179 2059 317 2113 capitis
339 2059 417 2110 22,
442 2073 556 2115 quem
579 2074 698 2113 supra
721 2060 857 2114 posui,
883 2061 1160 2100 conferendum
1184 2061 1391 2100 iudicaret.
1455 2056 1569 2111 Quod
1591 2072 1660 2099 au—

177 2133 256 2166 tem
278 2123 543 2167 Schneiderus
566 2134 771 2181 praeterea
793 2141 846 2167 ex
876 2128 1055 2168 omnibus
1085 2127 1284 2168 codicibus
1306 2127 1481 2167 restituit
1513 2132 1522 2150 ⁶
1537 2126 1661 2180 legio·

176 2206 268 2233 num
292 2201 478 2249 quattuor
500 2194 816 2244 ueteranorum',
851 2195 942 2235 mihi
975 2210 1053 2235 non
1084 2195 1342 2249 persuadetur
1364 2191 1579 2234 Caesarem
1606 2194 1662 2234 ita

176 2260 408 2314 scripsisse:
443 2268 673 2302 constanter
693 2263 795 2302 enim
819 2263 1002 2303 dicuntur
1026 2267 1255 2303 ‘ueteranae
1276 2261 1482 2316 legiones’.
1547 2258 1662 2312 Quod

175 2327 211 2368 si
232 2328 317 2381 quis
339 2328 504 2369 alterum
526 2336 636 2370 recte
657 2330 731 2369 dici
755 2329 921 2383 probare
944 2331 1075 2380 uolet,
1103 2330 1139 2370 ei
1161 2331 1198 2369 id
1219 2330 1344 2383 ipsum
1368 2327 1560 2380 exemplis
1583 2327 1661 2367 erit

177 2395 482 2436 confirmandum
504 2404 619 2449 atque
642 2396 847 2444 eiusmodi,
872 2398 918 2437 cle
937 2398 1076 2450 quibus
1095 2397 1274 2437 dubitare
1295 2410 1375 2436 non
1395 2395 1526 2435 liceat.
1551 2392 1658 2434 Nam

176 2463 275 2515 quod
298 2463 467 2503 tironum
489 2463 667 2518 legiones
691 2464 885 2514 dicuntur,
913 2465 988 2505 alia
1010 2466 1094 2505 eius
1115 2463 1297 2504 uocabuli
1321 2465 1445 2503 forma
1467 2468 1542 2501 cst.

291 2527 340 2569 C.
366 2529 443 2580 28,
477 2530 503 2570 3
523 2538 632 2571 recte
655 2530 957 2584 Oudendorpius
988 2533 1164 2572 ediderat
1202 2531 1330 2583 ‘quod
1361 2529 1540 2568 omnibus
1578 2529 1658 2568 fru-

176 2596 302 2637 ctibus
319 2597 472 2638 amissis
495 2598 595 2638 domi
622 2599 714 2637 nihil
738 2606 837 2647 erat,
863 2614 936 2651 quo
960 2600 1097 2640 famem
1120 2600 1351 2645 tolerarent,
1376 2596 1656 2649 Allobrogibus

175 2665 403 2718 imperauit,
428 2672 471 2705 ut
490 2666 538 2706 iis
561 2666 746 2706 frumenti
769 2667 916 2719 copiam
940 2668 1143 2707 facerent‘.
1187 2665 1292 2705 Nam
1316 2678 1403 2704 cum
1437 2663 1657 2703 ‘fructibus'

177 2732 361 2785 scriptum
385 2733 437 2773 sit
457 2733 496 2772 in
520 2734 652 2773 codice
675 2734 843 2773 omnium
867 2735 1026 2786 optimo,
1052 2733 1180 2786 Bong.
1206 2747 1264 2786 pr.
1286 2762 1294 2779 ,
1319 2739 1355 2771 ct
1379 2745 1431 2771 ex
1453 2732 1576 2771 altera
1597 2731 1657 2771 in-

177 2807 376 2855 tegrorum
398 2807 507 2854 parte
528 2801 569 2841 in
589 2799 706 2855 Egm.
733 2808 772 2841 et
792 2800 907 2841 Vrat.
933 2815 993 2854 pr.
1013 2831 1022 2849 ,
1056 2801 1191 2840 horum
1216 2800 1431 2839 auctoritas
1455 2813 1533 2839 non
1555 2798 1658 2839 cedit

178 2868 389 2909 consensui
409 2866 503 2910 Par.
535 2882 595 2922 pr.
628 2875 666 2909 et
687 2867 892 2922 Voss-'pn
928 2882 1014 2908 cum
1044 2867 1291 2921 interpolatis
1315 2873 1354 2907 ct
1374 2866 1569 2919 plerisque
1591 2866 1656 2907 de-
