1835 3240
80 155 164 199 550
644 156 718 200 DE
749 155 935 199 BELLO
968 155 1142 200 CIVILI

109 269 136 310 4
158 269 320 324 pedibus
342 270 602 312 Adrumetum
626 272 868 326 perfugerat.
912 268 956 311 Id
979 270 1157 324 oppidum
1181 268 1230 312 C.
1248 269 1458 312 Considius
1470 269 1636 327 Longus

158 338 273 378 unius
295 338 460 393 legionis
483 339 678 392 praesidio
701 337 895 378 tuebatur.
958 336 1154 390 Reliquae
1177 335 1362 379 Caesaris
1396 353 1517 380 naues
1553 340 1638 379 eius

111 404 134 445 5
159 406 248 459 fuga
279 420 321 446 se
345 407 602 446 Adrumetum
635 412 884 459 receperunt.
948 404 1064 447 Hunc
1105 413 1264 445 secutus
1295 404 1473 447 Marcius
1510 406 1639 446 Rufus

157 481 344 526 quaestor
366 474 529 513 nauibus
550 480 639 521 XII,
675 487 770 525 quas
799 473 995 526 praesidio
1027 472 1222 513 onerariis
1255 474 1416 514 nauibus
1439 473 1562 514 Curio
1586 487 1638 514 ex

158 540 292 581 Sicilia
315 541 535 589 eduxerat,
572 546 774 594 postquam
806 540 844 580 in
874 540 990 580 litore
1019 540 1195 580 relictam
1228 554 1369 580 nauem
1401 542 1632 595 conspexit,
1669 548 1686 579 5

83 609 141 653 2-1
163 609 263 649 hanc
286 608 457 648 remulco
479 607 697 658 abstraxit,
728 608 810 661 ipse
833 608 879 647 ad
903 605 1119 648 Curionem
1142 622 1228 649 cum
1253 608 1380 647 classe
1402 608 1516 648 redit.
1561 607 1640 649 Cu-

156 677 216 717 rio
238 675 434 716 Marcium
459 674 615 717 Vticam
639 675 803 716 nauibus
827 676 1065 730 praemittit3
1091 678 1174 730 ipse
1196 676 1333 715 eodem
1357 689 1442 717 cum
1461 676 1640 716 exercitu

159 743 613 797 proficisciturbiduique
634 744 712 784 iter
733 757 967 798 progressus
989 744 1036 784 ad
1051 744 1189 783 flumen
1204 741 1424 797 Bagradam
1446 743 1639 798 peruenit.

109 810 214 852 21bi
246 808 292 851 C.
317 809 526 852 Caninium
558 809 741 851 Rebilum
772 811 942 865 legatum
975 825 1060 850 cum
1092 811 1312 865 legionibus
1344 810 1527 864 reliquit3
1560 810 1643 863 ipse

160 893 244 918 cum
269 879 444 932 equitatu
467 880 666 920 antecedit
687 879 733 919 ad
757 886 887 919 castra
910 878 1154 932 exploranda
1177 876 1443 929 Corneliana,
1479 879 1579 931 quod
1610 878 1643 918 is
1676 885 1716 918 10

110 946 135 987 3
158 947 266 987 locus
289 947 526 1001 peridoneus
550 947 692 988 castris
716 947 943 988 habebatur.
999 945 1043 986 Id
1065 954 1195 988 autem
1217 954 1275 988 est
1296 947 1429 1000 iugum
1454 946 1644 986 directum

157 1015 335 1055 eminens
357 1015 397 1055 in
427 1029 561 1064 mare,
598 1022 762 1068 utraque
793 1029 844 1055 ex
875 1021 984 1068 parte
1014 1023 1264 1069 praeruptum
1297 1023 1411 1067 atque
1442 1027 1639 1067 asperum,

157 1083 225 1122 sed
249 1089 376 1125 tamen
400 1083 513 1137 paulo
536 1083 686 1126 leniore
710 1082 866 1136 fastigio
889 1082 935 1121 ab
959 1095 1004 1121 ea
1028 1089 1154 1137 parte,
1184 1097 1282 1136 quae
1305 1083 1351 1123 ad
1374 1081 1530 1123 Vticam
1554 1094 1643 1120 uer-

110 1149 135 1188 4
159 1150 227 1203 git.
275 1150 402 1191 Abest
433 1151 583 1192 directo
616 1152 758 1192 itinere
792 1151 837 1190 ab
860 1149 977 1191 Vtica
1009 1151 1124 1204 paulo
1155 1152 1319 1204 amplius
1351 1164 1490 1204 passus
1522 1148 1640 1188 mille.

160 1216 238 1258 Sed
263 1218 335 1258 hoc
357 1219 497 1258 itinere
521 1226 581 1259 est
602 1219 705 1266 sons,
731 1233 804 1271 quo
829 1232 934 1260 mare
957 1218 1132 1258 succedit
1153 1218 1322 1272 longius,
1353 1219 1509 1269 lateque
1531 1216 1565 1256 is
1587 1217 1643 1255 lo·
1677 1222 1716 1254 15

157 1300 224 1326 cus
247 1293 475 1339 restagnat,
502 1300 614 1339 quem
639 1286 671 1326 si
695 1287 758 1339 qui
783 1286 909 1327 uitare
931 1286 1118 1336 uoluerit,
1147 1301 1222 1326 sex
1243 1286 1389 1327 milium
1415 1283 1583 1324 circuitu
1605 1283 1643 1322 in

79 1354 135 1397 25
159 1354 335 1407 oppidum
359 1354 555 1409 peruenit.
609 1353 695 1394 Hoc
730 1355 938 1408 explorato
960 1354 1047 1394 loco
1069 1351 1193 1394 Curio
1217 1360 1345 1394 castra
1369 1351 1465 1393 Vari
1491 1350 1646 1404 conspi—

157 1422 211 1461 cit
233 1436 342 1461 muro
366 1422 581 1475 oppidoque
605 1423 815 1462 coniuncta
838 1423 885 1462 ad
908 1428 1083 1475 portam,
1118 1436 1215 1476 quae
1248 1421 1464 1474 appellatur
1485 1419 1640 1469 bellica,

157 1490 362 1530 admodum
386 1490 534 1530 munita
557 1497 698 1530 natura
721 1490 813 1540 loci,
838 1504 915 1530 una
939 1503 991 1530 ex
1012 1497 1122 1544 parte
1145 1491 1229 1545 ipso
1253 1489 1391 1542 oppido
1413 1486 1555 1536 Vtica,
1590 1485 1644 1525 al-

157 1565 243 1598 tera
265 1572 285 1598 a
309 1558 463 1599 theatro
481 1589 491 1608 ,
518 1559 618 1611 quod
642 1565 701 1599 est
723 1565 814 1599 ante
837 1558 1017 1612 oppidum
1033 1589 1043 1608 ,
1068 1556 1425 1599 substructionibus
1449 1556 1531 1596 eius
1555 1567 1646 1608 ope·
1677 1560 1719 1594 20

107 1627 134 1669 2
155 1627 211 1667 ris
234 1626 432 1676 maximis,
458 1627 566 1668 aditu
587 1627 634 1667 ad
657 1634 786 1667 castra
809 1626 952 1666 difficili
975 1633 1014 1667 et
1035 1634 1219 1680 angusto.
1253 1623 1380 1666 Simul
1401 1623 1645 1665 animaduer-

157 1694 205 1740 tjt
226 1694 347 1736 multa
368 1695 539 1748 undique
561 1695 709 1748 portari
730 1702 847 1748 atque
871 1695 934 1749 agi
956 1695 1194 1747 plenissimis
1217 1694 1309 1743 uiis,
1336 1705 1434 1745 quae
1451 1689 1644 1745 repentini

111 1761 135 1802 3
158 1763 344 1803 tumultus
377 1763 518 1803 timore
549 1777 602 1803 ex
629 1764 735 1817 agris
766 1763 804 1802 in
840 1763 970 1802 urbem
1005 1764 1274 1803 conserantur.
1320 1760 1406 1800 Huc
1429 1759 1644 1812 equitatum

156 1831 290 1880 mittit,
317 1837 359 1870 ut
381 1830 567 1884 diriperet
590 1838 705 1883 atque
728 1829 890 1872 haberet
913 1831 999 1870 loco
1013 1831 1206 1884 praedae3
1233 1829 1445 1882 eodemque
1469 1834 1644 1879 tempore

157 1898 217 1938 his
239 1898 358 1938 rebus
382 1898 555 1938 subsidio
578 1906 633 1938 DC
657 1899 808 1951 equites
830 1897 1027 1938 Numidae
1051 1912 1102 1938 ex
1125 1898 1264 1951 oppido
1286 1896 1514 1950 peditesque
1533 1899 1642 1932 CCCC
1673 1899 1716 1934 25

155 1967 363 2007 mittuntur
383 1980 405 2008 a
426 1966 537 2007 Varo
556 1998 565 2016 ‚
606 1981 704 2019 quos
726 1966 864 2009 auxilii
889 1980 1003 2006 causa
1027 1979 1100 2005 rex
1122 1964 1217 2005 Iuba
1239 1964 1373 2018 paucis
1396 1962 1531 2002 dicbus
1554 1968 1646 2001 ante

110 2034 135 2074 4
159 2033 312 2077 Vticam
336 2035 512 2075 miserat.
557 2033 659 2074 Huic
683 2041 721 2074 et
743 2041 947 2089 paternum
971 2033 1182 2088 hospitium
1211 2047 1300 2074 cum
1322 2030 1508 2084 Pompeio
1532 2035 1571 2069 et
1591 2028 1644 2068 si-

301 2197 314 2229 1
339 2196 539 2238 perfugerat
557 2207 577 2228 α
593 2197 623 2237 b,
645 2196 846 2238 profugerat
863 2205 898 2227 u.
1062 2195 1231 2237 oppidium
1250 2204 1283 2225 a.
1441 2189 1460 2222 3
1479 2199 1516 2220 se
1534 2186 1644 2219 Adru-

156 2250 279 2278 metum
298 2258 331 2287 a,
353 2248 574 2279 Adi-uinctum
594 2258 630 2280 se
654 2247 734 2279 edd.
846 2248 932 2278 hanc
950 2255 1069 2278 errore
1091 2257 1124 2279 u.
1244 2246 1447 2277 consecutus
1468 2241 1500 2271 b.

156 2296 307 2330 Marcius
327 2309 403 2341 ego,
426 2298 469 2331 M.
494 2299 594 2331 codd.
617 2299 657 2330 Ρ.
683 2299 757 2331 149.
897 2299 919 2331 4
936 2299 1126 2330 honerariis
1145 2308 1180 2330 a.
1331 2295 1350 2328 6
1370 2293 1521 2332 remulg0
1542 2291 1573 2331 b,
1595 2300 1646 2321 re·

155 2349 257 2389 milgo
278 2361 311 2381 (ι.
499 2351 539 2382 ad
560 2351 598 2383 C.
620 2351 803 2382 Curionem
823 2361 840 2381 c
858 2353 893 2381 et
909 2353 1040 2382 omisso
1059 2351 1101 2382 ad
1120 2362 1154 2383 a.
1348 2347 1366 2380 7
1387 2345 1551 2378 Marcium
1571 2354 1592 2375 a
1611 2346 1647 2374 et

159 2399 333 2432 ‘Martium
353 2411 434 2432 mss.
452 2401 646 2443 pleriqua',
669 2402 818 2434 Marcum
837 2402 876 2433 P.
897 2402 1085 2433 Manutius
1103 2412 1138 2433 u.
1365 2399 1384 2431 8
1404 2396 1590 2437 Bragadam
1613 2395 1645 2426 b-

301 2452 319 2484 9
340 2452 482 2494 reliquit
502 2454 596 2485 ‘ms-5.
619 2453 662 2493 4',
685 2453 832 2494 reliquid
851 2463 894 2492 α,·
917 2453 1080 2495 relinquit
1099 2452 1305 2494 Stephanus
1323 2460 1358 2481 u.
1521 2447 1561 2479 10
1584 2446 1647 2477 Ca-

161 2501 301 2532 iudiana
320 2501 401 2542 (sic)
420 2512 452 2541 a,
475 2502 649 2534 Candiana
670 2504 700 2544 b,
723 2503 913 2534 Canidiana
933 2513 963 2534 e.
1178 2502 1229 2533 his
1249 2502 1344 2533 locus
1362 2498 1591 2542 perhidoneus
1610 2507 1644 2528 a.

306 2554 341 2586 11
364 2554 535 2585 detectum
557 2555 615 2586 uel
633 2555 809 2587 desectum
829 2555 981 2595 a(p11t0
1001 2553 1202 2594 derectum).
1369 2551 1408 2583 13
1429 2549 1559 2581 leuiore
1576 2558 1596 2579 a
1612 2548 1642 2579 b.

304 2605 345 2638 14
364 2606 501 2637 derecto
522 2618 540 2637 a
557 2608 587 2638 b.
730 2616 852 2649 passus
874 2606 971 2637 ‘mss.
992 2604 1041 2642 3',
1062 2603 1136 2646 pas.
1156 2615 1199 2643 a;
1219 2613 1378 2646 passuum
1399 2612 1444 2632 θα)
1463 2600 1544 2633 Vrs.
1566 2599 1642 2630 cod.

160 2656 327 2698 Scaliger
344 2667 379 2688 u.
566 2657 637 2688 iuil.
657 2668 692 2698 a,
712 2657 806 2688 milia
827 2656 858 2687 b.
1014 2655 1053 2688 15
1074 2666 1137 2696 quo
1155 2654 1366 2693 Vossianus,
1390 2652 1477 2694 quod
1495 2651 1644 2691 relt'quz'.

303 2710 341 2742 16
361 2719 416 2741 res
434 2714 572 2749 stagnat
589 2719 623 2740 a.
768 2708 796 2739 si
816 2708 870 2749 qui
891 2707 911 2739 2
930 2706 1018 2738 dett.
1040 2716 1061 2737 u
1080 2706 1230 2748 (fuerat
1247 2707 1273 2738 si
1289 2704 1400 2749 quis);
1421 2703 1486 2735 sibi
1506 2713 1538 2743 a,
1561 2702 1590 2733 si
1610 2701 1642 2732 b.

301 2761 486 2792 uoluerunt
506 2761 536 2792 b.
697 2759 737 2793 17
757 2758 915 2802 peruenit
931 2769 952 2789 a
968 2759 998 2799 b,
1020 2759 1199 2801 perucniet
1219 2770 1253 2791 u.
1409 2757 1451 2791 20
1472 2765 1489 2786 ss
1509 2755 1642 2786 theatro

157 2823 178 2844 a
198 2812 284 2844 ‘mci
300 2810 444 2852 omnes'‚
467 2811 600 2843 theatro
619 2821 655 2843 u.
820 2809 1111 2842 substrationibus
1130 2820 1149 2840 a
1163 2810 1180 2840 b
1194 2821 1221 2841 e.
1386 2809 1430 2844 21
1450 2806 1590 2839 dimittit
1610 2805 1640 2836 b.

301 2865 343 2900 25
362 2862 540 2896 Numidiae
559 2874 592 2895 a.
734 2862 776 2894 26
796 2860 904 2894 Varro
923 2872 955 2892 a.
