1835 3240
717 187 824 193 -—
889 164 1115 203 8⁴.)ss-

177 280 284 328 tum',
316 291 442 331 neque
459 308 470 328 ,
505 277 596 330 quin
619 289 651 315 c.
681 275 730 315 12
751 276 853 316 idem
876 276 1055 330 oppidum
1079 276 1381 330 significaretur,
1408 280 1583 320 dubitare
1605 281 1658 320 si-

174 354 313 388 nerent
334 353 512 385 extrema
536 344 656 384 uerba
678 343 894 396 superioris
918 344 1057 397 capitis
1092 345 1329 384 ‘exercitum
1361 344 1544 400 Ligerem
1579 355 1658 387 tra-

173 415 278 455 ducit
298 421 412 466 atque
435 413 475 452 in
497 410 718 464 Biturigum
743 412 839 451 fines
863 412 1070 464 peruenit',
1105 426 1151 452 eo
1175 412 1394 462 descendit,
1430 421 1471 453 ut
1493 415 1657 467 reliqua,

171 496 268 536 quae
289 481 327 520 in
351 480 516 534 integris
539 480 650 519 codd.
678 493 754 518 non
776 480 976 533 leguntur,
1002 479 1217 529 omitteret,
1243 493 1294 520 ex
1318 480 1487 520 editione
1508 480 1661 520 incerta

172 557 211 589 et
241 563 316 589 uno
348 550 546 589 deteriore
576 547 733 596 codice,
769 560 880 599 quem
915 561 1052 587 errore
1081 546 1377 588 Louaniensem
1409 548 1566 588 tertium
1591 562 1660 601 pro

169 615 357 657 Leidensi
392 616 506 657 tertio
538 615 729 669 appellat,
781 613 1095 655 ‘Nouiodunum'
1125 622 1214 668 post
1248 615 1457 669 ‘oppidum'
1488 615 1663 655 adiceret

168 685 283 738 idque
324 684 503 739 oppidum
531 683 784 724 Haeduorum
830 684 953 723 fuisse
991 683 1033 723 in
1061 683 1202 723 linibus
1234 682 1462 738 Biturigum
1492 682 1661 737 positum

169 753 444 793 arbitraretur.
479 749 559 792 Sed
581 752 643 804 qui
666 751 798 801 fiebat,
823 759 866 791 ut
887 748 1039 791 Caesar
1060 749 1314 791 Haeduorum
1337 751 1518 805 oppidum
1541 764 1662 804 oppu-

167 829 323 876 gnaret,
349 819 427 873 qui,
452 834 539 860 cum
561 819 657 860 haec
680 826 932 873 gererentur,
967 819 1007 858 in
1029 819 1202 858 amicitia
1223 817 1495 859 Romanorum
1528 831 1663 871 perse-

168 888 386 930 uerabant?
427 886 556 928 Recte
587 886 875 928 Nouiodunum
905 893 945 927 et
967 900 1001 926 c.
1029 885 1082 925 12
1104 887 1283 940 oppidum
1314 884 1538 940 Biturigum
1562 893 1602 926 et
1622 900 1658 926 c.

166 956 219 997 55
241 956 495 997 Haeduorum
518 955 675 996 dicitur.
716 953 920 1009 Bituriges
944 954 1046 995 enim
1067 955 1108 994 in
1131 955 1203 994 fide
1226 953 1483 995 Haeduorum
1506 956 1664 995 fuerant

167 1032 207 1065 et
229 1025 275 1064 ab
297 1025 346 1065 iis
369 1024 621 1065 desciuerant
642 1038 763 1078 seque
776 1039 861 1064 cum
877 1021 1209 1076 Vercingetorige
1222 1023 1582 1071 eoniunxerant(c.
1597 1021 1658 1075 5).

168 1089 248 1134 Sed
271 1092 510 1147 expugnatis
533 1106 670 1133 eorum
695 1092 845 1147 oppidis
866 1089 1136 1141 Nouioduno,
1160 1091 1198 1131 id
1221 1092 1323 1144 quod
1347 1092 1419 1132 hoe
1440 1091 1524 1145 ipso
1547 1105 1582 1131 c.
1610 1089 1663 1132 12

165 1167 205 1201 et
227 1159 278 1200 13
302 1168 503 1210 narratur,
529 1167 568 1200 et
588 1159 764 1201 Auarico
789 1163 842 1211 (c.
867 1158 938 1211 28)
963 1173 1031 1200 eos
1054 1159 1125 1199 sul)
1147 1166 1383 1213 potestatem
1406 1158 1661 1199 Haeduorum

164 1228 316 1269 redisse
338 1235 514 1282 apertum
538 1235 614 1269 est.
668 1226 806 1282 Itaque
830 1228 902 1268 hoc
924 1228 1012 1268 loco
1035 1228 1081 1267 de
1105 1227 1273 1267 ueritate
1297 1241 1430 1268 eorum
1447 1259 1457 1279 ,
1493 1241 1593 1282 quae
1620 1227 1662 1268 in

167 1296 414 1350 interpolatis
438 1297 548 1337 codd.
576 1296 723 1350 scripta
747 1303 854 1347 suut,
880 1295 1131 1336 dubitandum
1156 1309 1234 1334 non
1259 1302 1360 1335 erat.

282 1361 331 1406 C.
369 1363 436 1411 14,
461 1363 485 1403 ἴ)
527 1365 567 1405 in
609 1364 789 1404 oratione
829 1363 1173 1418 Vercingetorigis
1216 1364 1312 1404 haee
1355 1363 1501 1417 scripta
1542 1369 1657 1403 sunt:

168 1430 398 1472 ‘Praeterea
422 1432 559 1472 salutis
583 1446 700 1472 causa
724 1432 782 1471 rei
805 1431 1009 1471 familiaris
1033 1431 1236 1471 commoda
1257 1431 1524 1486 neglegenda:
1551 1431 1660 1470 uicos

166 1506 281 1552 atque
304 1500 481 1540 aedificia
502 1500 658 1540 incendi
681 1507 863 1553 oportere
886 1499 959 1539 hoc
983 1499 1110 1553 spatio
1142 1513 1162 1539 a
1186 1497 1286 1538 Boia
1318 1512 1471 1552 quoque
1500 1512 1658 1549 uersus,

166 1580 241 1619 quo
265 1567 474 1620 pabulandi
496 1580 612 1607 causa
642 1567 750 1606 adire
772 1580 888 1621 posse
910 1567 1148 1607 uideantur'.
1173 1564 1656 1620 Disputantinterpretes,

164 1641 293 1674 utrum
322 1632 422 1674 Boia
452 1641 560 1674 recte
591 1635 769 1683 dicatur,
804 1648 855 1674 an
889 1639 928 1674 ‘a
959 1632 1082 1675 Boiis’
1115 1634 1320 1674 dicendum
1353 1635 1496 1685 fuerit,
1532 1649 1660 1689 neque

165 1702 300 1742 uident
326 1700 449 1742 Boios
483 1702 640 1741 omuino
664 1702 725 1742 hic
748 1701 1048 1742 commemorari
1071 1716 1147 1742 non
1172 1703 1359 1756 potuisse.
1392 1701 1659 1757 Vercingeto-

163 1769 229 1809 rix
257 1770 383 1820 enim,
419 1784 503 1810 cum
535 1770 713 1824 oppidum
745 1768 934 1810 Boiorum
967 1777 1238 1823 oppugnaret,
1279 1771 1436 1825 cognito
1470 1768 1659 1812 Caesaris

163 1838 335 1878 aduentu
356 1837 492 1878 relicta
516 1839 807 1892 oppugnatione
829 1837 984 1878 obuiam
1007 1838 1042 1877 ei
1064 1839 1263 1892 profectus
1286 1839 1333 1879 ad
1354 1837 1656 1889 Nouiodunum,

162 1904 385 1960 Biturigum
408 1906 602 1960 oppidum,
629 1903 846 1947 Caesarem
870 1913 1106 1946 consecutus
1130 1913 1230 1946 erat.
1285 1905 1342 1946 lbi
1374 1908 1460 1947 fuso
1484 1908 1659 1961 equitatu

164 1972 509 2029 Vercingetorigis
551 1981 589 2015 et
622 1981 783 2028 recepto
816 1973 1061 2015 Nouioduno
1099 1971 1252 2015 Caesar
1291 1975 1521 2026 Auaricum,
1556 1977 1657 2029 quod

162 2041 286 2095 ipsum
309 2040 696 2096 quoqueBiturigum
720 2043 898 2096 oppidum
923 2049 1024 2092 erat,
1050 2049 1180 2083 castra
1203 2050 1397 2083 mouerat.
1432 2043 1543 2084 Haec
1566 2058 1657 2084 nar-

161 2116 300 2149 rantur
321 2123 356 2149 c.
384 2109 436 2149 12
458 2117 495 2151 et
520 2110 585 2154 13,
637 2109 791 2151 Deinde
814 2109 946 2151 habita
967 2111 1033 2151 illa
1055 2111 1236 2151 oratione
1259 2125 1282 2151 a
1303 2110 1653 2165 Vercingetorige,

164 2191 217 2218 ex
247 2192 323 2230 qua
351 2192 469 2232 supra
501 2178 689 2232 quaedam
721 2180 857 2232 posui,
892 2177 1117 2234 Biturigum
1141 2179 1281 2233 oppida
1302 2193 1325 2219 a
1347 2178 1471 2220 Gallis
1493 2180 1656 2220 incensa

161 2259 249 2286 esse
272 2253 325 2293 et,
351 2260 436 2286 cum
458 2245 676 2287 Auaricum
701 2248 933 2288 conseruari
956 2248 1184 2302 placuisset,
1211 2261 1256 2288 eo
1283 2247 1656 2302 Vercingetorigem

159 2312 362 2354 Romanos
385 2321 560 2354 secutum
584 2328 672 2355 esse
695 2329 729 2354 c.
757 2314 808 2356 15
832 2322 872 2356 et
895 2314 946 2356 16
967 2317 1153 2357 refertur.
1205 2314 1275 2355 Ex
1306 2315 1366 2355 his
1398 2317 1516 2357 rebus
1540 2330 1656 2370 appa—

159 2389 234 2432 ret,
260 2396 345 2422 cum
366 2383 432 2423 illa
455 2383 583 2423 oratio
607 2383 834 2434 haberetur,
860 2391 897 2424 et
918 2382 1123 2425 Romanos
1146 2392 1185 2425 et
1208 2383 1345 2426 Gallos
1368 2385 1406 2425 in
1428 2382 1654 2438 Biturigum

161 2450 300 2491 linibus
324 2451 463 2502 fuisse,
488 2465 614 2504 neque
638 2450 1011 2507 Vercingetorigem
1034 2453 1201 2494 suadere
1222 2454 1412 2507 potuisse,
1447 2459 1489 2492 ut
1511 2466 1533 2492 a
1556 2451 1656 2492 Boia

161 2531 311 2571 quoque
352 2532 492 2560 uersus
532 2519 609 2559 uici
648 2520 904 2574 aedificiaque
942 2521 1262 2562 incenderentur.
1317 2521 1464 2574 Neque
1495 2521 1654 2561 omuino

161 2592 270 2625 certa
291 2586 421 2640 aliqua
442 2587 554 2641 regio
578 2588 774 2628 nominari
796 2589 937 2642 potuit.
968 2588 1073 2629 Nam
1098 2603 1143 2630 ea
1166 2597 1227 2630 est
1248 2590 1351 2630 illius
1365 2588 1650 2638 consiliiratio,

161 2658 217 2701 ut,
242 2652 471 2708 ubicumque
489 2654 661 2695 Romani
683 2664 834 2707 essent,
861 2657 1043 2697 omniain
1057 2657 1225 2698 circuitu
1247 2657 1580 2705 incenderentur,
1605 2670 1654 2695 ne

160 2718 335 2771 pabulari
373 2719 525 2763 Caesar
561 2731 710 2777 posset.
765 2722 903 2777 Itaque
945 2726 1142 2778 generalis
1171 2726 1381 2778 [sententia
1420 2724 1651 2778 requiritur.

163 2784 209 2826 Id
230 2787 257 2826 ii
287 2791 457 2831 assecuti
484 2799 592 2842 sunt,
627 2792 690 2845 qui
713 2807 783 2846 pro
814 2792 891 2833 illis
927 2798 965 2833 ‘a
996 2791 1109 2834 Boia⁷
1133 2793 1383 2834 scribendum
1417 2798 1654 2846 putauerunt

165 2855 227 2896 ‘ab
260 2855 400 2908 hoste,
435 2866 478 2900 ut
510 2857 747 2902 Ciacconius
778 2867 817 2902 et
847 2859 1042 2911 Vrsinus,
1088 2868 1155 2902 aut
1191 2862 1254 2902 ‘ab
1291 2860 1515 2910 Romanis',
1551 2857 1653 2912 quod
