1835 3240
81 150 166 192 410
608 150 681 193 DE
712 149 901 193 BELLO
934 149 1186 193 GALLICO

110 264 137 304 4
158 263 350 314 stimauit,
374 271 417 304 ut
434 263 666 305 Narbonem
688 265 1022 319 proficisceretur.
1065 263 1128 304 Eo
1150 279 1235 305 cum
1259 266 1461 317 uenisset,
1499 267 1638 307 timen-

157 339 217 372 tes
239 332 466 382 confirmat,
501 333 694 386 praesidia
716 333 755 372 in
778 331 948 372 Rutenis
971 332 1277 386 prouincialibus
1293 365 1303 384 ,
1327 333 1464 375 Volcis
1487 334 1640 375 Areco-

156 400 284 448 micis,
309 399 566 440 Tolosatibus
589 401 813 453 circumque
826 399 1070 450 Narbonem,
1097 414 1195 453 quae
1217 400 1301 441 loca
1325 401 1501 442 hostibus
1525 410 1639 443 erant

110 465 135 507 5
158 468 337 518 finitima,
363 468 589 517 constituit,
617 474 766 521 partem
788 469 984 521 copiarum
1009 481 1058 508 ex
1083 468 1285 522 prouincia
1308 471 1639 523 supplementum-

157 549 254 589 que,
289 537 389 589 quod
412 549 464 574 ex
485 533 599 574 Italia
620 536 863 586 adduxerat,
887 536 927 576 in
951 535 1133 586 Heluios,
1159 536 1219 588 qui
1243 537 1340 576 fines
1363 536 1634 578 Aruernorum
1668 547 1686 577 5

111 603 140 647 8
164 605 422 657 contingunt,
460 603 675 644 conuenire
697 604 818 644 iubet.
866 603 936 643 His
958 603 1076 644 rebus
1101 604 1336 657 comparatis
1358 619 1540 658 represso
1563 606 1638 646 iam

157 670 349 711 Lucterio
373 677 412 710 et
433 678 608 721 remoto,
646 672 745 724 quod
768 672 919 712 intrare
941 671 1045 711 intra
1067 672 1262 725 praesidia
1287 672 1548 725 periculosum
1572 688 1640 726 pu-

108 739 136 780 2
159 739 280 788 tabat,
305 739 344 778 in
367 737 532 779 Heluios
555 740 831 792 proficiscitur.
875 738 965 779 Etsi
986 754 1098 780 mons
1122 737 1328 787 Ceuenna,
1355 742 1418 793 qui
1434 740 1640 782 Aruernos

156 807 203 847 ab
228 806 380 847 Heluiis
413 807 618 858 discludit,
653 807 862 848 durissimo
895 814 1070 861 tempore
1100 808 1192 847 anni
1223 808 1415 848 altissima
1445 809 1535 849 niue
1566 810 1644 849 iter

155 873 416 928 impediebat,
457 882 588 916 tamen
622 877 796 916 discussa
830 877 921 916 niue
943 890 1019 916 sex
1039 876 1078 915 in
1101 876 1343 916 altitudinem
1368 878 1505 929 pedum
1529 884 1644 930 atque

155 942 211 982 ita
233 942 306 982 uiis
330 945 534 996 patefactis
557 958 708 984 summo
731 945 894 984 militum
918 944 1060 984 sudore
1083 944 1129 983 ad
1148 944 1243 984 fines
1259 944 1531 985 Aruernorum
1556 959 1644 999 per-

110 1009 133 1051 3
158 1011 281 1051 uenit.
327 1009 480 1063 Quibus
503 1013 703 1066 oppressis
726 1013 1037 1066 inopinantibus,
1064 1013 1166 1068 quod
1189 1026 1230 1052 se
1254 1009 1445 1053 Ceuenna
1468 1020 1510 1052 ut
1531 1027 1641 1053 muro

154 1079 325 1119 munitos
349 1080 656 1131 existimabant,
688 1094 733 1121 ae
766 1095 814 1121 ne
837 1081 1026 1135 singulari
1050 1080 1200 1133 quidem
1225 1095 1405 1133 umquam
1428 1081 1573 1121 homini
1597 1095 1642 1121 eo

155 1153 333 1200 tempore
355 1149 447 1188 anni
470 1149 634 1189 semitae
657 1156 882 1203 patuerant,
914 1149 1107 1202 equitibus
1129 1150 1310 1202 imperat,
1338 1155 1378 1188 ut
1400 1163 1512 1201 quam
1536 1150 1643 1189 latis-

155 1214 254 1255 sime
276 1217 429 1269 possint
459 1224 657 1270 uagentur
688 1224 727 1257 et
757 1231 870 1269 quam
894 1218 1106 1258 maximum
1130 1217 1308 1256 hostibus
1331 1223 1523 1257 terrorem
1546 1217 1645 1257 infe-

108 1282 134 1322 4
155 1290 258 1323 rant.
305 1281 505 1324 Celeriter
536 1285 632 1324 haee
663 1286 764 1324 fama
797 1298 841 1324 ac
874 1285 1022 1325 nuntiis
1051 1286 1098 1324 ad
1122 1283 1494 1337 Vercingetorigem
1519 1286 1644 1338 perfe-

155 1357 318 1401 runtur,
353 1366 465 1405 quein
500 1353 701 1405 perterriti
725 1367 860 1392 omnes
882 1353 1057 1392 Aruerni
1079 1352 1372 1392 circumsistunt
1393 1359 1510 1405 atque
1532 1352 1645 1393 obse-

156 1422 283 1469 crant,
312 1426 352 1459 ut
373 1420 456 1460 suis
480 1421 647 1461 fortunis
671 1422 864 1471 consulat,
891 1435 991 1461 neue
1007 1421 1054 1461 ab
1069 1421 1246 1461 hostibus
1259 1420 1506 1475 diripiantur,
1531 1434 1644 1474 prae·

108 1487 132 1528 5
157 1487 293 1527 sertim
326 1503 413 1528 eum
446 1488 580 1528 uideat
610 1503 725 1529 omne
757 1490 803 1529 ad
836 1504 879 1529 se
901 1489 1044 1529 bellum
1070 1490 1316 1529 translatum.
1381 1487 1556 1541 Quorum
1579 1489 1645 1530 ille

155 1555 335 1609 precibus
358 1564 560 1609 permotus
584 1565 714 1597 castra
744 1571 797 1597 ex
822 1555 1069 1612 Biturigibus
1101 1565 1233 1598 mouet
1264 1558 1304 1597 in
1327 1557 1536 1597 Aruernos
1559 1571 1647 1597 uer-

108 1624 134 1668 9
158 1638 241 1665 sus.
286 1624 343 1664 At
365 1622 518 1665 Caesar
539 1625 694 1665 biduum
717 1625 757 1665 in
779 1626 838 1666 his
861 1626 957 1666 locis
980 1633 1176 1676 moratus,
1215 1626 1315 1679 quod
1349 1626 1444 1665 haec
1475 1626 1522 1666 de
1544 1624 1645 1666 Ver-

156 1692 400 1746 cingetorige
426 1707 495 1733 usu
520 1701 686 1734 uentura
709 1694 893 1747 opinione
916 1701 1195 1747 praeceperat,
1221 1708 1291 1747 per
1312 1707 1468 1734 eausam
1493 1694 1646 1747 supple-

107 1759 135 1801 2
156 1762 278 1801 menti
301 1762 577 1815 equitatusque
600 1762 762 1815 cogendi
775 1762 822 1802 ab
837 1763 1018 1802 exercitu
1040 1762 1221 1812 discedit,
1237 1759 1400 1801 Brutum
1416 1762 1645 1802 adulescen-

159 1836 238 1869 tem
260 1829 319 1870 his
343 1830 464 1883 copiis
497 1830 696 1883 praeficit,
738 1831 839 1870 hunc
871 1837 1027 1879 monet,
1064 1837 1106 1869 ut
1127 1830 1167 1870 in
1190 1831 1315 1869 omnis
1338 1837 1469 1883 partes
1493 1831 1645 1883 equites

158 1911 272 1950 quam
296 1897 487 1938 latissime
499 1906 789 1953 peruagentur:
816 1899 995 1939 daturum
1019 1911 1061 1938 se
1084 1911 1256 1952 operam,
1283 1912 1330 1937 ne
1349 1899 1504 1952 longius
1520 1898 1648 1938 triduo

110 1963 135 2005 3
157 1965 204 2005 ab
237 1966 379 2007 castris
411 1966 528 2007 absit.
584 1966 657 2007 His
689 1967 915 2008 constitutis
947 1966 1064 2007 rebus
1095 1967 1176 2007 suis
1207 1966 1500 2019 inopinantibus
1532 1980 1645 2020 quam

299 2089 319 2122 2
338 2088 602 2131 prouintialibus
626 2090 665 2120 B.
805 2088 1012 2121 Aretomieis
1038 2088 1229 2130 ‘mss.sey·e
1248 2087 1391 2118 omnes⁷.
1548 2088 1567 2119 3
1586 2088 1645 2119 ho-

156 2139 248 2171 stibu
267 2140 309 2172 B.
453 2142 470 2174 5
490 2142 520 2172 in
542 2141 678 2173 Heduos
699 2141 729 2172 b.
870 2141 888 2173 6
908 2141 936 2172 is
957 2141 1058 2172 rebus
1076 2140 1119 2171 B.
1269 2140 1289 2171 8
1308 2149 1401 2170 mons
1420 2149 1489 2171 om.
1509 2139 1540 2171 B
1560 2141 1645 2181 ‘ple-

155 2191 283 2233 rz'que'.
426 2192 444 2224 9
465 2193 646 2224 durissimo
665 2197 746 2224 tunc
765 2196 916 2235 tempore
937 2202 966 2223 c.
1108 2191 1174 2222 iter
1191 2200 1260 2221 om.
1283 2190 1313 2221 b.
1441 2190 1479 2221 10
1500 2190 1646 2222 discissa

158 2244 175 2275 b
189 2254 254 2284 ee,
275 2243 400 2274 discisa
421 2243 454 2274 d.
620 2254 680 2275 sex
694 2246 783 2284 post
798 2243 917 2285 pedum
933 2245 1076 2284 ponunt
1095 2243 1112 2273 b
1125 2252 1142 2272 c
1155 2242 1217 2273 de.
1381 2240 1562 2272 altitudine
1583 2241 1600 2271 b
1614 2251 1644 2272 c.

304 2295 339 2326 11
363 2295 488 2326 sudore
506 2295 578 2326 AB
592 2295 684 2334 (ΙΙ),
705 2294 821 2326 labore
841 2306 858 2325 e
876 2297 910 2325 et
929 2293 1155 2335 interpolati.
1184 2291 1266 2323 Vid.
1290 2292 1362 2324 Cic.
1383 2291 1458 2322 diu.
1480 2293 1516 2321 in
1539 2292 1643 2322 Caco.

156 2347 212 2388 22,
234 2346 288 2379 72.
310 2347 351 2378 cle
371 2347 440 2389 leg.
461 2358 540 2390 agr.
560 2348 605 2388 ΙΙ,
626 2348 683 2388 26,
704 2347 758 2379 69.
904 2346 942 2379 13
965 2346 1100 2388 quidem
1119 2354 1186 2376 om.
1210 2345 1299 2375 bce.
1426 2352 1582 2384 umquam
1601 2343 1642 2383 B,

156 2408 225 2429 non
244 2408 405 2440 unquam.
546 2399 586 2431 15
607 2398 739 2440 possint
758 2397 817 2439 (B)
830 2408 847 2428 e
866 2400 900 2428 et
917 2408 993 2428 cum
1018 2396 1088 2429 CD
1103 2396 1120 2427 b
1134 2406 1150 2426 c
1169 2393 1348 2436 ‘aliisque'
1368 2403 1403 2434 ιι,
1424 2394 1646 2435 cmnsm'sset

157 2455 310 2493 possent.
518 2452 556 2484 16
577 2452 661 2483 haec
681 2450 771 2483 falna
790 2461 829 2482 ae
851 2450 959 2482 nuntii
977 2468 1019 2472 ——
1039 2448 1261 2491 perferuntur
1277 2446 1372 2486 BD,
1393 2445 1476 2477 haec
1498 2445 1586 2477 fama
1606 2456 1644 2477 ae

158 2502 269 2534 nuntii
287 2520 331 2524 —
349 2502 530 2545 perferunt
548 2513 569 2533 α
582 2528 591 2542 ,
614 2503 697 2533 haee
719 2501 808 2533 fama
829 2501 938 2533 nuntii
955 2518 1001 2524 —
1017 2499 1192 2542 perfertur
1212 2499 1229 2529 b
1243 2508 1296 2529 ce.
1438 2498 1478 2529 18
1497 2507 1582 2528 neue
1602 2497 1643 2528 ab

158 2553 313 2584 hostibus
333 2553 541 2595 diripiantur
557 2554 588 2585 B
608 2553 798 2594 ‘relz'qm'',
827 2562 893 2584 neu
920 2562 956 2583 se
983 2551 1023 2582 ab
1050 2550 1202 2582 hostibus
1221 2549 1322 2590 diripi
1341 2549 1492 2590 patiatur
1521 2548 1538 2579 h
1552 2548 1642 2581 cde.

303 2604 343 2637 19
362 2604 505 2635 uideant
522 2605 565 2635 A.
712 2604 756 2637 20
776 2603 955 2645 praecibus
974 2602 1017 2633 B.
1179 2599 1229 2641 in]
1251 2610 1311 2642 per
1328 2601 1359 2631 A
1372 2600 1402 2631 B
1416 2600 1499 2631 CD.

157 2657 197 2691 ,21
220 2656 261 2687 ad
282 2655 412 2688 Caesar
429 2665 473 2687 m.
491 2665 550 2697 pr.
571 2655 613 2686 B.
755 2655 807 2685 his
826 2654 856 2685 B
874 2653 952 2685 edd.
970 2654 1123 2694 prior-etv,
1146 2651 1187 2682 iis
1206 2651 1446 2682 I’.]lla7111t1'us
1465 2660 1500 2681 u.

157 2708 406 2749 Vercingetore
425 2707 460 2740 d.
602 2708 645 2741 22
663 2717 744 2739 usus
764 2707 793 2738 B
813 2706 909 2737 ‘mss.
930 2704 974 2736 9'.
1123 2703 1166 2737 23
1186 2703 1347 2734 discessit
1366 2703 1397 2733 b.
1561 2701 1645 2733 adu-

160 2763 346 2794 lescentem
364 2761 437 2793 AB
452 2760 534 2793 CI).
699 2760 743 2791 ‘24
762 2759 813 2790 his
834 2757 939 2799 copiis
958 2756 989 2788 B
1007 2755 1083 2787 edd.
1102 2757 1251 2797 priores,
1273 2755 1315 2786 iis
1334 2754 1440 2796 copiis
1461 2753 1500 2785 P.
1520 2753 1646 2786 Manu-

160 2817 231 2847 iius
249 2814 326 2856 (sed
344 2823 462 2846 errore
481 2812 526 2853 is)
545 2822 579 2842 υ.
738 2809 906 2852 praefecit
926 2809 956 2840 b.
1122 2808 1230 2839 omnis
1249 2808 1323 2839 AB
1338 2806 1377 2838 C.
1542 2805 1584 2839 26
1604 2804 1644 2836 ab

163 2877 230 2899 om.
253 2867 281 2898 b.
422 2867 507 2896 ante
527 2864 579 2896 his
599 2863 680 2895 add.
703 2863 764 2895 sed
783 2863 826 2894 Α.
969 2864 1052 2893 ante
1071 2860 1142 2892 suis
1161 2860 1245 2892 add.
1266 2859 1420 2891 omnibus
1440 2857 1561 2889 bede.

1677 885 1716 918 10

1678 1225 1717 1257 15

1677 1565 1719 1599 20

1679 1928 1698 1939 μ
