1835 3240
741 160 1170 202 ——224—

217 277 450 326 clararetur,
473 275 505 316 si
529 282 597 315 aut
617 281 709 314 ante
731 274 830 314 lianc
852 273 1144 327 expeditionem
1167 280 1235 313 aut
1255 280 1390 327 postea
1412 274 1452 314 in
1474 273 1610 315 iisdem
1634 289 1697 315 ca-

218 344 311 384 stris
334 358 412 384 non
436 344 598 393 fuisse13
615 342 715 395 quod
734 349 871 381 contra
890 348 966 382 est.
998 339 1104 381 Nam
1123 342 1222 394 quod
1240 342 1325 395 ipse
1343 356 1426 381 eum
1445 350 1552 396 parte
1569 344 1698 397 copia-

217 426 302 452 rum
335 412 625 465 expeditionem
660 409 775 458 fecit,
811 423 884 461 qua
907 410 1083 449 confecta
1108 409 1241 449 eodem
1265 410 1326 449 die
1348 411 1387 449 in
1409 418 1540 451 castra
1562 412 1694 462 rediit,

217 494 302 520 cum
325 480 481 520 interim
504 479 638 518 eadem
662 483 788 517 castra
812 484 981 527 teneret,
999 477 1118 517 nihilo
1141 478 1268 517 minus
1290 477 1343 516 ibi
1365 479 1694 520 commorabatur.

214 547 356 601 Neque
380 547 481 586 enim
504 546 619 585 aliter
643 545 738 584 baec
759 544 1010 598 interpretari
1033 545 1137 595 licet,
1163 545 1238 585 nisi
1262 551 1303 583 ut
1323 541 1509 584 Caesaris
1532 560 1700 586 comme-

215 616 434 655 moratione
457 621 575 653 totum
591 613 809 653 exercitum
824 612 1098 666 comprehendi
1113 613 1400 665 intellegamus.
1434 611 1589 652 Auctor
1601 615 1698 654 scri-

215 690 348 738 pserat
372 689 531 736 ‘paucos
554 681 636 721 dies
660 681 866 720 moratus'.
902 678 1180 720 Commorandi
1205 680 1367 720 uerbum
1391 680 1508 735 etiam
1530 679 1569 720 b.
1590 679 1695 721 Gall.

218 749 342 800 tht,
367 750 391 788 4
407 780 416 798 ,
442 748 466 788 3
490 763 559 802 pro
582 749 770 789 morando
792 749 831 789 in
855 749 1099 802 interpolatis
1123 749 1234 788 codd.
1260 748 1419 800 legitur.
1454 745 1500 787 In
1523 755 1702 788 extrema

216 818 408 858 enuntiati
424 823 534 870 parte
549 817 726 867 offendit,
746 817 844 870 quod
860 814 1013 857 Caesar
1028 816 1253 870 praemissis
1268 816 1461 868 equitibus
1480 823 1608 856 tamen
1624 815 1702 856 leui

216 893 416 926 armatura
439 885 659 925 concidisse
673 883 940 925 Labienianos
963 885 1120 925 dieitur.
1154 884 1259 924 Nam
1284 884 1357 923 etsi
1379 885 1529 936 equites
1547 898 1700 937 quoquc

214 954 314 993 leuis
337 960 562 994 armaturae
587 953 706 993 fuisse
729 953 913 1002 uidimus,
931 960 1074 1000 tamen,
1092 966 1177 991 cum
1201 951 1299 991 leuis
1322 959 1518 992 armatura
1540 952 1642 992 nulla
1658 965 1701 992 re

215 1022 368 1062 adiecta
391 1022 570 1075 ponitur,
596 1035 751 1075 semper
772 1021 921 1075 pedites
943 1021 1232 1074 significantur.
1276 1018 1442 1072 Equites
1466 1028 1593 1060 autem
1616 1034 1701 1061 rem

213 1090 389 1143 gessisse
412 1090 617 1143 sequentia
633 1091 798 1129 docent:
828 1089 999 1128 ‘interim
1014 1087 1215 1128 Labienus
1231 1102 1314 1127 eum
1329 1089 1517 1128 uniuerso
1531 1089 1702 1141 equitatu

213 1157 450 1211 fugientibus
485 1159 567 1198 suis
598 1158 798 1212 suppetias
832 1157 1017 1197 occurrit.
1059 1153 1181 1195 Cuius
1213 1156 1290 1195 uim
1323 1156 1584 1196 multitudinis
1615 1170 1700 1196 cum

214 1226 365 1279 equites
398 1226 510 1280 pauci
533 1224 764 1266 Caesariani
796 1225 871 1265 iam
903 1225 1101 1264 sustinere
1134 1237 1212 1262 non
1243 1224 1416 1276 possent'
1441 1232 1534 1263 cett.
1566 1222 1701 1277 Itaque

214 1294 310 1334 haec
340 1294 393 1333 ita
417 1294 601 1334 correxi:
641 1293 784 1333 ‘subito
807 1294 847 1333 in
871 1291 1115 1332 conuallibus
1137 1290 1306 1330 latentes
1329 1304 1381 1330 ex
1403 1292 1479 1331 leui
1502 1298 1702 1330 armatura

212 1361 381 1401 concidit
403 1362 564 1401 circiter
585 1360 650 1400 D'.
691 1360 791 1400 Nam
816 1361 861 1399 ab
877 1359 1056 1399 Labieno
1078 1359 1205 1398 leuem
1228 1366 1467 1398 armaturam
1490 1359 1530 1399 in
1547 1358 1701 1399 insidiis

211 1429 376 1482 positam
402 1443 489 1469 esse
513 1436 694 1468 extremo
717 1442 803 1481 sup.
830 1441 915 1481 cap.
942 1427 1178 1467 declaratum
1203 1435 1277 1467 est.

327 1494 376 1537 C.
401 1496 455 1537 67
478 1504 582 1537 extr.
610 1494 832 1549 Scipionem
866 1496 912 1534 ad
937 1495 1076 1548 Aggar
1105 1509 1180 1535 sex
1209 1495 1313 1535 milia
1337 1510 1518 1550 passuum
1542 1495 1658 1549 longe
1681 1510 1702 1536 a

213 1562 402 1605 Caesaris
426 1565 569 1605 eastris
592 1562 837 1610 consedisse,
861 1569 897 1602 et
923 1576 1009 1601 cum
1034 1569 1197 1615 uterque
1219 1565 1353 1603 eadem
1377 1571 1507 1603 castra
1531 1571 1698 1614 teneret,

213 1647 247 1672 e.
272 1633 326 1674 75
350 1634 405 1673 in.
432 1630 646 1673 Caesarem
670 1644 921 1684 progressum
944 1630 991 1669 ab
1013 1632 1094 1669 suis
1119 1631 1263 1670 castris
1288 1631 1391 1671 milia
1414 1645 1596 1685 passuum
1620 1630 1658 1672 V
1680 1645 1701 1671 a

213 1698 412 1754 Scipionis
436 1701 594 1740 circiter
615 1701 730 1739 duum
754 1699 899 1738 milium
923 1697 1130 1737 interiecto
1154 1699 1296 1751 spatio,
1315 1713 1350 1737 c.
1366 1697 1420 1738 77
1440 1706 1544 1738 extr.
1571 1706 1701 1739 autem

213 1768 253 1807 in
276 1768 364 1807 edd.
390 1769 555 1808 eundem
580 1765 679 1806 Vlll
702 1767 857 1806 milibus
882 1779 1064 1819 passuum
1089 1765 1134 1804 ab
1159 1766 1239 1805 suis
1262 1766 1418 1815 eastris,
1443 1767 1489 1805 ab
1504 1764 1700 1819 Scipionis

213 1849 310 1875 uero
332 1834 389 1876 IV
406 1836 564 1875 milibus
583 1836 700 1888 longe
719 1834 840 1873 aciem
859 1833 1100 1873 instruxisse
1119 1841 1320 1873 narratur.
1346 1833 1414 1874 Ex
1430 1834 1488 1874 his
1508 1834 1607 1874 locis
1625 1847 1701 1887 quo

212 1904 340 1943 minus
363 1904 514 1943 duobus
537 1903 732 1957 prioribus
756 1914 942 1941 numeros
964 1908 1094 1940 rectos
1117 1902 1391 1942 existimemus
1407 1933 1417 1952 ,
1452 1916 1571 1942 eausa
1594 1901 1700 1942 nulla

213 1978 288 2020 est,
305 1986 389 2011 cum
405 1969 635 2021 Caesarem,
653 1984 727 2023 quo
750 1970 935 2022 aequiore
957 1969 1043 2009 loco
1061 1970 1184 2009 aciem
1207 1971 1439 2020 instrueret,
1454 1970 1499 2009 ad
1520 1969 1700 2009 dextram

213 2047 282 2080 aut
302 2041 349 2080 ad
372 2040 572 2081 sinistram
595 2047 744 2094 partem
767 2052 786 2077 a
812 2037 896 2076 suis
918 2037 1057 2077 eastris
1080 2038 1312 2078 discessisse
1335 2038 1535 2091 probabile
1555 2037 1621 2088 sit,
1644 2038 1700 2077 ita

213 2115 258 2148 ut
279 2110 445 2163 spatium
471 2109 574 2149 inter
596 2107 720 2162 ipsius
743 2113 872 2146 castra
896 2112 933 2145 et
955 2106 1075 2145 aciem
1100 2112 1216 2158 atque.
1239 2106 1342 2144 inter
1364 2105 1463 2144 banc
1486 2113 1525 2145 ct
1550 2103 1701 2159 Scipio-

212 2176 273 2216 nis
290 2185 421 2217 castra
439 2177 592 2229 longius
605 2175 871 2215 intercederet
883 2187 996 2225 quam
1009 2173 1114 2213 inter
1124 2180 1287 2225 utraque
1300 2180 1446 2213 castra.
1475 2171 1554 2213 Sed
1568 2185 1700 2224 quem-

212 2245 417 2285 admodum
443 2242 611 2293 Caesar,
637 2257 722 2297 eum
746 2256 820 2282 sex
842 2240 947 2281 milia
970 2255 1154 2294 passuum
1177 2241 1282 2280 inter
1302 2240 1424 2294 ipsius
1448 2248 1486 2280 et
1502 2238 1699 2293 Scipionis

214 2320 343 2353 eastra
365 2313 622 2360 interessent,
647 2311 701 2350 ita
723 2310 921 2350 instruere
943 2310 1065 2350 aciem
1090 2309 1275 2363 potuerit,
1301 2316 1342 2348 ut
1363 2308 1411 2348 ab
1433 2308 1509 2348 illis
1527 2314 1631 2357 octo,
1653 2306 1700 2346 ab

215 2381 273 2420 bis
297 2389 480 2433 quattuor
499 2381 670 2428 abesset,
688 2393 766 2418 non
783 2377 1042 2431 intellegitur.
1076 2375 1158 2417 Iam
1177 2391 1276 2430 quae
1295 2391 1330 2416 c.
1345 2375 1398 2416 77
1412 2383 1516 2416 extr.
1533 2376 1571 2415 in
1585 2375 1697 2415 codd.

215 2462 285 2502 pro
309 2457 491 2501 quattuor
513 2448 666 2489 milibus
690 2448 886 2501 leguntur,
911 2453 1046 2499 aperte
1069 2446 1145 2485 duo
1168 2445 1272 2484 milia
1295 2444 1530 2497 significant.
1563 2442 1700 2496 Itaque

214 2530 284 2570 pro
300 2514 399 2557 VllI
412 2518 563 2558 milibus
575 2517 742 2570 quinque
759 2514 937 2568 ponenda
955 2514 1085 2567 putaui
1101 2514 1225 2553 deleta
1244 2512 1405 2551 ternarii
1420 2511 1571 2551 numeri
1590 2516 1699 2559 nota,

214 2598 327 2637 quam
352 2585 519 2639 repetita
544 2586 665 2638 prima
688 2584 820 2623 littera
843 2582 1043 2635 sequentis
1068 2581 1262 2630 uocabuli,
1288 2580 1387 2633 quod
1410 2587 1470 2619 est
1493 2579 1696 2628 ‘milibus',

214 2660 337 2693 ortam
361 2666 450 2693 esse
472 2652 688 2692 uerisimile
710 2658 783 2692 est.
818 2649 967 2692 Verum
990 2657 1194 2703 postquam
1219 2646 1322 2688 c.67
1346 2655 1450 2688 extr.
1474 2648 1580 2688 inter
1597 2645 1699 2688 Cae-

215 2721 318 2761 saris
341 2719 592 2774 etScipionis
615 2726 745 2759 castra
767 2732 841 2759 sex
862 2718 970 2758 milia
992 2717 1219 2758 interfuisse
1239 2715 1477 2756 declaratum
1494 2723 1570 2766 est,
1586 2715 1698 2755 initio

216 2803 249 2830 c.
273 2787 330 2829 68
351 2788 447 2828 baec
470 2789 662 2828 eduntur:
692 2784 901 2841 ‘Oppidum
926 2792 1012 2827 erat
1034 2784 1132 2825 Zeta
1152 2816 1162 2835 ,
1187 2785 1287 2838 quod
1309 2784 1446 2825 aberat
1465 2799 1489 2826 a
1513 2781 1698 2837 Scipione

215 2857 317 2897 milia
340 2870 522 2910 passuum
538 2853 593 2906 X,
611 2856 656 2896 ad
676 2856 759 2896 eius
776 2855 978 2908 regionem
996 2861 1035 2894 et
1052 2860 1200 2908 partem
1214 2859 1435 2894 castrorum
1448 2852 1693 2900 collocatum,
