1835 3240
626 175 810 219 COMM.
833 174 892 218 ΙΙΙ
923 171 1047 217 CAP.
1071 174 1220 217 2-5,
1663 178 1743 222 313

185 293 332 335 relictis
355 290 562 344 eruptione
585 290 688 330 facta
709 290 833 330 isdem
855 289 1064 330 itineribus
1081 319 1091 337 ‚
1126 289 1264 342 quibus
1298 303 1344 329 eo
1374 292 1666 345 peruenissent,

185 362 232 401 ad
253 359 420 400 salutem
443 358 744 398 contenderent.
807 356 956 398 Maiori
986 365 1118 398 tamen
1151 357 1253 411 parti
1275 357 1421 410 placuit
1442 357 1514 397 hoc
1537 373 1667 400 reser-
1689 367 1715 403 4

183 434 274 468 uato
298 427 346 467 ad
368 432 589 466 extremum
612 425 776 466 consilio
809 426 966 465 interim
988 426 1047 465 rei
1070 432 1253 466 euentum
1277 424 1452 478 experiri
1475 431 1514 465 et
1536 434 1669 467 castra

187 494 410 535 defendere.
456 493 578 534 Breui
600 493 727 547 spatio
748 492 957 533 interiecto
972 524 982 542 ,
1016 493 1087 532 uix
1108 500 1150 532 ut
1171 493 1219 533 iis
1242 492 1377 540 rebus,
1402 506 1498 545 quas
1522 495 1668 535 consti·
1689 496 1717 540 4

137 571 156 603 5
187 563 372 611 tuissent,
398 561 650 602 conlocandis
673 567 791 612 atque
814 560 1134 600 administrandis
1158 567 1311 614 tempus
1334 561 1511 610 daretur,
1537 561 1670 602 hostes

184 644 237 671 ex
269 630 448 670 omnibus
479 629 655 682 partibus
687 627 802 682 signo
835 628 923 668 dato
955 628 1192 675 decurrere,
1224 629 1372 681 lapides
1403 642 1600 682 gaesaque
1631 629 1672 669 in

182 698 330 739 uallum
352 698 549 738 conicere.
596 695 740 736 Nostri
761 696 885 750 primo
907 696 1072 749 integris
1096 696 1248 736 uiribus
1271 696 1428 737 fortiter
1447 710 1668 750 repugnare
1690 697 1716 737 2

183 780 310 820 neque
333 767 452 806 ullum
475 767 621 805 frustra
653 765 770 804 telum
795 777 847 803 ex
868 764 955 804 loco
979 763 1183 817 superiore
1206 763 1387 814 mittere,
1423 772 1464 804 ut
1495 778 1671 818 quaeque

183 848 273 888 pars
296 841 516 874 castrorum
538 833 682 873 nudata
705 831 977 872 defensoribus
1000 831 1124 886 premi
1147 831 1367 881 uidebatur,
1392 845 1438 871 eo
1461 845 1672 873 occurrere

110 909 151 941 10
184 910 222 942 et
245 902 435 942 auxilium
458 902 579 950 ferre,
605 901 673 941 sed
697 900 769 939 hoc
793 899 991 953 superari,
1025 899 1125 952 quod
1149 899 1405 940 diuturnitate
1427 913 1580 954 pugnae
1603 900 1670 940 ho·
1692 899 1717 939 3

185 977 266 1009 stes
289 969 434 1009 defessi
456 969 605 1022 proelio
628 968 899 1016 excedebant,
934 967 1000 1008 alii
1022 967 1186 1022 integris
1209 968 1360 1007 uiribus
1384 968 1668 1019 succedebant3

183 1051 344 1091 quarum
366 1051 498 1076 rerum
523 1050 543 1076 a
577 1037 722 1076 nostris
745 1043 902 1090 propter
925 1035 1163 1089 paucitatem
1187 1036 1271 1075 fieri
1295 1036 1390 1075 nihil
1412 1043 1588 1089 poterat,
1625 1049 1671 1076 ac
1691 1035 1719 1075 4

183 1118 261 1144 non
283 1105 396 1144 modo
420 1105 574 1144 defesso
597 1118 649 1144 ex
671 1119 798 1158 pugna
821 1103 1061 1152 excedendi,
1087 1104 1156 1143 sed
1179 1118 1227 1144 ne
1251 1103 1385 1143 saucio
1409 1104 1562 1158 quidem
1586 1103 1671 1143 eius

182 1172 273 1219 loci,
299 1172 363 1212 ubi
386 1172 634 1223 constiterat,
659 1172 907 1226 relinquendi
925 1172 1044 1212 acsui
1065 1171 1281 1225 recipiendi
1304 1172 1470 1211 facultas
1485 1171 1665 1211 dabatur.

114 1247 151 1279 15
185 1237 283 1280 Cum
306 1240 382 1279 iam
405 1240 570 1293 amplius
592 1240 700 1280 horis
723 1254 796 1280 sex
819 1240 1074 1280 continenter
1094 1246 1351 1293 pugnaretur,
1377 1253 1421 1278 ac
1444 1253 1521 1278 non
1544 1239 1670 1278 solum
1691 1239 1718 1283 5

184 1307 308 1354 uires,
334 1308 402 1347 sed
425 1308 542 1348 etiam
560 1308 637 1348 tela
661 1315 820 1348 nostros
843 1310 1072 1358 deficerent,
1098 1315 1214 1361 atque
1238 1308 1370 1348 hostes
1393 1307 1525 1347 acrius
1547 1307 1673 1347 insta-

183 1381 272 1415 rent
292 1374 677 1428 languidioribusque
712 1377 859 1416 nostris
892 1377 1038 1416 uallum
1061 1378 1242 1417 scindere
1265 1383 1304 1416 et
1327 1377 1452 1415 fossas
1476 1375 1672 1428 complere

186 1442 430 1495 coepissent,
473 1457 615 1496 resque
638 1450 745 1484 esset
766 1444 842 1484 iam
865 1445 913 1484 ad
937 1451 1156 1484 extremum
1179 1445 1366 1499 perducta
1389 1457 1522 1483 casum
1539 1473 1548 1490 ,
1592 1441 1671 1482 Pu-
1692 1442 1720 1484 2

184 1509 284 1549 hlius
309 1509 473 1550 Sextius
495 1509 682 1560 Baculus,
708 1512 819 1566 primi
843 1512 908 1566 pili
931 1513 1111 1552 centurio
1127 1543 1137 1562 ,
1177 1527 1287 1565 quem
1310 1510 1490 1551 Neruico
1522 1509 1671 1563 proelio

110 1584 152 1615 ‘20
185 1577 448 1630 compluribus
471 1580 690 1619 confectum
714 1580 945 1620 uulneribus
970 1580 1158 1629 diximus,
1183 1586 1222 1619 et
1242 1580 1335 1619 item
1359 1577 1485 1618 Gaius
1501 1577 1671 1618 voluse-

183 1659 271 1694 nus,
299 1644 476 1685 tribunus
499 1647 681 1695 militum,
708 1648 771 1686 uir
794 1655 833 1687 et
855 1648 1008 1687 consilii
1029 1648 1162 1700 magni
1185 1654 1223 1687 et
1247 1645 1418 1694 uirtutis,
1445 1646 1489 1684 ad
1507 1643 1673 1685 Galbam

185 1711 400 1751 adcurrunt
421 1719 536 1765 atque
560 1727 676 1753 unam
699 1726 787 1754 esse
810 1728 918 1768 spem
941 1715 1077 1754 salutis
1103 1716 1259 1764 docent,
1285 1715 1316 1753 si
1340 1713 1546 1766 eruptione
1569 1714 1673 1752 facta

185 1786 407 1820 extremum
432 1780 619 1820 auxilium
644 1782 938 1835 experirentur.
1002 1781 1141 1836 Itaque
1175 1782 1405 1822 conuocatis
1429 1780 1671 1821 centurioni·
1693 1778 1718 1819 3

183 1846 253 1887 bus
277 1848 463 1888 celeriter
483 1848 626 1890 milites
649 1851 840 1891 certiores
864 1850 971 1901 facit,
1006 1851 1207 1905 paulisper
1226 1850 1536 1890 intermitterent
1557 1862 1671 1903 proe-

110 1922 152 1954 ‘25
183 1915 277 1955 lium
308 1929 353 1956 ac
386 1918 654 1958 tantummodo
686 1918 764 1959 tela
792 1918 913 1959 missa
944 1919 1175 1974 exciperent
1206 1933 1327 1973 seque
1350 1932 1403 1959 ex
1423 1918 1557 1959 labore
1577 1918 1669 1959 reli-

329 2053 345 2085 1
366 2053 474 2086 isdem
491 2055 615 2098 DEs,
637 2056 767 2088 hisdem
785 2058 858 2089 AB
875 2058 916 2090 C.
1080 2057 1099 2090 3
1120 2062 1154 2090 et
1172 2068 1241 2089 om.
1261 2058 1306 2090 A.
1468 2057 1487 2089 4
1509 2056 1551 2088 iis
1570 2056 1621 2089 C?
1638 2059 1672 2087 et

186 2113 254 2134 see.
274 2113 320 2135 m.
340 2105 390 2145 B,
413 2116 480 2137 om.
500 2106 670 2146 ABDE,
693 2108 744 2139 bis
763 2118 799 2140 u.
993 2110 1011 2141 5
1031 2108 1265 2147 (conlocandis
1284 2108 1329 2150 B)
1348 2107 1573 2150 conloqundis
1593 2117 1671 2139 cum

180 2157 314 2195 puncto
332 2156 396 2187 sub
416 2167 435 2187 u
454 2157 499 2188 A.
644 2159 662 2191 6
684 2159 887 2198 decurrere]
905 2159 937 2191 in
959 2160 1062 2202 pedes
1082 2159 1164 2191 add.
1190 2160 1216 2191 C
1230 2162 1245 2191 Ρ
1262 2163 1297 2190 et
1313 2170 1379 2190 sec.
1402 2170 1448 2190 m.
1469 2159 1512 2191 B.

185 2214 354 2247 caesaque
373 2207 444 2238 AB
466 2209 511 2248 (is
530 2219 550 2249 g
567 2219 635 2240 see.
657 2220 703 2241 m.
726 2212 761 2241 z'n
781 2210 917 2253 marg.)
939 2211 988 2251 Ο,-
1015 2211 1251 2253 telaqueDE,
1272 2211 1396 2252 telas,
1418 2211 1533 2242 hastas
1552 2210 1621 2242 tela
1636 2211 1666 2242 b.

187 2253 352 2289 Orosius:
372 2268 470 2290 raros
489 2270 551 2301 per
567 2261 694 2292 uallum
712 2266 984 2304 propugnatores
1004 2262 1097 2293 saxis
1119 2261 1265 2304 telisque
1285 2266 1443 2293 onerant.
1560 2261 1579 2293 7
1598 2261 1673 2293 uat-

185 2305 250 2337 lem
270 2307 301 2338 b.
464 2311 597 2344 coicere
616 2313 660 2344 B.
847 2314 1110 2356 propugnares.
1283 2314 1303 2346 8
1322 2319 1359 2345 ut
1377 2323 1510 2355 quaque
1528 2314 1618 2352 DE,
1639 2319 1674 2346 et

187 2370 416 2405 quaecumque
437 2364 454 2395 b
468 2365 557 2407 eds.
709 2366 726 2398 9
747 2377 955 2399 concurrere
975 2368 1006 2399 I).
1173 2367 1213 2400 19
1232 2372 1325 2399 ostes
1344 2378 1390 2399 m.
1407 2377 1466 2409 pr.
1486 2368 1528 2399 B.

186 2412 223 2444 11
245 2414 387 2456 proelio]
409 2426 483 2448 cum
501 2417 611 2459 proel.
632 2420 700 2449 int.
722 2429 815 2450 vers.
840 2419 880 2451 C.
998 2419 1185 2451 succebant
1201 2430 1248 2451 m.
1267 2429 1325 2460 pr.
1347 2420 1387 2451 B.
1524 2419 1563 2451 13
1583 2418 1672 2461 eius]

188 2467 222 2493 et
241 2464 279 2503 b,
298 2475 336 2496 eo
357 2476 386 2497 c.
529 2468 571 2500 14
593 2469 793 2512 recipiendi]
813 2469 990 2511 parciendi
1013 2471 1043 2501 b.
1201 2470 1241 2503 15
1260 2481 1319 2502 sex
1339 2469 1445 2512 -›1(B)
1460 2470 1508 2508 E‚-
1528 2480 1561 2501 vi
1582 2469 1670 2512 (s),

189 2517 251 2554 qui
265 2519 348 2547 ante
366 2517 458 2550 boris
474 2522 588 2559 ponit.
825 2521 865 2553 16
886 2527 1019 2553 nostros
1036 2522 1225 2563 Heinsius,
1249 2523 1375 2554 nostris
1396 2522 1496 2554 eodcl.
1519 2523 1600 2555 Vz'd.
1621 2523 1673 2563 II,

191 2564 250 2604 10,
279 2567 308 2597 4.
332 2567 373 2608 V,
405 2569 469 2610 33,
499 2571 530 2602 1.
552 2572 581 2602 b.
602 2574 672 2603 eiu.
693 2573 745 2612 Jl,
766 2573 830 2610 41,
861 2573 899 2606 7:
926 2574 1024 2615 apud
1042 2573 1124 2606 Val.
1144 2574 1247 2606 Max.
1268 2575 1311 2615 V,
1340 2575 1354 2607 1
1384 2578 1459 2606 emt.
1480 2575 1499 2607 3
1517 2576 1672 2607 scriben-

188 2616 270 2648 dum,
288 2622 343 2649 est
358 2621 421 2652 nisi
440 2622 553 2655 uinum
575 2625 671 2657 nobis
691 2625 874 2658 defuisset.
1017 2627 1055 2658 17
1075 2625 1123 2668 et]
1144 2628 1231 2668 aes.
1374 2626 1503 2658 fossam
1525 2627 1571 2659 A.

191 2666 230 2698 18
247 2672 330 2700 ante
348 2672 511 2712 perducta
529 2675 612 2708 add.
633 2676 779 2708 deducta
793 2701 801 2713 ‚
829 2676 892 2707 sed
909 2676 1045 2708 duobus
1058 2679 1206 2719 punctis
1223 2679 1443 2718 suppositis,
1464 2678 1505 2710 E.

187 2719 326 2752 Publius
344 2723 392 2763 B,
420 2723 458 2755 P.
479 2735 513 2757 u.
720 2729 759 2761 19
781 2728 927 2760 Baculus
950 2728 1075 2760 Orosz'o
1093 2729 1306 2771 appellatur·
1322 2728 1507 2761 Pacuuius.

190 2771 233 2804 20
252 2770 356 2803 Gaius
374 2774 447 2805 AB
463 2775 593 2818 CDE,
615 2777 653 2810 C.
673 2778 735 2821 (s)
756 2789 790 2810 u.
999 2780 1040 2812 21
1060 2780 1127 2811 uiri
1146 2791 1176 2811 c.
1405 2780 1449 2813 22
1468 2780 1674 2821 (adcurrunt

192 2822 338 2905 olrssfficcgj
355 2830 535 2906 occcurrunt
553 2827 584 2858 b.
818 2829 983 2862 docerent
1001 2840 1079 2862 cum
1092 2833 1241 2873 punctis
1260 2831 1324 2863 sub
1344 2841 1378 2862 re
1397 2831 1437 2861 B.

194 2896 210 2907 .
223 2886 233 2905 1
380 2895 398 2905 v.
