1835 3240
88 168 171 211 310
606 169 682 213 DE
716 169 907 213 BELLO
940 167 1192 213 GALLICO

160 288 278 332 rant,
310 282 478 337 capitum
509 298 697 325 numerus
729 284 774 325 ad
807 298 893 324 eum
925 283 1075 324 relatus
1108 290 1169 323 est
1189 283 1336 324 milium
1360 284 1640 339 quinquaginta

161 348 296 390 trium.

85 414 145 460 34
278 415 429 458 Eodem
462 425 637 471 tempore
668 432 690 457 a
717 416 860 458 Publio
898 415 1074 467 Crasso,
1117 429 1230 469 quem
1262 430 1345 456 cum
1376 418 1533 471 legione
1564 432 1641 459 una

159 484 323 525 miserat
344 486 391 525 ad
414 483 590 525 Venetos
606 515 616 533 ‚
641 483 808 524 Vnellos
825 513 836 533 ,
873 483 1053 523 Osismos
1069 512 1080 532 ,
1114 481 1377 523 Curiosolitas
1395 514 1405 532 ,
1446 484 1636 535 Esuuios,

159 551 378 601 Aulercos,
412 551 597 591 Redones
614 580 624 599 ‚
658 563 758 603 quae
789 557 881 590 sunt
901 550 1132 590 maritumae
1155 549 1335 590 ciuitates
1358 548 1636 606 Oceanumque

160 618 374 670 attingunt,
400 618 545 657 certior
565 618 691 657 factus
716 624 776 657 est
797 631 933 658 omnes
955 631 1022 657 eas
1047 617 1227 657 ciuitates
1249 617 1287 657 in
1311 618 1502 658 dicionem
1531 627 1640 673 pote-

86 683 143 729 35
163 691 382 737 statemque
414 684 544 738 populi
564 683 735 725 Romani
758 698 846 725 esse
868 686 1062 726 redactas.
1125 684 1199 725 His
1230 685 1348 725 rebus
1380 685 1505 738 gestis
1536 687 1640 727 omni

159 750 288 792 Gallia
310 758 447 806 pacata
475 758 585 792 tanta
616 753 730 793 huius
752 753 843 793 belli
864 754 913 794 ad
933 753 1122 794 barbaros
1144 752 1276 806 opinio
1297 753 1445 806 perlata
1469 760 1552 803 est,
1585 753 1642 793 uti

159 819 206 859 ab
229 820 278 859 iis
301 818 550 867 nationibus,
576 833 675 873 quae
698 829 808 861 trans
829 819 1013 861 Rhenum
1034 821 1279 868 incolerent,
1311 821 1565 861 mitterent-ur
1585 819 1641 860 le-

159 887 240 939 gati
261 888 308 926 ad
323 884 552 938 Caesarem,
578 888 642 941 qui
664 902 706 928 se
729 889 884 929 obsides
907 890 1066 929 daturas
1083 919 1094 938 ,
1117 888 1309 942 imperata
1328 889 1501 928 facturas
1531 887 1642 941 polli-

111 952 138 994 2
160 960 360 994 cerentur.
415 952 524 1007 Quas
544 956 763 1010 legationes
787 953 962 1004 Caesar,
995 957 1096 1009 quod
1124 957 1162 996 in
1186 954 1337 996 Italiam
1359 953 1640 1011 Illyricumque

112 1019 136 1060 3
158 1022 421 1075 properabat,
454 1023 552 1062 inita
581 1024 762 1076 proxima
794 1030 945 1064 aestate
977 1024 1024 1064 ad
1055 1037 1097 1063 se
1118 1023 1267 1063 reuerti
1288 1023 1419 1063 iussit.
1481 1022 1571 1076 lpse
1599 1023 1640 1062 in

161 1085 381 1140 Carnutes,
407 1088 542 1130 Andes
564 1090 823 1145 Turonesque
838 1122 848 1142 ,
874 1105 971 1144 quae
994 1091 1175 1131 ciuitates
1197 1090 1438 1145 propinquae
1460 1090 1520 1130 his
1541 1090 1640 1130 locis

158 1165 293 1205 erant,
325 1157 390 1197 ubi
411 1157 554 1198 bellum
578 1166 781 1211 gesserat,
813 1159 1033 1211 legionibus
1062 1159 1102 1198 in
1125 1158 1380 1198 hibernacula
1402 1157 1577 1198 deductis
1599 1157 1639 1197 in

1676 894 1715 926 10

109 1221 135 1261 4
155 1220 307 1263 Italiam
340 1225 537 1277 profectus
571 1233 646 1265 est.
710 1224 770 1266 Ob
804 1240 949 1278 easque
978 1239 1044 1267 res
1076 1239 1129 1265 ex
1165 1225 1309 1265 litteris
1341 1222 1527 1265 Caesaris
1557 1225 1639 1265 dies
1674 1232 1713 1264 15

158 1290 376 1342 quindecim
399 1292 631 1345 supplicatio
655 1293 815 1333 decreta
836 1300 913 1344 est,
939 1293 1040 1346 quod
1052 1293 1192 1333 anteid
1207 1300 1357 1346 tempus
1369 1292 1511 1332 accidit
1523 1291 1635 1332 nulli.

298 1404 317 1435 3
337 1403 455 1435 Publio
473 1405 522 1444 B,
543 1404 578 1436 P.
598 1416 634 1436 η.
742 1408 761 1438 4
782 1405 935 1438 Osismos
953 1406 1027 1438 AB
1044 1405 1127 1447 Cf,
1149 1405 1283 1437 Osimos
1301 1405 1393 1441 DE,
1414 1403 1582 1436 osismios
1600 1414 1637 1436 u.

300 1454 523 1486 Coriosolitas
542 1456 587 1496 A,
609 1456 877 1499 Coriosolitosf.
973 1456 1119 1489 Esuuios
1133 1458 1326 1498 th'ttz'as,
1345 1456 1469 1488 Esbios
1489 1467 1517 1493 c,
1537 1456 1640 1488 Sesu-

153 1504 228 1536 uios
245 1505 381 1547 reliqui
399 1507 482 1538 boni
498 1518 631 1539 omnes.
653 1509 734 1540 Vid.
755 1509 819 1549 III,
840 1508 857 1541 7
877 1512 974 1540 στίν.
996 1508 1039 1549 V,
1058 1509 1122 1549 24,
1142 1509 1176 1542 2.
1279 1509 1297 1540 5
1316 1507 1471 1539 Redones
1481 1508 1529 1550 f,
1550 1506 1638 1538 Rbe-

155 1556 257 1587 ‹loues
270 1557 331 1598 (A)
348 1558 447 1599 BOE)
468 1569 502 1589 η.
524 1559 608 1590 Vz'd.
630 1560 716 1601 VII,
737 1560 800 1601 75,
820 1561 852 1592 4.
947 1561 1147 1592 maritumae
1166 1571 1214 1592 m.
1229 1570 1289 1601 pr.
1310 1560 1353 1591 B.
1448 1560 1467 1592 6
1486 1560 1519 1590 in
1540 1559 1639 1590 ditio-

154 1618 229 1640 nem
247 1620 285 1650 θ,
307 1610 338 1641 in
359 1610 564 1642 deditionem
583 1612 730 1654 reliqui.
826 1613 847 1645 8
866 1612 1000 1654 oppinio
1018 1612 1061 1643 B.
1179 1612 1309 1654 prolata
1329 1616 1383 1643 est
1399 1612 1432 1643 A
1445 1636 1453 1652 ,
1480 1611 1574 1643 uenit
1589 1612 1636 1642 D.

298 1662 316 1694 9
336 1663 376 1693 ab
396 1662 446 1694 his
467 1662 567 1695 codd.
588 1667 625 1695 et
640 1674 674 1695 η.
851 1663 891 1696 10
912 1663 967 1705 qui
986 1674 1023 1695 se
1041 1663 1134 1704 ΑΕ,
1155 1672 1240 1705 quae
1259 1663 1415 1693 nationes
1435 1672 1471 1693 se
1491 1663 1528 1703 b,
1550 1671 1635 1704 quae

153 1723 189 1744 se
207 1712 267 1753 (B)
285 1724 301 1744 e
318 1717 353 1745 et
369 1713 515 1754 reliqui.
658 1714 695 1746 ll
718 1714 821 1755 quod]
840 1724 879 1746 eo
899 1714 987 1755 quod
1005 1724 1074 1745 sec.
1094 1724 1141 1745 m.
1156 1724 1225 1755 pro
1244 1723 1323 1746 var.
1344 1713 1426 1745 lect.
1445 1713 1489 1744 A.

153 1765 194 1796 12
213 1765 310 1796 initio
328 1765 500 1807 proximae
521 1766 665 1797 aestatis
687 1767 704 1797 b
718 1766 780 1808 df.
923 1767 962 1799 13
982 1766 1147 1799 Carnutes
1165 1768 1209 1799 A.
1359 1766 1515 1798 Turones
1534 1776 1637 1808 quae-

154 1828 217 1860 que
236 1818 305 1849 Ae..
517 1818 558 1850 14
577 1818 801 1850 hibernacula
818 1819 993 1860 ABDE5
1022 1819 1165 1851 hiberna
1183 1829 1200 1850 e
1214 1819 1276 1860 (s)
1290 1819 1457 1861 plerique
1471 1842 1480 1858 ,
1501 1821 1535 1849 et
1552 1820 1586 1849 ln
1605 1818 1637 1849 B

153 1868 243 1906 cula,
264 1871 379 1899 nescio
397 1878 442 1900 an
459 1879 528 1900 see.
549 1880 616 1909 m.5
638 1870 793 1901 deletum
812 1872 878 1900 esi.
1017 1869 1123 1901 lulius
1143 1869 1264 1902 Celsus
1282 1869 1528 1901 Constantinus
1548 1880 1581 1900 u.
1603 1879 1633 1900 c.

151 1918 233 1959 legi.
254 1918 396 1950 Flauius
422 1919 580 1951 Licerius
606 1919 777 1952 Firminus
804 1919 988 1962 Lupicinus
1016 1920 1083 1962 legi
1110 1920 1182 1952 AB
1197 1921 1351 1953 CDEc.
1395 1919 1481 1952 Belli
1510 1918 1633 1952 Gallici

152 1970 241 2002 liber
258 1970 430 2002 secundus
449 1971 588 2013 explicit
610 1971 652 2003 B.
