1835 3240
106 170 188 211 646
620 173 789 216 BELLI
820 172 1225 216 ALEXANDRINI

183 297 258 336 que
288 284 478 327 inlustres
509 288 583 328 uiri
615 288 818 337 nonnulli,
852 288 1002 340 equites
1024 287 1210 327 Romani.
1254 286 1344 340 Quo
1369 290 1668 331 1011101111100111-

184 351 298 392 modo
319 351 518 395 Domitius
552 362 713 408 accepto
747 354 933 407 reliquias
957 355 1156 395 exercitus
1180 354 1355 410 dissipati
1379 357 1538 412 collegit
1559 358 1672 399 itine-

107 416 370 474 41111111511110
402 423 495 462 tutis
529 436 598 475 per
620 419 908 476 Cappadociam
940 436 982 463 se
1013 421 1213 463 111Α510111
1236 424 1397 476 recepit.
1440 423 1668 467 Pharnaces

182 487 300 528 rebus
323 490 504 529 secundis
527 489 668 539 elatus,
695 504 780 530 cum
804 490 849 530 de
864 488 1039 530 Caesare
1062 504 1123 539 ea,
1149 504 1248 543 quae
1271 490 1444 544 optabat,
1470 501 1665 545 speraret,

132 554 161 595 2
179 553 351 596 Pontum
375 556 552 597 omnibus
576 557 697 611 copiis
720 558 923 611 occupauit
947 558 1077 611 ibique
1100 565 1140 598 et
1161 558 1290 598 uictor
1312 565 1350 598 et
1372 559 1664 602 crudelissimus

180 637 271 671 rex,
290 638 375 663 eum
399 624 474 664 sibi
497 626 692 665 fortunam
716 632 919 679 paternam
941 626 1116 667 feliciore
1137 633 1281 666 euentu
1299 625 1528 676 destinaret,
1548 630 1668 669 multa

181 692 318 745 oppida
342 692 609 745 expugnauit,
633 693 737 734 bona
759 693 900 733 ciuium
924 693 1196 734 Romanorum
1221 692 1554 747 Ponticorumque
1576 695 1668 736 diri-

134 757 159 799 3
181 759 289 813 puit,
312 759 503 813 supplicia
525 761 725 801 constituit
748 761 788 801 in
811 775 879 802 eos
896 792 906 809 ,
940 761 1003 815 qui
1027 761 1194 815 aliquam
1219 762 1367 802 formae
1390 769 1504 815 atque
1527 763 1668 803 aetatis

181 827 558 868 commendationem
581 829 789 879 habebant,
815 842 877 877 ea,
899 844 998 882 quae
1020 836 1146 870 morte
1169 836 1304 870 essent
1325 829 1546 879 miseriora,
1563 828 1667 870 Pon-

180 901 337 948 tumque
369 896 476 936 nullo
509 897 743 938 defendente
774 905 978 951 paternum
1010 912 1174 951 regnum
1209 897 1384 950 glorians
1407 911 1449 938 se
1470 897 1668 952 recepisse

178 962 393 1004 obtinebat.

1697 570 1715 601 5

1701 906 1741 938 10

100 1028 155 1073 42
290 1029 370 1071 Sub
392 1032 494 1073 idem
517 1040 668 1087 tempus
690 1035 728 1074 111
745 1032 908 1090 Illyrico
931 1042 992 1075 est
1012 1034 1299 1075 incommodum
1318 1041 1546 1087 acceptum,
1568 1047 1666 1087 quae
1690 1062 1696 1076 .

176 1098 377 1152 111011111010
408 1101 678 1155 superioribus
706 1102 906 1143 mensibus
936 1110 1090 1143 retenta
1122 1117 1200 1142 non
1224 1109 1374 1141 tantum
1393 1101 1664 1154 siueignomi-

127 1165 155 1206 2
175 1166 265 1217 nia,
300 1168 371 1208 sed
403 1168 518 1208 etiam
551 1184 635 1209 cum
667 1170 781 1210 laude
813 1178 912 1210 erat.
958 1169 1141 1225 Namque
1164 1183 1209 1209 eo
1233 1169 1376 1209 missus
1401 1175 1552 1209 aestate
1575 1183 1662 1208 cum

175 1235 321 1275 duabus
345 1235 565 1288 legionibus
589 1234 641 1288 Q.
659 1234 914 1287 Cornificius,
932 1235 1120 1277 Caesaris
1144 1242 1347 1289 quaestor,
1371 1250 1440 1290 pro
1465 1244 1660 1290 praetore,

173 1316 402 1355 quamquam
435 1311 521 1343 erat
553 1304 756 1357 prouincia
787 1305 946 1345 minime
969 1304 1127 1358 copiosa
1149 1305 1196 1344 ad
1219 1304 1420 1345 exercitus
1443 1303 1602 1344 alendos
1625 1311 1665 1344 et

173 1369 336 1411 finitimo
358 1370 460 1411 hello
483 1385 528 1411 ac
551 1372 865 1413 dissensionibus
889 1373 1067 1413 confecta
1090 1379 1127 1413 et
1148 1379 1319 1422 uastata,
1340 1379 1470 1412 tamen
1493 1372 1663 1425 pruden-

173 1437 226 1478 tia
248 1452 293 1478 ac
316 1439 519 1493 diligentia
541 1454 612 1480 sua
629 1471 639 1490 ,
664 1440 765 1493 quod
789 1454 968 1494 magnam
993 1455 1127 1480 curam
1149 1439 1411 1494 suscipiebat,
1437 1453 1485 1480 ne
1507 1454 1581 1494 quo
1604 1446 1663 1480 te-

124 1505 149 1545 3
171 1520 279 1547 mere
309 1507 640 1560 progrederetur,
675 1514 714 1548 et
745 1508 897 1562 recepit
927 1515 966 1549 et
997 1508 1183 1549 defendit.
1235 1506 1418 1561 Namque
1441 1514 1481 1548 et
1501 1507 1662 1548 castella

172 1575 370 1628 complura
403 1575 501 1616 locis
531 1576 645 1617 editis
668 1577 819 1630 posita,
855 1591 1017 1630 quorum
1042 1576 1312 1630 opportunitas
1335 1576 1571 1616 castellanos
1593 1575 1664 1616 im-
1694 1583 1737 1615 20

171 1643 341 1696 pellebat
361 1645 406 1684 ad
432 1644 685 1685 decursiones
709 1645 907 1686 faciendas
927 1652 965 1686 et
983 1645 1122 1685 bellum
1137 1643 1402 1693 inferendum,
1418 1644 1660 1698 expugnauit

170 1724 294 1764 eaque
317 1713 460 1766 praeda
484 1713 626 1753 milites
650 1713 826 1764 donauit,
846 1727 945 1766 quae
968 1713 1041 1753 etsi
1065 1720 1152 1753 erat
1173 1712 1317 1761 tenuis,
1337 1719 1466 1752 tamen
1490 1711 1529 1751 in
1552 1718 1659 1752 tanta

120 1779 147 1818 4
168 1780 395 1832 1110111110100
418 1780 692 1834 desperatione
714 1789 798 1821 erat
822 1788 934 1834 grata
955 1780 1184 1834 praesertim
1205 1780 1351 1819 uirtute
1370 1786 1497 1833 parta,
1515 1787 1653 1820 etcum

169 1844 360 1888 Octauius
383 1862 435 1888 ex
459 1849 544 1902 fuga
558 1847 777 1889 Pharsalici
802 1849 938 1902 proelii
962 1862 1103 1902 magna
1126 1848 1253 1888 classe
1275 1848 1316 1888 in
1336 1847 1444 1887 illum
1466 1861 1509 1888 se
1530 1848 1655 1888 sinum

170 1915 417 1966 contulisset,
445 1917 578 1970 paucis
601 1916 767 1957 nauibus
792 1915 1079 1957 ladertiuorum
1096 1947 1106 1966 ,
1132 1930 1295 1969 quorum
1318 1929 1474 1969 semper
1494 1916 1533 1956 in
1555 1929 1658 1956 rem—

168 1982 357 2036 publicam
380 1984 580 2038 singulare
604 1985 839 2024 constiterat
861 1984 1053 2036 officium,
1087 1984 1274 2037 dispersis
1293 1982 1523 2024 Octauianis
1547 1984 1657 2024 naui-

165 2050 238 2090 bus
271 2058 357 2091 erat
389 2052 535 2105 potitus
552 2083 561 2099 ,
596 2060 639 2092 ut
666 2053 729 2093 uel
760 2053 886 2093 classe
911 2053 1094 2093 dimicare
1117 2059 1253 2105 posset
1274 2052 1467 2092 adiunctis
1491 2051 1656 2105 captiuis

119 2117 143 2157 5
168 2118 332 2159 nauibus
364 2120 576 2160 sociorum.
632 2118 731 2161 Cum
766 2120 1035 2161 diuersissima
1069 2127 1178 2174 parte
1210 2120 1315 2160 orbis
1348 2127 1540 2159 terrarum
1575 2117 1652 2160 Cn.

165 2184 393 2240 Pompeium
418 2185 572 2228 Caesar
601 2189 729 2228 uictor
760 2195 991 2242 sequeretur
1023 2187 1319 2241 compluresque
1340 2187 1589 2227 aduersarios
1611 2186 1651 2226 in

165 2252 364 2309 Illyricum
398 2264 558 2310 propter
578 2255 840 2297 Macedoniae
871 2256 1196 2311 propinquitatem
1221 2269 1263 2295 se
1286 2254 1463 2308 reliquiis
1486 2268 1536 2294 ex
1562 2255 1652 2307 suga

166 2324 340 2364 collectis
364 2325 579 2364 contulisse
602 2325 770 2374 audiret,
786 2326 937 2365 litteras
960 2325 1007 2365 ad
1022 2323 1230 2364 Gabinium
1254 2323 1385 2372 mittit,
1412 2322 1465 2361 uti
1488 2336 1571 2361 cum
1596 2323 1651 2362 le-

165 2392 348 2445 gionibus
372 2392 559 2442 tironum,
585 2406 684 2446 quae
708 2407 832 2447 nuper
854 2400 966 2433 erant
988 2392 1249 2446 conscriptae,
1273 2390 1590 2445 proficisceretur
1610 2390 1650 2431 in

309 2553 322 2585 1
345 2553 509 2585 inlustres
529 2565 561 2585 (ι.
704 2556 720 2586 4
736 2554 875 2587 obtabat
893 2566 926 2586 α.
1070 2555 1087 2586 5
1101 2554 1214 2596 ibique
1233 2554 1344 2585 uictor
1364 2553 1395 2584 b.
1538 2552 1559 2584 8
1572 2562 1650 2594 sup-

163 2602 332 2645 pliciaque
352 2614 381 2634 e.
541 2605 578 2636 10
598 2605 803 2636 dctendente
823 2616 857 2646 a,
879 2605 1064 2637 decedente
1086 2605 1117 2645 b,
1138 2605 1365 2636 contendente
1380 2614 1447 2646 pro
1467 2613 1545 2634 aar.
1568 2603 1648 2634 leet.

163 2664 192 2685 c.
344 2654 494 2695 glorians
515 2665 550 2686 se
572 2656 746 2697 recepisse
764 2667 798 2696 a,
819 2667 854 2688 se
875 2656 1045 2698 recepisse
1066 2655 1217 2697 glorians
1237 2655 1316 2687 edd.
1460 2655 1501 2687 12
1520 2654 1650 2686 lllirieo

160 2717 192 2738 α.
354 2707 392 2739 16
413 2716 603 2749 quanquam
623 2707 686 2748 (a).
840 2708 1027 2739 exercitum
1046 2718 1080 2738 α.
1241 2707 1281 2739 18
1300 2717 1362 2738 sua
1380 2717 1449 2739 om.
1473 2706 1504 2737 b.

163 2769 204 2790 ne
223 2757 302 2800 quo]
325 2769 432 2801 neque
453 2768 533 2790 uero
552 2769 573 2790 a
594 2759 611 2790 b
631 2769 658 2790 c.
809 2759 852 2791 ‘20
873 2759 1085 2801 oportunitas
1104 2769 1138 2790 α.
1296 2758 1337 2792 23
1355 2762 1453 2801 parte
1469 2767 1502 2788 α.

158 2812 200 2843 25
221 2811 471 2844 ladestinorum
491 2822 511 2842 a
531 2812 627 2843 ‘ms-5.
649 2821 779 2851 omues,
801 2810 900 2842 Hiad.
921 2810 969 2842 df
1124 2810 1166 2844 27
1187 2814 1223 2841 ut
1241 2810 1332 2842 uelle
1352 2810 1516 2842 dimicare
1535 2808 1647 2840 classe

164 2864 194 2895 b.
350 2865 392 2898 28
411 2874 483 2896 011111
503 2873 523 2895 a
545 2864 562 2894 b
581 2863 599 2895 3
619 2863 721 2903 dect„
743 2868 778 2894 et
795 2872 869 2893 011111
889 2873 921 2894 η.
1069 2862 1111 2897 29
1131 2863 1260 2895 Caesar
1276 2864 1389 2896 uictor
1405 2873 1426 2895 a
1444 2862 1649 2904 Stephanus

159 2919 195 2947 et
212 2917 288 2947 sine
307 2917 541 2947 annotatione
560 2924 594 2955 n,
615 2914 726 2946 uictor
746 2912 876 2945 Caesar
894 2916 1034 2945 ceterae
1053 2914 1131 2946 edd.
1152 2917 1236 2946 ante
1256 2925 1290 2946 u.
1459 2913 1649 2957 complures

163 2968 193 2998 b.
337 2967 372 2999 31
397 2967 589 3009 conpulisse
609 2977 642 2998 a.

1698 1245 1737 1278 15

1689 1923 1731 1957 25

1683 2261 1726 2294 30
