1835 3240
686 200 797 207 ——-
856 175 939 217 205

149 299 211 332 tur
231 302 302 330 nec
324 287 539 328 comminus
563 287 610 327 ad
632 301 770 329 manus
792 289 1005 338 rediretur,
1022 286 1290 342 Caesarisque
1311 291 1462 343 equites
1485 294 1633 335 iumen-

147 365 186 398 ta
207 371 257 397 ex
272 370 420 397 nausea
432 355 595 404 recenti,
621 355 701 405 siti,
729 357 932 410 languore,
958 356 1169 409 paucitate,
1196 358 1426 398 uulneribus
1446 360 1633 415 defatiga-

145 432 184 464 ta
198 425 244 464 ad
266 424 552 478 insequendum
573 423 721 463 hostem
735 425 1146 477 perseuerandumque
1160 438 1315 464 cursum
1332 426 1501 466 tardIOra
1518 428 1632 469 habe-

141 499 255 541 rent,
288 492 441 544 dieique
471 505 561 544 pars
586 490 731 543 exigua
753 490 827 530 iam
851 491 999 543 reliqua
1023 499 1152 540 esset,
1190 492 1415 533 cohortibus
1439 495 1632 546 equitibus

142 559 393 599 circumdatis
416 558 668 606 cohortatur,
704 565 744 597 ut
778 573 853 597 uno
885 559 965 598 ictu
995 560 1280 599 contenderent
1309 574 1434 613 neque
1458 563 1633 603 remitte-

142 633 257 677 rent,
292 627 414 667 donec
448 626 550 665 ultra
582 625 735 665 ultimos
769 626 890 666 colles
923 626 1058 666 hostes
1094 628 1334 680 repulissent
1355 635 1472 681 atque
1496 643 1630 670 eorum

142 702 276 735 essent
308 693 457 747 potiti’.
519 692 566 733 In
597 693 709 733 codd.
745 694 934 747 scriptum
969 701 1029 734 est
1073 696 1327 736 ‘cohortibus
1361 697 1632 751 equitibusque

141 762 429 803 circumdatis'.
485 760 543 802 Ea
575 761 694 801 uerba
726 761 765 800 in
791 761 889 800 hanc
913 768 1061 801 tantum
1084 764 1318 803 sententiam
1344 765 1520 818 intellegi
1542 780 1631 819 pos—

140 838 253 880 sunt,
296 838 338 870 ut
368 828 520 870 Caesar
550 829 624 869 sibi
657 829 841 869 cohortes
873 830 1101 882 equitesque
1134 831 1286 871 dicatur
1308 832 1628 883 circumdedisse,

140 900 239 953 quod
261 898 433 951 ineptum
457 905 530 937 est.
576 895 687 949 Quae
719 903 836 937 antea
859 897 905 936 de
929 898 1209 950 defatigatione
1231 901 1400 953 equitum
1425 902 1627 955 leguntur,

138 967 280 1019 aliquid
303 980 325 1006 a
347 963 522 1006 Caesare
546 966 688 1004 factum
713 977 803 1004 esse
826 965 1124 1015 demonstrant,
1159 981 1235 1020 quo
1269 968 1355 1007 huic
1384 968 1628 1009 incommodo

137 1035 374 1075 mederetur.
405 1031 531 1073 Recte
553 1031 674 1085 igitur
693 1033 732 1072 in
757 1033 818 1073 ed.
845 1031 1081 1082 Basileensi,
1108 1048 1182 1087 qua
1206 1049 1300 1075 usus
1323 1043 1384 1075 est
1407 1035 1627 1087 Daehnius,

136 1102 282 1156 legitur
306 1101 548 1141 ‘cohortibus
572 1101 764 1153 equitibus
787 1100 1079 1141 circumdatis'.
1123 1101 1226 1142 Nam
1261 1118 1347 1143 cum
1383 1105 1533 1157 equites
1567 1119 1628 1147 es-

136 1177 225 1210 sent
244 1170 290 1209 ad
313 1183 480 1224 pugnam
509 1169 690 1218 inutiles,
725 1168 773 1208 iis
799 1167 952 1209 Caesar
984 1169 1167 1210 cohortes
1200 1171 1482 1223 circumdedit,
1517 1181 1557 1214 ut
1591 1181 1629 1214 et

136 1238 208 1290 ipsi
229 1238 526 1291 requiescerent
548 1244 586 1276 et
607 1236 653 1276 ab
677 1236 846 1276 hostium
869 1237 1015 1291 impetu
1038 1238 1358 1279 defenderentur.

251 1302 438 1358 Sequitur
469 1319 504 1345 c.
531 1304 608 1354 19,
643 1306 744 1357 quod
776 1312 898 1344 totum
929 1312 988 1345 est
1019 1306 1413 1358 perturbatissimum.
1465 1307 1626 1350 Initium

137 1372 192 1411 ita
213 1373 423 1412 constitui:
461 1371 642 1412 ‘Interim
676 1385 721 1411 ea
753 1386 795 1412 re
829 1380 941 1425 gesta
964 1380 1003 1413 et
1024 1373 1175 1426 proelio
1199 1375 1389 1429 dirempto
1412 1390 1462 1417 ex
1486 1378 1627 1418 aduer-

137 1440 252 1479 sariis
275 1440 483 1493 perfugere
506 1440 636 1493 plures
660 1453 712 1479 ex
735 1440 839 1479 omni
862 1453 1008 1493 genere
1030 1440 1244 1489 hominum,
1271 1450 1309 1483 et
1340 1451 1545 1497 praeterea
1566 1446 1627 1487 in-

137 1508 302 1561 tercepti
326 1508 551 1561 [hostium]
576 1508 793 1560 complures
816 1508 967 1560 equites
990 1509 1243 1562 peditesque'.
1292 1509 1552 1566 ‘Perfugae',
1585 1521 1628 1554 ut

136 1576 287 1624 editur,
321 1575 504 1628 intercipi
536 1588 614 1613 non
646 1582 850 1627 poteraut,
887 1575 963 1615 nisi
998 1577 1062 1628 qui
1095 1591 1117 1616 a
1142 1575 1318 1618 Caesare
1342 1581 1622 1633 perfugissent,

133 1643 233 1695 quod
257 1642 317 1682 hic
339 1642 512 1695 ineptum
535 1649 611 1682 est.
654 1640 779 1681 Recte
803 1640 953 1682 Gudius
987 1645 1179 1695 coniecit,
1215 1647 1315 1698 quod
1338 1648 1465 1699 posui.
1514 1653 1523 1671 ‘
1542 1648 1625 1689 Ho-

133 1709 261 1750 stium'
286 1717 441 1760 autem,
467 1711 567 1764 quod
590 1710 739 1750 rectius
761 1710 902 1750 abesse
925 1708 1205 1766 Oudendorpio
1230 1714 1458 1765 uidebatur,
1492 1717 1623 1757 delen-

133 1778 219 1817 dum
244 1785 302 1818 est
325 1778 568 1819 necessario.
631 1777 776 1831 Neque
798 1778 900 1818 enim
923 1779 988 1819 alii
1013 1795 1127 1833 quam
1151 1781 1319 1822 hostium
1344 1784 1494 1836 equites
1516 1785 1624 1839 pedi-

132 1852 266 1898 tesque
288 1846 470 1900 intercipi
492 1853 699 1899 poterant,
735 1854 775 1886 et
802 1847 897 1886 illud
929 1848 1163 1888 uocabulum
1195 1863 1278 1889 eam
1302 1852 1541 1892 sententiam
1564 1854 1625 1893 in-

134 1914 267 1963 ferret,
295 1914 406 1969 quasi
426 1915 469 1964 ii,
495 1915 558 1967 qui
581 1915 872 1968 perfugissent,
907 1915 1038 1956 hostes
1062 1931 1138 1956 non
1162 1919 1345 1959 fuissent.
1409 1918 1624 1973 Sequentia

132 1981 171 2020 in
195 1981 306 2021 codd.
332 1988 439 2022 recte
461 1982 515 2022 ita
536 1982 681 2036 scripta
702 1989 816 2022 sunt:
846 1981 929 2023 ‘Ex
947 1984 1087 2036 quibus
1112 1986 1308 2040 cognitum
1332 1995 1389 2028 est
1414 1990 1622 2030 consilium

132 2049 315 2099 hostium,
341 2064 406 2090 eos
432 2050 503 2091 hac
525 2058 656 2090 mente
679 2057 717 2090 et
738 2058 880 2090 conatu
902 2052 1076 2102 uenisse,
1103 2054 1158 2093 uti
1182 2069 1286 2094 nouo
1304 2056 1622 2109 atqueinusitato

131 2130 276 2170 genere
323 2118 461 2171 proelii
499 2119 648 2158 tirones
688 2119 894 2172 legionarii
945 2121 1134 2174 paucique
1176 2124 1391 2175 perturbati
1432 2122 1621 2165 Curionis

131 2186 312 2238 exemplo
343 2186 390 2226 ab
413 2187 586 2239 equitatu
612 2187 871 2227 circumuenti
894 2189 1240 2241 opprimerentur'.
1287 2190 1430 2232 Editur
1453 2193 1621 2234 ‘tirones

128 2252 408 2306 legionariique
430 2255 571 2307 pauci',
598 2255 710 2307 quasi
732 2254 882 2295 tirones
907 2270 985 2296 non
1010 2257 1177 2297 fuissent
1198 2259 1419 2313 legionarii.
1456 2259 1542 2300 Hoc
1565 2261 1621 2301 di-

128 2320 179 2360 cit
200 2321 384 2375 scriptor,
410 2322 543 2362 hostes
566 2322 804 2376 legionarios
827 2324 1113 2364 circumuenire
1141 2326 1337 2375 uoluisse,
1373 2328 1437 2380 qui
1467 2335 1504 2367 et
1529 2329 1622 2369 tiro-

130 2401 197 2428 nes
220 2396 354 2428 essent
385 2396 424 2429 et
452 2389 578 2442 pauci.
633 2389 852 2444 Excipiunt
884 2391 1004 2431 haec:
1045 2397 1109 2432 ‘et
1139 2394 1193 2433 ita
1215 2392 1434 2435 Labienum
1467 2397 1619 2438 dixisse

129 2468 196 2506 pro
228 2457 438 2504 contione,
484 2463 628 2497 tantam
663 2472 751 2498 sese
782 2459 1065 2499 multitudinem
1097 2462 1334 2503 auxiliorum
1376 2465 1619 2505 aduersariis

129 2522 539 2574 subministraturum,
575 2533 618 2565 ut
648 2526 765 2565 etiam
799 2528 997 2567 caedendo
1027 2528 1064 2568 in
1098 2529 1184 2582 ipsa
1216 2531 1383 2571 uictoria
1417 2533 1619 2587 defatigati

131 2588 382 2631 uincerentur
403 2599 518 2645 atque
539 2608 561 2633 a
583 2594 664 2634 suis
687 2595 1009 2647 superarentur'.
1070 2595 1151 2636 Pro
1173 2596 1352 2639 Labieno
1374 2600 1413 2640 in
1437 2601 1617 2641 omnibus

132 2656 243 2694 codd.
285 2654 378 2698 Iuba
401 2660 560 2712 legitur,
586 2675 699 2714 quem
723 2669 801 2701 tum
826 2676 905 2702 non
927 2662 1087 2703 affuisse
1110 2678 1163 2704 ex
1185 2679 1218 2705 c.
1245 2665 1299 2705 25
1322 2675 1491 2708 constat.
1534 2667 1617 2708 La-

132 2721 234 2761 bieni
252 2731 381 2765 autem
401 2726 498 2768 hanc
521 2729 736 2769 orationem
763 2731 884 2770 fuisse
906 2731 1062 2781 docent,
1089 2747 1187 2785 quae
1203 2735 1240 2787 ξ.
1256 2734 1282 2775 6
1299 2736 1498 2789 leguntur:
1529 2738 1614 2777 ‘hac

130 2803 198 2842 spe
221 2797 332 2843 atque
355 2795 517 2836 audacia
537 2796 800 2838 inflammatus
823 2796 1037 2840 Labienus'
1062 2808 1155 2840 cett.
1188 2800 1307 2843 lubae
1330 2817 1473 2843 nomen
1495 2805 1612 2844 etiam

129 2871 164 2896 c.
190 2855 259 2908 30,
284 2858 309 2898 2
329 2858 460 2914 inepte
479 2863 519 2903 in
542 2864 721 2905 omnibus
744 2866 853 2905 codd.
877 2866 1069 2907 adiectum
1093 2875 1170 2908 est.
1214 2868 1290 2909 Hic
1311 2868 1513 2911 Labienus
1536 2873 1614 2925 pri—
