1835 3240
72 914 110 946 10

68 1254 106 1286 15

703 180 894 224 CAPVT
924 183 1066 223 4—7.
1624 185 1706 229 721

148 297 310 340 alternis
332 309 411 337 non
433 295 561 335 solum
583 297 700 337 morti
721 304 886 337 mortem
908 294 1232 350 exaggerabant,
1267 296 1336 335 sed
1367 299 1537 339 tumulos
1569 306 1629 340 tu-

146 365 261 406 mulis
292 363 584 417 exaequabant.
628 363 687 405 lta
717 364 854 405 diebus
885 364 1148 418 compluribus
1179 362 1360 418 cupiebat
1389 363 1564 417 Caesar,
1598 367 1632 407 si

146 446 220 486 qua
242 431 471 472 condicione
493 439 653 486 posset,
687 432 939 473 aduersarios
971 432 1011 472 in
1043 446 1206 485 aequum
1229 431 1356 472 locum
1379 432 1572 474 deducere
1594 443 1632 475 et

146 500 270 555 primo
293 514 447 553 quoque
468 507 642 554 tempore
665 500 711 540 de
733 500 835 540 bello
859 500 1088 541 decernere.
1122 500 1163 540 Id
1186 514 1272 540 cum
1294 500 1630 541 animaduerteret
1652 502 1678 545 6

150 568 400 609 aduersarios
422 567 581 608 minime
602 568 703 608 uelle
718 598 728 618 ‚
763 582 838 621 quo
862 581 930 608 eos
944 598 954 615 ,
989 569 1181 621 quomodo
1203 568 1250 609 ab
1274 567 1364 610 Vlia
1385 574 1628 617 retraxerat,

144 636 186 676 in
209 649 372 689 aequum
396 635 630 685 deduceret,
670 635 790 688 copiis
821 636 978 676 flumine
1011 636 1201 676 traductis
1235 643 1354 676 noctu
1383 636 1490 676 iubet
1519 636 1632 689 ignes

144 704 229 745 fieri
249 716 437 757 magnos:
471 704 526 743 ita
548 703 812 744 firmissimum
835 704 920 744 eius
943 703 1177 757 praesidium
1199 704 1396 758 Ateguam
1418 703 1634 758 proficisci-

144 778 224 812 tur.
266 769 311 811 Id
332 785 419 811 cum
439 770 652 826 Pompeius
675 785 728 812 ex
749 772 923 826 perfugis
945 772 1134 812 rescisset
1156 773 1186 825 †
1208 786 1282 825 qua
1313 772 1374 813 die
1405 773 1630 813 facultatem
1654 770 1680 809 2

144 846 181 879 61
202 839 407 892 angustias
430 853 545 880 carra
567 841 770 894 complura
801 841 929 880 mulos
953 846 1117 880 onustos
1148 840 1319 880 retraxit
1350 847 1389 881 et
1409 841 1457 880 ad
1481 839 1633 881 Cordu-

142 907 231 948 bam
253 920 296 947 se
317 908 480 961 recepit.
526 905 680 949 Caesar
700 908 982 948 munitionibus
1004 907 1200 962 Ateguam
1225 922 1452 962 oppugnare
1483 915 1522 948 et
1543 907 1632 947 bra·
1653 905 1678 946 3

144 974 231 1015 chia
253 975 547 1016 circumducere
583 976 726 1030 coepit.
771 974 850 1028 Qui
882 990 967 1016 cum
1003 975 1087 1029 [de]
1121 974 1307 1029 Pompeio
1338 976 1495 1016 nuntius
1525 981 1634 1016 esset

143 1042 312 1092 allatus,
346 1055 393 1082 eo
424 1042 485 1082 die
517 1043 795 1096 proficiscitur.
841 1041 967 1084 Cuius
999 1045 1040 1083 in
1071 1044 1280 1083 aduentum
1304 1044 1489 1096 praesidii
1512 1056 1632 1083 causa
1653 1041 1679 1081 4

143 1107 297 1151 Caesar
317 1125 407 1151 cum
421 1110 620 1164 complura
642 1111 804 1152 castella
826 1119 1075 1166 occupasset,
1100 1112 1241 1166 partim
1259 1112 1323 1151 ubi
1338 1112 1532 1165 equitatus
1548 1124 1633 1164 par-

140 1178 209 1218 tim
230 1178 294 1219 ubi
317 1179 512 1232 pedestris
535 1180 645 1233 copia
667 1179 708 1220 in
730 1181 900 1220 statione
930 1187 969 1221 et
996 1179 1037 1220 in
1060 1180 1249 1220 excubitu
1272 1180 1412 1220 castris
1436 1177 1631 1233 praesidio

141 1260 229 1286 6556
250 1254 436 1300 possent,
462 1247 522 1287 hic
544 1247 585 1287 111
607 1248 778 1289 aduentu
799 1246 975 1302 Pompeii
998 1248 1151 1298 incidit,
1177 1255 1220 1288 ut
1240 1248 1432 1288 matutino
1457 1254 1631 1301 tempore

140 1314 284 1355 nebula
305 1322 413 1355 esset
434 1315 698 1356 crassissima.
741 1314 801 1356 Ita
823 1316 889 1357 illa
911 1316 1191 1356 obscuratione
1214 1330 1299 1356 cum
1324 1316 1470 1368 aliquot
1493 1315 1633 1354 cohor-
1655 1312 1680 1354 5

141 1383 242 1424 tibus
271 1390 310 1423 et
340 1383 512 1436 equitum
545 1384 683 1424 turmis
715 1384 1028 1425 circumcludunt
1051 1382 1240 1425 Caesaris
1265 1384 1416 1437 equites
1440 1390 1479 1423 et
1501 1383 1633 1423 conci-

141 1452 260 1501 dunt,
294 1451 350 1491 sic
375 1459 424 1491 vut
453 1452 524 1491 uix
554 1452 594 1492 in
630 1466 675 1492 ea
705 1453 824 1493 caede
847 1453 960 1507 pauci
983 1453 1219 1506 effugerent.
1265 1451 1491 1505 Insequenti
1516 1457 1631 1491 nocte
1652 1450 1680 1494 '7

139 1526 270 1560 castra
292 1533 364 1559 sua
384 1518 785 1575 incenditPompeius
808 1529 848 1562 et
868 1528 979 1561 trans
1002 1521 1146 1561 flumen
1162 1518 1318 1561 Salsum
1343 1533 1410 1573 per
1431 1518 1632 1559 conualles

138 1595 269 1628 castra
297 1587 403 1628 inter
434 1588 509 1628 duo
540 1589 680 1643 oppida
702 1589 900 1643 Ateguam
922 1596 963 1630 et
984 1587 1151 1629 chbim
1180 1589 1222 1629 in
1253 1595 1385 1628 11101116
1408 1586 1628 1628 constituit.

141 1653 294 1697 Caesar
314 1655 343 1707 †
363 1655 405 1695 in
426 1657 708 1699 munitionibus
731 1658 954 1711 ceterisque
970 1688 980 1707 ‚
1015 1671 1115 1710 quae
1145 1657 1194 1697 ad
1224 1656 1403 1710 oppidum
1426 1669 1524 1710 opus
1547 1656 1632 1695 fue—

137 1731 246 1774 runt,
271 1737 456 1778 aggerem
478 1724 693 1779 uineasque
716 1740 836 1779 agere
857 1725 1042 1765 instituit.
1078 1724 1189 1766 Haec
1209 1725 1296 1765 loca
1314 1731 1404 1765 sunt
1421 1731 1631 1763 montuosa
1653 1722 1681 1763 2

138 1799 178 1834 et
198 1799 341 1833 natura
363 1792 468 1833 edita
489 1793 536 1832 ad
557 1807 642 1834 rem
663 1793 895 1843 militaremg
931 1807 1029 1847 quae
1051 1793 1219 1847 planicie
1241 1793 1490 1840 diuiduntur,
1516 1788 1633 1832 Salso

138 1860 318 1912 flumine,
350 1861 532 1915 proxime
553 1868 685 1903 tamen
707 1861 903 1916 Ateguam
925 1869 966 1902 ut
986 1862 1131 1902 flumen
1152 1862 1230 1912 sit,
1264 1861 1424 1901 circiter
1446 1873 1633 1914 passuum

282 2019 297 2052 1
319 2019 464 2052 alternis
483 2030 512 2060 6,
532 2020 674 2053 alterius
694 2032 727 2062 α,
749 2021 880 2053 alterus
901 2022 941 2061 b‚·
961 2021 1063 2053 alteri
1084 2021 1206 2054 alteris
1226 2032 1260 2052 u.
1422 2019 1521 2051 morti
1541 2029 1629 2050 mor-

137 2076 206 2103 tem
223 2069 414 2112 af7dett.
434 2070 659 2113 Schneidert,
680 2077 823 2104 mortem
842 2072 943 2104 morti
962 2082 998 2103 u.
1168 2072 1187 2105 3
1207 2071 1402 2104 conditione
1423 2069 1490 2111 (a).

138 2124 160 2156 4
178 2121 219 2153 de
237 2132 306 2154 om.
327 2133 356 2155 6.
497 2125 515 2155 5
535 2134 600 2166 quo
619 2135 678 2157 605
697 2124 861 2167 quomodo
880 2134 956 2166 ego,
979 2135 1063 2166 quos
1085 2124 1244 2167 quoniam
1263 2134 1283 2155 α
1303 2124 1320 2154 b
1339 2133 1378 2162 6,·
1400 2131 1482 2163 quos
1501 2121 1578 2152 ideo
1599 2131 1633 2152 u.

138 2172 178 2205 P.
198 2173 278 2207 229.
440 2174 480 2206 ab
499 2173 578 2206 Vlia
601 2175 828 2216 Cz‘acconz‘us,
852 2185 869 2207 a
890 2176 946 2207 uia
965 2175 1067 2207 codd.
1236 2175 1254 2208 6
1275 2175 1308 2206 in
1330 2174 1360 2214 b,
1382 2178 1418 2204 ut
1436 2173 1468 2204 in
1488 2173 1635 2214 reliqui.

278 2224 415 2256 flumine
434 2235 455 2257 a
476 2225 574 2257 ‘mssa
597 2226 637 2267 5’,
661 2228 781 2259 flumen
802 2238 837 2259 u.
981 2226 1001 2258 7
1019 2227 1135 2269 itaque
1157 2227 1188 2258 b.
1332 2226 1351 2257 ὅ
1365 2234 1430 2267 qua
1449 2224 1503 2256 die
1524 2223 1635 2256 facul-

137 2277 242 2305 tatem
259 2278 295 2305 et
312 2285 333 2306 a
353 2275 371 2306 b
391 2286 419 2315 c,
442 2285 482 2307 ea
499 2276 555 2308 die
573 2287 635 2319 per
651 2278 785 2309 uiarum
803 2277 919 2310 Aldus
939 2287 979 2309 u.
999 2277 1043 2309 P.
1062 2277 1142 2310 230.
1325 2276 1344 2308 9
1364 2275 1473 2307 mulos
1494 2279 1635 2306 onustos

137 2334 224 2366 ego,-
243 2325 367 2357 multos
388 2326 532 2359 lauistos
550 2338 572 2359 a
589 2331 636 2369 et,
657 2331 721 2370 qni
738 2329 900 2366 lanistas,
924 2328 942 2359 b
963 2338 994 2359 6.
1160 2327 1289 2360 retaxit
1307 2338 1341 2358 α.
1501 2326 1541 2358 10
1560 2325 1639 2357 Α16-

137 2384 234 2414 guam
252 2375 367 2408 Aldus
384 2379 419 2409 in
436 2379 583 2420 corrig„
611 2384 793 2422 antequam
814 2389 835 2410 α
858 2379 875 2410 b
895 2379 915 2413 2
935 2378 1025 2410 dett.
1171 2382 1384 2421 oppugnaret
1402 2376 1543 2408 brachia
1561 2387 1581 2408 a
1602 2377 1632 2408 b.

282 2426 319 2459 11
341 2428 490 2469 quicum
511 2428 582 2472 [de]
603 2440 688 2471 eg05
718 2430 773 2461 cui
792 2439 868 2462 cum
888 2430 928 2460 de
947 2439 987 2469 α,
1011 2439 1086 2460 cum
1106 2429 1146 2461 de
1167 2430 1206 2470 b,
1227 2429 1280 2461 cui
1300 2430 1341 2460 de
1361 2430 1379 2461 3
1399 2428 1515 2468 dett.,·
1536 2428 1634 2460 cuius

137 2475 188 2506 rei
200 2474 403 2518 Stephanus
421 2490 457 2512 u.
599 2481 738 2512 nuntius
754 2481 783 2521 b,
801 2480 993 2512 nuntiatum
1006 2490 1027 2511 a
1040 2492 1050 2520 ,-
1065 2490 1139 2512 611111
1154 2480 1292 2512 nuntius
1304 2490 1339 2511 u.
1482 2479 1524 2512 12
1536 2478 1634 2510 6111115

140 2525 290 2558 aduentu
309 2529 340 2560 b.
483 2531 524 2564 13
538 2541 612 2563 cum
627 2531 801 2574 complura
814 2540 900 2573 eg05
916 2530 1092 2573 complura
1111 2530 1161 2572 (a)
1176 2540 1209 2571 u,
1223 2541 1298 2562 cum
1312 2531 1409 2573 plura
1428 2531 1445 2561 b
1458 2541 1487 2562 c.

141 2584 344 2620 occupasset
361 2591 381 2612 a
400 2582 417 2613 b
436 2593 466 2624 c,
487 2584 669 2626 occupauit
686 2583 800 2616 Aldus
820 2593 855 2615 u.
1007 2583 1069 2615 sub
1090 2583 1263 2625 equitatus
1281 2594 1315 2615 α.
1462 2584 1501 2615 14
1519 2584 1632 2625 copias

141 2637 175 2658 α-
339 2632 506 2666 stationes
523 2635 556 2667 in
576 2635 739 2667 excubitu
757 2645 778 2666 a
797 2637 834 2666 et
852 2644 922 2666 om.
944 2635 976 2665 in
998 2635 1029 2665 b.
1190 2634 1229 2666 16
1249 2635 1297 2666 ita
1315 2645 1335 2666 (ι
1356 2634 1386 2674 b,
1408 2634 1524 2676 itaque
1543 2635 1576 2665 in
1595 2645 1630 2666 α.

285 2680 324 2713 19
343 2688 458 2716 castra
475 2696 538 2719 sua
555 2698 625 2720 om.
647 2688 679 2720 b.
821 2686 864 2721 20
884 2685 993 2717 chbi
1011 2696 1046 2717 α.
1188 2687 1227 2721 21
1252 2686 1483 2728 Temptabam
1503 2685 1633 2717 Caesar

141 2732 384 2766 munitionibus
403 2737 529 2770 ceteris
551 2739 714 2780 perfectis
734 2739 794 2772 uel
812 2739 966 2779 directis,
990 2748 1090 2781 quae.
1237 2740 1391 2781 oppidum
1410 2748 1431 2769 a
1450 2739 1467 2769 b
1487 2738 1506 2770 3
1525 2738 1630 2779 (leta,

140 2784 294 2826 oppidum
313 2789 571 2829 oppugnandum
588 2801 624 2823 u.
766 2793 809 2825 22
824 2801 984 2833 aggerem
1003 2791 1192 2834 uineasque
1213 2792 1265 2822 bis
1284 2802 1317 2822 a.
1458 2790 1501 2824 23
1520 2791 1631 2833 plaui-

143 2836 187 2867 ῑίθ
206 2836 269 2877 (a)·
407 2840 645 2883 24Atteguam
663 2853 697 2876 a.
839 2846 963 2876 flumen
982 2844 1028 2876 sit
1046 2854 1067 2876 α
1087 2844 1105 2875 b
1125 2844 1144 2877 3
1164 2843 1268 2882 dett„
1283 2843 1325 2874 ad
1344 2844 1466 2874 flumen
1486 2843 1556 2875 sint
1567 2843 1631 2876 Al-

143 2887 208 2919 dus
227 2890 263 2919 in
283 2899 376 2921 corr.
396 2900 433 2922 u.
574 2903 696 2935 passus
715 2905 749 2926 a,

187 2952 308 2989 Cacsar,
323 2954 368 2982 611.
391 2953 534 2992 Nippcrd.
1376 2948 1430 2990 '1ss
