1835 3240
64 150 147 193 298
589 147 664 190 DE
695 146 887 190 BELLO
920 144 1171 189 GALLICO

142 276 269 316 neque
297 268 454 303 nostros
486 263 526 302 in
547 261 675 302 locum
697 260 931 313 iniquiorem
953 259 1133 313 progredi
1157 259 1352 313 pugnandi
1375 273 1491 300 causa
1513 260 1622 301 uide-

141 336 257 380 runt,
291 337 407 384 atque
427 331 533 384 ipsos
555 344 619 370 res
643 327 899 367 frumentaria
923 328 1090 367 deficere
1112 327 1260 380 coepit,
1286 327 1453 367 concilio
1476 342 1623 368 conuo-

141 405 228 438 cato
250 399 541 438 constituerunt
562 397 745 450 optimum
771 408 859 434 esse
882 395 1034 434 domum
1057 408 1166 435 suam
1190 408 1380 448 quemque
1401 395 1551 435 reuerti
1567 402 1620 446 et,

143 480 305 519 quorum
327 466 367 506 in
390 467 486 505 fines
510 464 673 517 primum
695 462 867 502 Romani
889 462 1107 502 exercitum
1131 462 1461 513 introduxissent,
1485 463 1532 503 ad
1556 476 1623 503 eos

141 534 405 574 defendendos
428 531 596 583 undique
620 530 894 580 conuenirent,
920 538 961 570 ut
983 531 1109 584 potius
1132 531 1171 570 in
1194 531 1274 569 suis
1297 544 1408 582 quam
1429 530 1470 569 in
1483 531 1622 571 alienis
1653 538 1671 570 5

140 602 280 642 finibus
303 602 554 641 decertarent
575 604 614 638 et
635 598 860 638 domesticis
884 599 1007 651 copiis
1021 598 1079 638 rei
1102 598 1383 638 frumentariae
1400 605 1622 639 uterentur.

95 668 120 709 5
141 668 204 709 Ad
228 683 311 709 eam
334 666 569 708 sententiam
592 680 676 706 cum
699 665 860 718 reliquis
883 665 1015 705 causis
1048 665 1144 706 haec
1175 679 1326 718 quoque
1348 665 1449 705 ratio
1472 678 1539 704 eos
1562 666 1627 706 de-

143 737 268 786 duxit,
295 736 393 789 quod
406 733 644 774 Diuitiacum
664 740 780 786 atque
803 732 990 774 Haeduos
1013 733 1152 773 finibus
1166 732 1467 773 Bellouacorum
1489 732 1628 786 adpro-

141 804 329 858 pinquare
352 808 634 856 cognouerant.
671 800 744 841 His
768 801 1011 854 persuaderi,
1037 808 1079 841 ut
1101 801 1246 841 diutius
1279 807 1530 841 morarentur
1560 813 1628 840 ne-

69 871 119 916 11
143 886 215 925 que
237 871 317 911 suis
340 870 530 909 auxilium
553 871 727 918 ferrent,
761 883 838 908 non
861 875 1029 922 poterat.
1073 867 1134 909 Ea
1155 882 1198 908 re
1221 869 1435 909 constituta
1459 868 1631 908 secunda

142 939 277 992 uigilia
304 952 445 991 magno
468 952 554 978 cum
576 937 742 991 strepitu
763 951 808 976 ae
830 937 1000 976 tumultu
1031 937 1173 976 castris
1207 937 1359 990 egressi
1390 936 1496 976 nullo
1519 943 1628 977 certo

143 1007 279 1047 ordine
301 1018 428 1059 neque
449 1005 630 1059 imperio,
656 1020 742 1045 cum
766 1004 841 1045 sibi
864 1005 1025 1058 quisque
1049 1005 1214 1058 primum
1235 1004 1390 1044 itineris
1412 1004 1540 1044 locum
1563 1017 1629 1058 pe-

142 1081 248 1115 teret
269 1080 308 1114 et
330 1075 485 1114 domum
507 1073 717 1126 peruenire
740 1079 996 1127 properaret,
1029 1072 1234 1122 fecerunt,
1268 1079 1310 1111 ut
1332 1072 1548 1112 consimilis
1570 1072 1629 1112 fu-

93 1143 121 1184 2
143 1156 217 1196 gae
248 1142 439 1196 profectio
471 1141 686 1181 uideretur.
730 1140 815 1181 Hac
845 1156 888 1181 re
919 1140 1050 1181 statim
1075 1137 1228 1180 Caesar
1258 1153 1327 1193 per
1358 1139 1629 1193 speculatores

143 1210 301 1264 cognita
321 1209 486 1249 insidias
509 1208 659 1249 ueritus
675 1239 685 1256 ,
710 1210 835 1262 quod,
862 1223 935 1261 qua
958 1209 1003 1248 de
1022 1221 1140 1247 causa
1163 1208 1435 1256 discederent,
1460 1207 1632 1247 nondum

96 1276 121 1317 3
143 1285 421 1332 perspexerat,
447 1277 669 1316 exercitum
691 1277 982 1329 equitatumque
1005 1276 1144 1316 castris
1158 1275 1364 1315 continuit.
1398 1273 1530 1315 Prima
1545 1276 1632 1315 luce

143 1347 374 1386 confirmata
395 1359 439 1385 re
460 1345 507 1385 ab
531 1344 847 1397 exploratoribus
871 1357 1024 1383 omnem
1039 1343 1271 1396 equitatum,
1296 1342 1357 1395 qui
1373 1341 1632 1382 nouissimum

143 1427 285 1468 agmen
315 1420 561 1461 moraretur,
595 1412 816 1465 praemisit.
869 1411 944 1451 His
977 1409 1170 1463 Quintum
1200 1409 1365 1451 Pedium
1395 1417 1434 1450 et
1463 1408 1632 1450 Lucium

142 1480 457 1521 Aurunculeium
477 1478 636 1520 Cottam
658 1480 812 1533 legatos
833 1479 1039 1532 praefecit.
1072 1478 1205 1518 Titum
1219 1476 1439 1519 Labienum
1461 1478 1634 1532 legatum

96 1549 123 1589 4
144 1563 230 1589 cum
260 1548 482 1603 legionibus
514 1547 637 1587 tribus
671 1547 857 1600 subsequi
888 1547 1018 1587 iussit.
1083 1545 1135 1587 Hi
1170 1547 1406 1587 nouissimos
1437 1546 1565 1586 adorti
1597 1552 1636 1586 et

142 1618 267 1658 multa
298 1617 405 1657 milia
438 1631 623 1671 passuum
654 1615 854 1671 prosecuti
885 1629 1066 1669 magnam
1096 1615 1386 1655 multitudinem
1417 1627 1551 1654 eorum
1574 1614 1634 1654 fu-

145 1686 334 1739 gientium
360 1686 641 1733 conciderunt,
679 1698 765 1724 cum
788 1683 835 1722 ab
860 1690 1040 1723 extremo
1063 1683 1218 1737 agmine
1236 1714 1246 1733 ,
1282 1683 1330 1722 ad
1354 1696 1452 1735 quos
1475 1688 1634 1722 uentum

145 1760 246 1803 erat,
273 1754 540 1793 consisterent
561 1752 791 1804 fortiterque
819 1751 1005 1804 impetum
1027 1758 1253 1790 nost-rorum
1275 1750 1440 1790 militum
1462 1749 1635 1790 sustine-

100 1819 124 1861 5
145 1828 250 1870 rent,
277 1821 444 1874 priores,
471 1820 573 1873 quod
595 1821 738 1860 abesse
759 1834 782 1859 a
804 1819 978 1873 periculo
1002 1819 1234 1859 uiderentur
1256 1831 1381 1871 neque
1404 1818 1481 1857 ulla
1497 1830 1635 1858 neces-

146 1889 263 1930 sitate
286 1903 411 1942 neque
433 1889 597 1942 imperio
620 1888 944 1935 continerentur,
977 1887 1163 1927 exaudito
1197 1886 1366 1926 clamore
1399 1884 1637 1938 perturbatis

100 1956 127 1998 6
149 1957 351 1998 ordinibus
384 1970 520 1997 omnes
551 1957 590 1996 in
622 1957 710 2009 suga
746 1955 821 1995 sibi
853 1955 1092 2008 praesidium
1115 1962 1325 2008 ponerent.
1367 1952 1428 1993 Ita
1450 1953 1535 1993 sine
1556 1951 1636 1992 ullo

148 2026 323 2080 periculo
346 2032 495 2065 tantam
518 2038 655 2064 eorum
677 2024 962 2063 multitudinem
978 2023 1103 2062 nostri
1122 2023 1425 2070 interfecerunt,
1451 2027 1638 2074 quantum

148 2093 221 2133 fuit
243 2093 318 2133 diei
342 2093 525 2147 spatium,
552 2091 624 2131 sub
648 2105 908 2143 occasumque
932 2091 1027 2130 solis
1042 2091 1277 2130 destiterunt
1295 2102 1414 2141 seque
1430 2088 1470 2127 in
1486 2094 1634 2137 castra,

75 2160 128 2205 12
148 2167 192 2202 ut
223 2168 308 2203 erat
335 2160 595 2216 imperatum,
621 2166 873 2214 receperunt.
906 2156 1105 2199 Postridie
1130 2157 1214 2198 eius
1229 2156 1304 2197 diei
1319 2154 1486 2206 Caesar,
1511 2154 1639 2210 prius-

296 2338 318 2371 2
334 2338 416 2379 ipsis
436 2338 468 2371 b.
633 2336 779 2369 concilio
797 2337 875 2379 Es,
896 2336 1039 2368 consilio
1056 2336 1131 2368 AB
1146 2335 1228 2367 CD.
1414 2334 1433 2365 3
1453 2337 1487 2364 et
1504 2333 1637 2365 circulo

153 2390 463 2431 circumsemptum
491 2392 544 2420 est
567 2390 604 2419 in
628 2389 679 2428 B,
710 2390 796 2420 item
822 2389 839 2420 5
858 2392 908 2419 ut.
1111 2387 1131 2418 8
1150 2383 1371 2426 Diuitiacum]
1397 2394 1528 2426 quoque
1555 2383 1637 2415 add.

155 2439 252 2471 ‘yn-ss.
271 2439 300 2472 7’
320 2442 354 2470 et
371 2450 417 2470 m.
437 2450 506 2471 sec.
528 2441 595 2470 int.
616 2448 710 2470 uers-
731 2439 774 2470 B.
946 2437 1210 2477 Bellouagorum
1231 2434 1300 2467 CD
1314 2435 1331 2465 b
1345 2445 1362 2465 e
1385 2437 1419 2465 et
1436 2445 1482 2465 m.
1503 2444 1573 2465 see.
1591 2435 1636 2465 B.

306 2491 578 2533 adpropinquare
603 2491 682 2532 Af.
879 2489 918 2522 10
948 2489 1038 2520 serre
1066 2490 1123 2519 be.
1311 2486 1348 2518 11
1370 2496 1409 2517 ac
1428 2486 1575 2517 tumultu
1599 2487 1638 2517 in

154 2551 270 2583 marg.
294 2542 325 2573 b.
468 2542 509 2574 14
527 2552 566 2572 ae
586 2551 620 2572 re
639 2551 686 2573 m.
701 2551 761 2582 pr.
780 2541 823 2573 Β.
968 2540 1006 2572 15
1027 2538 1115 2580 quod
1134 2548 1201 2568 om.
1226 2537 1266 2568 C.
1418 2536 1641 2568 discederunt

154 2605 201 2627 m.
217 2604 278 2636 pr.
297 2595 340 2625 B.
506 2594 546 2626 17
566 2594 716 2635 equitum
734 2594 781 2625 A.
947 2592 987 2624 18
1006 2594 1222 2621 morarentur
1239 2598 1285 2619 711.
1303 2598 1361 2629 pr.
1382 2590 1411 2620 b.
1585 2588 1638 2620 his

156 2649 188 2680 A
200 2646 363 2687 BDOE),
389 2645 486 2688 eique
506 2646 610 2687 eset
626 2655 673 2677 m.
692 2655 760 2676 see.
778 2645 821 2675 B.
983 2642 1142 2684 Quintum
1161 2642 1214 2680 B,
1236 2639 1275 2681 Q.
1296 2650 1332 2672 u.
1497 2639 1639 2672 Lucium

157 2699 207 2738 B,
227 2697 267 2728 L.
287 2707 322 2728 u.
467 2696 506 2728 19
526 2695 640 2727 Titum
657 2697 689 2726 B
702 2719 710 2735 ‚
732 2693 772 2726 Τ.
794 2704 828 2725 u.
985 2693 1028 2727 20
1047 2692 1155 2723 tribus
1174 2700 1242 2722 om..
1261 2691 1307 2721 J).
1470 2690 1586 2722 adorsi
1605 2691 1637 2722 b.

301 2748 346 2782 22
363 2747 404 2778 ad
422 2746 510 2788 quod
531 2746 563 2777 b.
703 2749 841 2776 uentum
860 2743 972 2775 fuerat
991 2743 1023 2774 b.
1163 2741 1207 2776 24
1226 2750 1245 2772 a
1262 2751 1331 2772 om.
1353 2740 1384 2771 b.
1525 2742 1568 2775 26
1582 2750 1641 2784 po·

162 2799 297 2842 nerent]
316 2799 637 2842 posueruntDEb‚
658 2801 832 2829 sumerent
849 2807 877 2827 e.
1041 2795 1083 2830 28
1103 2795 1163 2827 sub
1183 2804 1307 2825 occasu
1327 2793 1412 2826 solis
1431 2793 1496 2835 bs.

163 2856 246 2885 ante
265 2852 473 2885 destiterunt
491 2851 573 2882 add.
595 2850 692 2892 sequi
711 2850 761 2892 ef
771 2853 805 2881 et
822 2859 869 2880 m.
888 2858 956 2880 see.
975 2849 1019 2880 B.
1158 2846 1201 2881 29
1219 2851 1296 2889 post
1315 2845 1416 2878 tridie
1433 2846 1479 2878 D.

1663 875 1704 908 10

1665 1214 1704 1247 15

1664 1552 1707 1587 20

1666 1890 1709 1925 25
