1835 3240
714 192 819 199 ——-
878 166 933 208 93
992 192 1105 198 -——

281 283 520 338 Compositis
543 281 797 323 Haeduorum
822 281 1108 322 controuersiis
1132 277 1286 321 Caesar
1307 283 1462 334 partitis
1489 298 1575 324 cum
1597 282 1646 325 T.

168 355 347 396 Labieno
369 352 491 406 copiis
513 352 596 405 ipse
620 365 705 391 cum
728 350 787 391 VI
809 350 1030 404 legionibus
1054 349 1101 388 ad
1124 349 1303 402 oppidum
1328 348 1568 404 Gergouiam
1590 366 1651 392 sc*

167 422 334 463 cundum
357 422 498 460 flumen
522 419 671 460 Elauer
691 420 891 472 profectus
914 425 988 458 est.
1037 417 1145 471 ‘Qua
1166 432 1209 457 re
1232 418 1422 472 cognita',
1455 419 1582 471 inquit
1613 435 1649 460 e·

165 489 218 529 34
241 497 346 529 extr.
366 520 376 537 ,
417 487 746 541 ‘Vercingetorix
768 487 947 526 (minibus
971 487 1202 540 interruptis
1225 486 1309 525 eins
1334 485 1503 526 fluminis
1526 488 1654 540 ponti-

165 558 234 597 bus
259 557 306 597 ab
331 557 455 597 altera
480 555 649 595 [luminis
673 562 782 608 parte
805 555 881 595 iter
903 556 1034 595 facere
1057 555 1215 608 coepit'.
1278 551 1337 593 Ita
1366 554 1468 594 enim
1491 555 1531 594 in
1553 555 1653 596 inte-

164 625 245 678 gris
270 625 382 664 codd.
408 625 503 664 haec
527 625 736 676 leguntur:
762 623 802 663 in
824 622 1071 676 interpolatis
1095 636 1164 676 pro
1187 622 1310 662 altero
1336 622 1554 662 ‘fluminis'
1587 637 1653 676 po-

164 693 282 732 situm
306 699 367 732 est
400 691 649 740 ‘Elancris',
685 705 768 730 cum
802 691 985 744 repetitio
1009 690 1182 730 eiusdem
1205 689 1386 730 uocabnli
1409 690 1650 745 displiceret.

165 759 318 799 Deinde
338 759 492 799 initium
517 775 552 799 c.
588 757 640 798 35
669 758 763 799 item
787 772 837 798 ex
860 759 1026 813 integris
1050 758 1162 798 codd.
1187 758 1243 797 ita
1265 757 1477 798 constitui:
1526 762 1536 781 ί
1553 756 1653 799 Cum

164 835 325 881 uterque
347 827 541 879 utrimque
565 828 720 867 exisset
742 827 962 873 exercitus,
986 826 1026 866 in
1045 833 1257 879 conspectu
1274 827 1434 879 fereque
1453 839 1473 866 e
1490 826 1653 878 regione

165 895 307 935 castris
330 902 462 935 castra
486 895 698 948 ponebant.
742 893 957 948 Dispositis
981 894 1299 947 exploratoribus
1315 924 1325 942 ,
1351 893 1490 934 necubi
1513 893 1653 934 effecto

163 970 281 1017 ponte
302 962 472 1003 Romani
496 962 627 1016 copias
661 963 936 1012 traducerent,
972 969 1059 1003 erat
1086 962 1127 1002 in
1160 962 1312 1015 magnis
1336 959 1523 1002 Caesaris
1554 961 1654 1001 diffi-

163 1031 371 1071 cultatibus
393 1044 486 1081 res,
519 1044 567 1070 ne
598 1031 786 1071 maiorem
818 1031 980 1071 aestatis
1013 1038 1165 1085 partem
1194 1029 1352 1070 flumine
1381 1029 1651 1083 impediretur,

164 1099 265 1152 quod
296 1113 374 1139 non
404 1100 487 1140 fere
519 1106 612 1139 ante
643 1105 873 1139 autumnum
908 1098 1057 1139 Elauer
1088 1099 1186 1139 uado
1211 1098 1370 1138 transiri
1393 1096 1533 1138 solet'.
1592 1096 1653 1137 Ita

164 1167 343 1207 oratione
366 1167 550 1207 distincta
573 1167 703 1207 onmia
729 1167 872 1221 optime
895 1167 1053 1208 habent.
1098 1164 1199 1207 Cum
1232 1166 1337 1206 enim
1361 1164 1515 1206 Caesar
1536 1165 1576 1205 in
1599 1166 1654 1206 al-

163 1241 247 1275 tera
269 1234 456 1275 Elaueris
480 1242 589 1288 parte
612 1242 734 1284 esset,
758 1235 798 1275 in
820 1235 945 1276 altera
961 1234 1292 1289 Vercingetorix,
1318 1234 1455 1275 eodem
1480 1240 1653 1287 tempore

165 1310 329 1355 uterquc
351 1302 547 1355 utrimque
571 1302 707 1343 exibat
735 1302 905 1356 itemque
933 1304 1076 1344 cotidie
1099 1310 1230 1344 castra
1251 1302 1291 1342 in
1314 1308 1526 1356 conspectu
1550 1303 1654 1342 fere—

167 1384 240 1422 que
264 1383 284 1409 c
306 1370 467 1424 regione
490 1370 703 1424 ponebant.
748 1369 854 1410 Nam
866 1370 1196 1425 VercingetoriX,
1219 1384 1267 1410 ne
1282 1368 1497 1411 Caesarem
1522 1377 1653 1410 trans-

168 1438 224 1477 ire
257 1438 400 1477 {lumen
433 1444 660 1491 pateretur,
696 1452 748 1478 ex
780 1446 994 1492 conspeetu
1017 1453 1106 1479 eum
1128 1453 1206 1478 non
1229 1437 1464 1478 dimittebat.
1526 1435 1571 1477 In
1594 1437 1653 1476 in-

166 1505 369 1558 terpolatis
393 1506 505 1545 codd.
532 1505 652 1545 uerba
686 1506 750 1545 ‘in
773 1507 1006 1560 conspectu'
1036 1506 1305 1560 superioribus
1328 1505 1539 1546 coniuncta
1560 1512 1655 1545 sunt

166 1580 201 1612 et
226 1573 320 1612 haec
333 1573 386 1612 ita
404 1574 663 1613 conformata:
683 1578 786 1613 ‘eum
806 1581 969 1626 uterque
987 1574 1143 1626 utrique
1163 1581 1270 1614 esset
1286 1573 1481 1613 exercitui
1504 1574 1545 1613 in
1560 1587 1654 1613 con-

163 1639 328 1693 spectu’‚
354 1640 675 1693 quemadmodum
697 1641 842 1694 legitur
862 1641 903 1680 in
924 1639 1016 1681 Par.
1041 1655 1123 1681 sec.
1149 1648 1188 1681 et
1211 1641 1342 1681 Haun.
1368 1655 1428 1694 pr.
1455 1641 1653 1694 (idemque

162 1708 357 1761 significat
389 1708 611 1761 corruptela
642 1706 759 1748 Leid.
795 1723 854 1762 pr.
882 1709 1121 1749 ‘exereitum
1159 1715 1393 1763 conspectus
1406 1707 1453 1760 ⁹),
1490 1708 1577 1758 uel,
1611 1715 1655 1748 ut

164 1777 316 1817 editur:
355 1781 459 1816 ‘cum
482 1783 648 1830 uterque
670 1777 826 1830 utrique
849 1784 958 1818 esset
980 1778 1182 1818 exercitus
1205 1778 1244 1818 in
1268 1777 1517 1831 conspectu',
1552 1790 1654 1829 quae

162 1845 202 1884 in
234 1842 342 1884 Scal.
379 1842 469 1884 Cui.
503 1844 611 1884 And.
649 1842 786 1885 Oxou.
817 1846 964 1899 scripta
997 1860 1085 1886 esse
1125 1846 1323 1886 dicuntur.
1384 1843 1486 1884 Tum
1516 1858 1654 1885 neces-

163 1912 268 1952 sario
283 1911 506 1965 ‘ponebant'
521 1919 710 1953 mutatum
734 1920 794 1953 est
815 1913 856 1953 in
871 1915 1093 1967 ‘ponerent'
1107 1914 1169 1955 uel
1194 1913 1403 1967 ‘poneret'.
1428 1911 1565 1954 Verba
1584 1926 1654 1953 au-

164 1987 241 2019 tem
257 1980 472 2033 ‘dispositis
490 1980 806 2034 exploratoribus
820 2006 874 2011 —
889 1982 1154 2022 traducerent'
1169 1981 1426 2035 sequentibus
1443 1980 1650 2030 coniunxi,

165 2048 253 2100 quia
284 2047 356 2087 hoc
387 2049 501 2089 modo
536 2049 811 2103 exploratores
834 2063 857 2089 a
878 2048 1212 2104 Vercingetorige
1235 2049 1446 2103 dispositos
1470 2063 1559 2090 esse
1583 2062 1653 2103 per

163 2129 206 2155 se
229 2116 496 2169 intellegitur3
534 2117 568 2156 si
591 2117 858 2170 superioribus
882 2116 1160 2167 adicerentur,
1186 2124 1225 2158 et
1247 2114 1465 2158 Caesarem
1489 2127 1527 2158 et
1546 2116 1652 2159 Ver-

163 2183 443 2238 cingetorigem
474 2185 512 2225 id
545 2185 688 2226 fecisse
709 2185 1014 2239 intellegendum
1039 2192 1171 2235 esset,
1206 2186 1307 2239 quod
1338 2193 1499 2240 propter
1530 2185 1651 2226 uerba

163 2252 322 2292 ‘necubi
344 2252 484 2293 effecto
506 2259 623 2306 ponte
644 2252 816 2294 Romani
837 2253 969 2307 copias
993 2253 1259 2294 traducerent'
1281 2253 1456 2307 ineptum
1479 2260 1556 2294 est.

273 2318 495 2374 Excipiunt
517 2320 636 2361 haee:
675 2319 862 2374 ‘Itaque,
898 2335 948 2361 ne
978 2321 1017 2361 id
1040 2321 1254 2368 accideret,
1278 2321 1455 2361 siluestri
1477 2321 1564 2360 loco
1587 2334 1651 2360 ca-

162 2387 254 2427 stris
277 2388 414 2440 positis
447 2402 467 2428 e
489 2389 653 2442 regione
686 2389 801 2429 unius
824 2403 958 2429 eornm
983 2389 1183 2442 pontium,
1217 2403 1314 2441 qnos
1337 2388 1651 2444 Vercingetorix

161 2454 441 2495 rescindendos
464 2464 675 2497 curauerat
690 2488 700 2507 ,
735 2464 893 2511 postero
917 2457 978 2497 die
1001 2470 1085 2496 cum
1109 2456 1258 2496 duabus
1280 2457 1500 2511 legionibus
1522 2457 1563 2496 in
1585 2470 1650 2496 oc-

163 2523 266 2563 culto
288 2523 459 2573 restitit,
484 2524 657 2577 reliquas
679 2525 811 2578 copias
835 2539 921 2565 eum
944 2524 1124 2564 omnibus
1145 2524 1433 2578 impedimentis
1448 2554 1458 2573 ,
1492 2531 1534 2564 ut
1556 2537 1649 2564 con-

165 2597 322 2636 suerat,
347 2591 452 2631 misit
474 2592 597 2645 captis
621 2591 850 2644 quibusdam
874 2591 1126 2640 cohortibus,
1161 2591 1216 2630 uti
1239 2605 1427 2633 numerus
1449 2592 1650 2645 legionum

166 2663 346 2698 constare
368 2659 597 2699 uideretur’.
638 2658 772 2700 Verba
796 2661 937 2714 ‘captis
957 2659 1184 2713 quibusdam
1202 2658 1442 2699 cohortibus'
1465 2665 1649 2712 corrupta

166 2735 252 2761 esse
275 2738 408 2765 omnes
431 2727 699 2767 consentiunt.
755 2726 860 2780 Quid
883 2724 1035 2768 Caesar
1056 2727 1281 2782 significare
1304 2727 1498 2777 uoluerit,
1534 2739 1648 2780 aper-

165 2796 243 2829 tum
267 2798 341 2830 est.
375 2791 479 2833 Nam
502 2809 588 2834 eum
611 2809 664 2834 ex
684 2809 759 2835 sex
781 2795 1018 2848 legionibus,
1042 2808 1139 2848 quas
1162 2794 1330 2835 habebat
1351 2793 1440 2845 (34,
1464 2793 1525 2846 2),
1551 2793 1645 2833 duas

164 2858 408 2910 retinuisset,
434 2868 617 2913 quattuor
637 2863 813 2916 reliquae
835 2863 890 2904 ita
912 2863 1086 2904 ordinari
1109 2861 1305 2903 debebant
1319 2892 1329 2909 ,
1367 2868 1409 2901 ut
1429 2875 1501 2902 sex
1523 2859 1646 2914 legio·
