1835 3240
104 555 121 585 Ut

75 890 113 923 10

78 1229 117 1261 15

545 158 730 202 COMM.
757 157 855 201 VIII
878 155 1002 199 CAP.
1030 155 1230 199 12—14.
1626 157 1709 200 469

150 276 400 317 contentione
423 272 630 323 Germani,
653 287 751 325 quos
775 279 980 326 propterea
1005 267 1159 311 Caesar
1182 269 1409 308 traduxerat
1430 268 1627 321 Rhenum,

150 352 193 384 ut
214 341 405 396 equitibus
427 341 649 395 interpositi
673 341 978 395 proeliarentur,
1003 352 1087 378 cum
1100 337 1345 376 constantius
1368 336 1543 377 uniuersi
1568 353 1631 390 pa-

149 412 275 452 ludem
308 409 549 449 transissent
579 409 790 462 paucisque
822 406 1102 447 resistentibus
1133 403 1356 444 interfectis
1396 404 1633 456 pertinacius

151 478 338 531 reliquam
361 477 648 517 multitudinem
671 481 808 515 essent
828 474 1012 523 insecuti,
1038 471 1239 527 perterriti
1263 485 1340 511 non
1355 471 1481 511 solum
1504 471 1546 520 ii,
1571 473 1633 524 qui

153 552 222 586 aut
242 545 460 585 comminus
482 543 804 598 opprimebantur
815 548 883 581 aut
904 542 1056 582 eminus
1071 539 1393 588 uulnerabantur,
1418 539 1486 579 sed
1500 539 1633 588 etiam,

149 613 214 666 qui
244 612 401 666 longius
433 611 643 652 subsidiari
674 616 940 657 consuerant,
977 610 1145 661 turpiter
1176 609 1409 661 refugerunt
1431 620 1503 646 nec
1526 607 1634 659 prius
1657 605 1681 645 3

148 680 265 720 finem
290 681 402 734 fugae
427 681 605 719 fecerunt
626 691 743 731 saepe
767 677 923 717 amissis
946 675 1214 729 superioribus
1239 675 1350 725 locis,
1375 689 1487 728 quam
1503 688 1547 715 se
1568 681 1637 715 aut

150 749 190 788 in
214 755 344 788 castra
365 761 524 788 suorum
552 746 804 799 reciperent,
839 751 907 784 aut
938 743 1114 783 nonnulli
1145 744 1292 796 pudore
1325 743 1450 783 coacti
1479 742 1634 796 longius

150 817 415 870 profugerent.
458 812 635 866 Quorum
659 812 832 867 periculo
855 812 912 852 sic
934 824 1069 851 omnes
1092 810 1228 863 copiae
1251 817 1343 850 sunt
1365 810 1633 864 perturbatae,
1657 810 1683 849 4

146 890 187 922 ut
209 883 277 922 uix
299 882 461 923 iudicari
484 889 644 936 posset,
678 888 810 921 utrum
841 879 1023 920 secundis
1054 877 1303 930 minimisque
1325 878 1440 918 rebus
1462 879 1636 918 insolen—

150 951 288 999 tiores,
315 964 365 990 an
387 950 553 989 aduerso
586 948 773 989 mediocri
797 962 891 988 casu
914 946 1130 987 timidiores
1155 952 1303 985 esseut.
1368 944 1634 1000 Conplurihus
1659 945 1711 990 14

148 1017 282 1057 diebus
306 1018 427 1057 isdem
451 1017 490 1056 in
512 1018 654 1057 eastris
677 1015 916 1069 consumptis
931 1046 941 1064 ,
976 1029 1061 1054 cum
1094 1014 1254 1067 propius
1277 1014 1494 1054 accessisse
1516 1015 1637 1067 legio-

148 1099 217 1125 nes
241 1092 280 1124 et
303 1083 443 1124 Gaium
459 1083 701 1124 Trebonium
725 1084 895 1137 legatum
920 1089 1175 1136 cognossent,
1201 1082 1318 1122 duces
1335 1079 1637 1122 Bellouacorum

151 1152 266 1192 ueriti
288 1153 452 1192 similem
477 1152 750 1193 obsessionem
773 1151 935 1192 Alesiae
958 1157 1077 1190 noctu
1099 1149 1301 1190 dimittunt
1323 1163 1390 1189 eos
1405 1181 1415 1199 ‚
1451 1163 1549 1202 quos
1572 1157 1640 1189 aut

152 1227 283 1260 aetate
305 1227 373 1260 aut
395 1220 543 1260 uiribus
566 1220 776 1260 inferiores
799 1227 866 1259 aut
888 1219 1062 1259 inermes
1086 1218 1296 1267 habebant,
1324 1231 1474 1270 unaque
1488 1217 1639 1270 reliqua

151 1288 440 1341 impedimenta.
498 1286 676 1339 Quorum
708 1287 979 1342 perturbatum
1011 1293 1052 1327 et
1081 1287 1285 1326 confusum
1318 1286 1404 1325 (lum
1438 1285 1640 1338 explicant
1660 1285 1687 1325 2

151 1368 290 1407 agmen
323 1358 489 1408 (magna
522 1355 623 1396 enim
657 1355 861 1395 multitudo
903 1369 1107 1395 carrorum
1140 1354 1257 1394 etiam
1289 1353 1495 1407 expeditos
1527 1353 1640 1406 sequi

151 1423 289 1463 Gallos
313 1423 554 1474 consueuit),
582 1423 758 1476 oppressi
781 1424 866 1462 luce
890 1423 1020 1475 copias
1044 1429 1284 1462 armatorum
1304 1435 1373 1474 pro
1387 1421 1469 1460 suis
1491 1420 1639 1460 instru-

154 1498 223 1529 unt
246 1492 402 1540 castris,
431 1505 479 1531 ne
502 1492 607 1544 prius
632 1490 798 1530 Romani
824 1490 1001 1544 persequi
1024 1504 1067 1530 se
1090 1490 1325 1543 inciperent,
1350 1503 1463 1541 quam
1482 1489 1639 1543 longius

147 1572 287 1610 agmen
320 1559 688 1612 impedimentorum
721 1573 880 1598 suorum
915 1558 1188 1612 processisset.
1252 1558 1304 1597 At
1329 1555 1481 1597 Caesar
1514 1571 1638 1609 neque
1661 1556 1685 1596 3

151 1626 385 1666 resistentes
408 1626 695 1679 adgrediundos
721 1633 828 1666 tanto
851 1627 962 1666 collis
985 1640 1154 1666 ascensu
1178 1625 1390 1674 iudicabat,
1417 1639 1540 1677 neque
1561 1639 1639 1664 non

151 1707 275 1745 usque
297 1707 343 1733 eo
366 1694 541 1748 legiones
563 1694 828 1734 admonendas
843 1726 852 1743 ,
886 1701 929 1733 ut
949 1694 1153 1734 discedere
1177 1708 1226 1733 ex
1251 1708 1297 1732 eo
1321 1693 1406 1732 loco
1430 1693 1515 1732 sine
1539 1694 1640 1745 peri-

151 1761 237 1801 culo
260 1761 415 1801 barbari
439 1761 625 1802 militibus
648 1761 888 1802 instantibus
918 1776 996 1801 non
1019 1768 1194 1814 possent.
1259 1759 1317 1800 Ita
1334 1792 1344 1809 ,
1381 1775 1466 1800 cum
1500 1760 1639 1812 palude
1662 1761 1686 1801 4

154 1829 324 1882 inpedita
346 1843 368 1869 a
391 1829 535 1869 castris
558 1836 686 1869 castra
711 1828 827 1869 diuidi
851 1829 1029 1878 uideret,
1063 1843 1162 1882 quae
1188 1827 1414 1868 transeundi
1439 1828 1640 1868 difficultas

295 1945 316 1975 2
335 1944 508 1986 equitibus
530 1955 598 1976 om.
621 1956 650 1975 e.
807 1944 1001 1986 interpositi
1023 1955 1039 1975 e
1059 1944 1150 1976 And.
1174 1945 1304 1984 0.1·0n.‚
1327 1944 1542 1985 interpositis
1564 1944 1592 1974 B
1610 1947 1646 1974 et

154 1994 297 2035 reliqui.
440 1996 458 2026 3
478 1995 663 2027 transisset
680 1998 762 2026 (mle
781 2006 874 2026 corr.
896 1995 937 2027 B.
1080 1995 1411 2036 resist‹‚›ntibus.40‚
1430 1995 1461 2026 in
1477 1995 1642 2026 resisten-

153 2046 194 2076 do
213 2046 243 2076 B
264 2047 456 2088 ‘mss.fer·e
474 2047 619 2078 omnes'.
759 2047 963 2089 pertinatius
982 2047 1023 2078 B.
1165 2049 1184 2080 4
1205 2048 1324 2089 reliqui
1344 2048 1388 2078 D.
1531 2048 1549 2079 6
1563 2059 1640 2079 eon-

153 2102 295 2128 suerant
313 2097 342 2128 B
357 2098 440 2137 CD,
461 2103 715 2130 consueuerant
735 2109 769 2129 u.
957 2098 977 2129 8
998 2098 1158 2129 nonnullo
1181 2099 1220 2130 C.
1403 2099 1530 2140 pudore
1554 2100 1611 2130 Ba
1626 2111 1641 2130 e

156 2149 251 2178 ‘mss.
273 2149 414 2188 omnes-¹,
438 2160 562 2191 pauore
582 2160 615 2181 υ.
728 2149 860 2190 longius
875 2149 1115 2189 effugerentA.
1229 2150 1268 2181 10
1288 2150 1441 2180 iudicare
1454 2150 1495 2181 B.

153 2199 367 2241 minimisque
395 2200 467 2231 AB
488 2201 678 2233 ‘mstormn
701 2201 846 2240 {urba'5
876 2200 1097 2243 paruulisque
1119 2200 1220 2237 bod,
1253 2200 1407 2242 paruulis
1434 2211 1454 2231 (ι
1467 2211 1496 2231 e.

158 2250 191 2282 ll
215 2251 362 2282 aduerso
382 2252 543 2284 mediocri
564 2263 645 2284 casu
665 2253 735 2284 AB
755 2252 939 2294 ‘relz'qul‘',·
962 2252 1118 2283 aduersis
1137 2253 1365 2284 mediocribus
1385 2257 1461 2293 eet,
1482 2256 1546 2295 qui
1562 2264 1643 2285 casu

156 2302 270 2342 adast,
293 2303 324 2333 b.
465 2304 685 2346 conpluribus
706 2304 747 2335 B.
889 2304 930 2335 12
950 2304 1080 2334 hisdem
1100 2303 1141 2344 B,
1163 2304 1281 2335 iisdem
1302 2314 1336 2335 u.
1496 2305 1528 2336 in
1550 2305 1642 2337 Ami.

159 2352 271 2384 Ort-on.
293 2352 396 2385 Voss.
417 2364 500 2393 sec„
523 2365 592 2385 om.
612 2354 756 2394 reliqui.
922 2354 1075 2396 proprius
1094 2355 1136 2386 B.
1289 2355 1327 2387 13
1347 2354 1466 2387 Gaium
1485 2356 1526 2395 B,
1548 2356 1584 2388 C.
1606 2367 1640 2387 u.

300 2410 504 2444 cognossent
522 2406 553 2436 A
571 2409 606 2436 et
623 2416 669 2437 m.
687 2415 744 2445 pr.
765 2405 808 2435 B.
955 2406 991 2437 14
1011 2405 1219 2437 obsidionem
1242 2407 1273 2438 b.
1431 2408 1467 2438 18
1489 2417 1546 2449 pro
1566 2408 1644 2439 cod.

162 2456 357 2497 ciacconii,
380 2457 411 2488 in
431 2457 578 2498 reliqui.
749 2456 792 2489 ⁴20
811 2457 1065 2498 processissent
1085 2458 1125 2489 C.
1313 2464 1346 2489 at
1366 2469 1434 2489 om.
1457 2460 1498 2490 A.

159 2505 288 2538 Caesar
306 2518 414 2550 neque
436 2508 635 2539 resistentes
654 2507 903 2548 aggrediendos
924 2512 1018 2539 tanto
1045 2508 1144 2539 collis
1165 2519 1308 2540 ascensu
1329 2509 1504 2541 iudicabat
1521 2510 1594 2542 AB
1612 2514 1646 2541 et

161 2558 312 2599 reliqm'5
333 2559 461 2590 Caesar
480 2570 589 2601 neque
610 2559 815 2590 resistentes
837 2569 944 2600 neque
962 2560 1124 2590 cedentes
1144 2564 1239 2590 tanto
1259 2560 1358 2592 collis
1372 2571 1516 2592 ascensu
1538 2562 1645 2593 laces-

160 2611 284 2641 sendos
319 2611 490 2643 iudicabat
519 2612 598 2643 bde
624 2611 900 2651 (aggrediundos
930 2611 1046 2643 ACD
1077 2615 1111 2642 et
1148 2612 1400 2651 adgrediundos
1428 2613 1458 2644 B
1485 2613 1645 2654 ide-mque

160 2663 331 2700 ascensu).
472 2665 517 2697 22
534 2675 574 2696 ex
594 2664 669 2695 loco
689 2675 705 2694 e
725 2663 817 2695 And.
841 2664 957 2695 Oneon.
1100 2664 1143 2697 23
1163 2674 1236 2695 cum
1256 2674 1325 2695 om.
1339 2665 1409 2695 Ae.
1552 2665 1646 2706 palu-

160 2714 199 2744 de
219 2713 379 2754 impedita
400 2714 515 2754 codd„
538 2715 692 2757 paludem
714 2715 908 2756 impeditam
929 2725 950 2745 n
970 2714 1138 2757 (inpedita
1156 2715 1217 2757 B).
1420 2717 1460 2746 24
1481 2726 1497 2745 a
1519 2716 1642 2747 castris

160 2762 290 2804 castra]
312 2767 426 2795 castra
446 2766 570 2797 castris
589 2766 804 2797 dimitterent
820 2777 840 2797 a
860 2769 905 2805 et,
928 2767 992 2807 qni
1009 2766 1217 2807 castrisque,
1239 2777 1267 2796 e.
1426 2765 1530 2795 diuidi
1551 2765 1644 2795 uide-

162 2819 213 2845 ret
232 2824 316 2854 (Ἧι),-
338 2814 414 2845 (111111
435 2815 605 2847 diuideret
622 2816 690 2856 Be,
712 2816 788 2848 dum
809 2817 1026 2849 diuideretur
1043 2826 1076 2856 α,
1099 2817 1175 2848 dum
1195 2816 1328 2848 uideret
1346 2817 1395 2856 A,
1426 2815 1597 2847 diuideret
1617 2818 1644 2847 C

160 2866 222 2896 Db
237 2866 310 2904 σάς
330 2865 485 2896 diuidere
506 2876 539 2896 u.
558 2865 597 2897 P.
621 2865 697 2897 115.
