1835 3240
715 172 1111 213 „agg-—

166 288 317 329 initium
339 287 430 328 belli
453 299 540 327 csse
562 285 740 339 ortum’),
768 286 996 340 ‘principem
1019 286 1182 326 sceleris
1197 286 1302 326 illius
1317 292 1355 326 et
1371 286 1649 326 concitatorem

167 357 260 398 belli
294 354 554 397 Gutruatum'
595 354 642 394 ad
675 353 905 407 supplicium
938 351 1152 393 Caesarem
1187 354 1462 407 depoposcisse
1501 355 1649 394 refert:

166 425 346 477 idemque
368 437 509 463 nomen
533 422 676 461 iterum
699 422 811 474 paulo
834 427 922 473 post
943 420 1128 473 scriptum
1153 429 1227 460 est.
1275 421 1371 461 Non
1400 428 1554 474 poterat
1584 435 1652 460 au-

166 499 244 532 tem
267 491 376 540 fieri,
411 497 453 530 ut
484 498 549 529 aut
582 488 737 528 Hirtius
768 487 807 525 in
838 487 996 526 nomine
1028 488 1195 527 hominis
1219 496 1387 538 erraret,
1413 496 1479 528 aut
1501 485 1654 528 Caesar

166 574 276 606 eum,
310 559 373 612 qui
407 558 628 597 concitator
657 555 748 595 belli
778 562 817 594 ct
839 562 977 593 auctor
1001 554 1165 601 fuisset,
1200 561 1366 594 taceret.
1413 554 1469 594 Et
1499 556 1650 596 etiamsi

166 628 238 667 1106
271 626 576 667 concederemus
600 630 639 663 et
680 622 737 662 sic
779 629 954 662 statuere
987 621 1191 670 uellemus,
1229 619 1466 661 Gutruatum
1498 623 1651 675 quidem

165 702 365 735 auctorem
399 690 626 732 rebellionis
659 689 807 738 fuisse,
842 686 1056 728 Cotuatum
1090 695 1218 728 autem
1250 695 1289 728 et
1320 686 1652 730 Conetodunnum

163 761 308 816 primos
331 773 440 800 arma.
462 758 637 811 cepisse,
672 770 721 796 ne
752 757 825 796 1106
848 756 1000 810 quidem
1024 755 1145 796 Hirtii
1177 756 1297 797 uerba
1326 757 1556 810 patiuntur,
1587 757 1652 809 qui

164 827 399 869 Gutruatum
423 825 635 879 principem
659 824 823 864 sceleris
845 823 949 864 illius
970 823 1154 877 appellat.
1197 822 1335 877 Itaque
1356 831 1464 865 recte
1487 821 1652 865 Ciacco-

165 896 256 937 nius
280 894 500 935 etVossius
524 893 709 932 uidentur
730 891 919 932 statuisse
933 888 1148 931 Cotuatum
1171 898 1209 931 et
1224 890 1460 932 Gutruatum
1484 892 1649 933 eundem

162 963 356 1003 hominem
389 975 477 1002 esse
507 973 725 1013 nomenque
760 960 882 1000 altero
914 966 1002 999 utro
1031 958 1116 999 loco
1149 973 1170 999 a
1193 959 1364 1000 librariis
1395 973 1484 1000 esse
1515 974 1651 1000 corru-

162 1037 283 1084 ptum.
312 1028 446 1082 Atque
468 1027 560 1068 mihi
581 1035 621 1067 et
642 1027 793 1081 plenior
814 1026 982 1066 nominis
1006 1027 1131 1066 forma
1154 1034 1207 1075 et,
1233 1027 1333 1082 quod
1356 1028 1455 1081 apud
1477 1027 1650 1067 Hirtium

159 1097 220 1138 bis
252 1097 418 1152 legitur,
452 1096 664 1150 persuadet
694 1109 837 1135 nomen
867 1094 903 1135 ei
932 1093 1079 1134 homini
1110 1094 1234 1135 fuisse
1265 1093 1478 1135 Gutruato.
1533 1093 1649 1147 Quod

160 1173 289 1206 autem
325 1163 636 1206 Conetodunnus
665 1162 713 1202 ab
735 1161 866 1202 Hirtio
889 1176 967 1202 non
990 1170 1333 1212 commemoratur,
1358 1163 1510 1203 facilem
1534 1163 1651 1203 habet

160 1231 479 1287 explicationem,
506 1237 547 1271 ut
568 1244 654 1271 eum
676 1237 744 1271 aut
763 1230 804 1270 in
825 1229 928 1271 bello
950 1229 1144 1270 occidisse
1165 1237 1232 1270 aut
1253 1231 1344 1284 fuga
1365 1231 1537 1285 elapsum
1560 1243 1650 1271 esse

160 1307 392 1341 statuamus.
1122 1312 1125 1313 ⁷

272 1365 322 1408 C,
346 1367 388 1418 4,
412 1367 438 1409 2
466 1367 622 1408 restitui
654 1367 829 1408 codicum
859 1368 1094 1421 scripturam
1136 1363 1326 1421 ‘Cognito
1369 1365 1453 1406 eius
1484 1365 1648 1406 consilio

158 1436 206 1477 ad
237 1449 346 1476 arma
375 1435 642 1476 concurritur.
697 1434 936 1475 Prohibetur
965 1434 1012 1474 ab
1045 1432 1365 1483 Gobannitione,
1397 1440 1535 1486 patruo
1557 1447 1646 1482 suo,

155 1502 393 1556 reliquisque
414 1503 672 1557 principibus,
698 1503 762 1557 qui
786 1503 885 1542 hanc
909 1502 1171 1555 temptandam
1195 1503 1390 1542 fortunam
1409 1515 1488 1541 non
1506 1501 1646 1541 existi-

156 1571 336 1620 mabant,
371 1571 587 1624 expellitur
615 1585 667 1610 ex
699 1570 838 1623 oppido
871 1568 1102 1622 Gergouia'.
1166 1567 1341 1609 Verbum
1381 1568 1647 1622 ‘prohibetur’

152 1639 279 1679 Aldus
311 1639 429 1678 eiecit.
457 1639 632 1678 codicem
665 1644 825 1677 secutus
857 1636 1004 1676 Andini
1036 1643 1074 1676 et
1105 1633 1350 1675 oxoniensis
1380 1635 1571 1683 similem,
1607 1636 1647 1676 in

156 1707 297 1760 quibus
319 1720 396 1745 non
419 1706 579 1759 legitur.
613 1704 741 1745 Recte
763 1703 953 1744 Dauisius
977 1703 1205 1742 reduxerat.
1239 1701 1342 1743 Nam
1367 1704 1466 1755 quod
1486 1701 1647 1743 Ouden÷

156 1774 292 1827 dorpio
315 1774 402 1813 ideo
426 1773 629 1813 delendum
655 1772 779 1812 uisum
803 1777 886 1820 est⁷
922 1771 1022 1823 quod
1045 1770 1243 1823 prohiberi
1265 1770 1404 1823 aliquis
1427 1784 1449 1809 a
1471 1768 1648 1811 Caesare

155 1856 235 1882 non
257 1842 456 1882 diceretur
476 1840 552 1880 nisi
575 1840 728 1880 adiecta
749 1853 807 1887 re,
833 1853 855 1877 a
876 1852 949 1891 qua
972 1836 1189 1890 prohibitus
1212 1845 1331 1884 esset,
1357 1838 1415 1877 his
1438 1838 1534 1878 locis
1558 1839 1644 1878 red-

155 1909 354 1963 arguitur:
387 1909 426 1948 b.
462 1906 567 1948 Gall.
601 1905 635 1957 Ι,
659 1907 700 1957 (i,
730 1908 766 1947 l.
792 1904 866 1956 111,
891 1904 933 1956 6,
959 1907 999 1946 3.
1025 1904 1078 1955 V,
1102 1905 1144 1955 9,
1169 1904 1207 1945 3.
1230 1905 1268 1944 b.
1296 1905 1371 1945 eiu.
1399 1903 1430 1956 Ι,
1456 1903 1510 1945 (35
1534 1913 1640 1949 extr.

154 1975 231 2025 III,
254 1976 308 2019 23
331 1983 434 2016 extr.
456 1975 527 2026 25,
551 1975 593 2015 2.

267 2041 316 2085 C.
333 2044 385 2084 12
407 2045 460 2084 in.
486 2044 525 2084 in
546 2043 712 2097 integris
736 2043 847 2083 codd.
864 2042 960 2082 haec
982 2041 1191 2094 leguntur:
1209 2040 1551 2095 ‘Vercingetorix‚
1578 2041 1644 2081 ubi

153 2113 200 2153 de
223 2110 410 2153 Caesaris
432 2113 605 2152 aduentu
628 2111 829 2165 cognouit,
863 2110 1153 2164 oppugnatione
1175 2109 1325 2150 destitit
1347 2116 1462 2162 atque
1485 2108 1640 2149 obuiam

154 2179 319 2222 Caesari
351 2180 626 2234 proficiscitur.
679 2177 750 2219 Ille
779 2179 961 2233 oppidum
992 2191 1216 2231 oppugnare
1255 2177 1509 2217 instituerat'.
1564 2173 1644 2216 Sed

153 2249 250 2290 haec
281 2262 420 2293 manca
451 2261 539 2288 esse
568 2261 619 2288 ex
648 2247 696 2288 iis
730 2254 914 2301 apparet,
947 2260 1045 2300 quae
1066 2245 1180 2285 initio
1203 2259 1238 2285 c.
1265 2243 1319 2284 14
1344 2244 1492 2297 scripta
1522 2249 1638 2283 sunt:

155 2315 485 2370 ‘Vercingetorix
518 2322 575 2355 tot
607 2315 803 2355 continuis
834 2314 1091 2354 incommodis
1114 2310 1432 2361 Vellaunoduni,
1468 2309 1639 2360 Genabi,

152 2383 383 2426 Nouioduni
405 2383 606 2436 acceptis'.
639 2381 744 2423 Nam
755 2381 1037 2422 Nouiodunum
1061 2388 1100 2422 et
1121 2381 1333 2421 seeundum
1358 2380 1452 2420 haec
1475 2391 1640 2418 necesse

152 2458 239 2492 erat
269 2458 386 2491 antea
417 2451 716 2491 commemorari
748 2464 876 2503 neque
907 2457 1061 2503 poterat
1091 2448 1167 2489 alio
1199 2449 1285 2488 loco
1318 2447 1394 2486 nisi
1422 2460 1485 2495 60,
1524 2459 1638 2498 quem

152 2533 271 2573 supra
301 2518 430 2572 posui.
482 2517 615 2574 Atque
648 2518 699 2557 ibi
730 2517 870 2557 lacuna
898 2517 1144 2570 integrorum
1177 2515 1288 2555 codd.
1315 2528 1367 2554 ex
1387 2513 1636 2566 interpolatis

150 2587 208 2627 sic
240 2587 446 2640 expletur:
483 2583 571 2624 ‘Ille
603 2585 782 2638 oppidum
813 2583 1037 2637 Biturigum
1069 2583 1236 2635 positum
1265 2582 1306 2621 in
1335 2580 1399 2621 uia
1429 2579 1637 2621 Nouiodu-

150 2669 242 2695 num
264 2667 489 2709 oppugnare
510 2651 769 2701 iustituerat',
801 2665 898 2703 quae
930 2652 964 2691 si
986 2664 1006 2690 a
1037 2648 1213 2691 Caesare
1244 2649 1390 2702 scripta
1423 2649 1634 2700 credimus,

151 2737 297 2769 causa,
341 2736 411 2761 cur
446 2722 485 2761 in
525 2720 690 2773 integris
731 2720 844 2759 codd.
886 2719 1112 2759 aberratum
1142 2717 1217 2768 sit,
1261 2726 1434 2770 apparet.
1483 2716 1635 2758 Verum

150 2789 467 2844 Oudendorpius‚
493 2803 579 2829 cum
603 2802 637 2828 6.
655 2786 706 2827 55
722 2787 801 2827 11111.
828 2787 915 2827 libri
939 2787 1034 2826 haec
1056 2785 1305 2840 legerentur:
1335 2783 1634 2824 ‘Nouiodunum

151 2865 236 2901 erat
266 2857 445 2917 oppidum
477 2856 728 2898 Haeduorum
758 2855 804 2896 ad
837 2854 941 2909 ripas
972 2853 1131 2908 Ligeris
1163 2860 1383 2908 opportuno
1412 2852 1498 2894 loco
1531 2851 1636 2907 posi-,
