<?xml version="1.0" encoding="UTF-8"?>
<!DOCTYPE html PUBLIC "-//W3C//DTD XHTML 1.0 Transitional//EN"
    "http://www.w3.org/TR/xhtml1/DTD/xhtml1-transitional.dtd">
<html xmlns="http://www.w3.org/1999/xhtml" xml:lang="en" lang="en">
 <head>
  <title>
</title>
<meta http-equiv="Content-Type" content="text/html;charset=utf-8" />
  <meta name='ocr-system' content='tesseract 3.04.00' />
  <meta name='ocr-capabilities' content='ocr_page ocr_carea ocr_par ocr_line ocrx_word'/>
</head>
<body>
  <div class='ocr_page' id='page_1' title='image "./commentarii00caesuoft_0191.png"; bbox 0 0 1835 3240; ppageno 0'>
   <div class='ocr_carea' id='block_1_1' title="bbox 677 180 1104 221">
    <p class='ocr_par' dir='ltr' id='par_1_1' title="bbox 677 180 1104 221">
     <span class='ocr_line' id='line_1_1' title="bbox 677 180 1104 221; baseline 0 0"><span class='ocrx_word' id='word_1_1' title='bbox 677 206 787 212; x_wconf 92' lang='lat'>——-</span> <span class='ocrx_word' id='word_1_2' title='bbox 854 180 930 221; x_wconf 67' lang='lat' dir='ltr'>tat</span> <span class='ocrx_word' id='word_1_3' title='bbox 993 205 1104 212; x_wconf 82' lang='lat'>————-</span> 
     </span>
    </p>
   </div>
   <div class='ocr_carea' id='block_1_2' title="bbox 127 295 1627 2932">
    <p class='ocr_par' dir='ltr' id='par_1_2' title="bbox 127 295 1627 2710">
     <span class='ocr_line' id='line_1_2' title="bbox 138 295 1625 350; baseline 0.001 -12"><span class='ocrx_word' id='word_1_4' title='bbox 138 295 321 338; x_wconf 72' lang='lat' dir='ltr'>dimissis&#39;</span> <span class='ocrx_word' id='word_1_5' title='bbox 354 295 499 334; x_wconf 87' lang='lat' dir='ltr'>nullam</span> <span class='ocrx_word' id='word_1_6' title='bbox 529 295 725 347; x_wconf 85' lang='lat' dir='ltr'>recipiunt</span> <span class='ocrx_word' id='word_1_7' title='bbox 758 295 1003 348; x_wconf 78' lang='lat' dir='ltr'>corruptelae</span> <span class='ocrx_word' id='word_1_8' title='bbox 1036 295 1316 349; x_wconf 83' lang='lat' dir='ltr'><strong>suspicionem.</strong></span> <span class='ocrx_word' id='word_1_9' title='bbox 1360 296 1498 350; x_wconf 90' lang='lat' dir='ltr'>Itaque</span> <span class='ocrx_word' id='word_1_10' title='bbox 1531 300 1625 340; x_wconf 85' lang='lat' dir='ltr'>haee</span> 
     </span>
     <span class='ocr_line' id='line_1_3' title="bbox 136 363 1625 417; baseline 0.002 -13"><span class='ocrx_word' id='word_1_11' title='bbox 136 364 324 417; x_wconf 79' lang='lat' dir='ltr'>magistro</span> <span class='ocrx_word' id='word_1_12' title='bbox 348 363 551 402; x_wconf 85' lang='lat' dir='ltr'>tribuenda</span> <span class='ocrx_word' id='word_1_13' title='bbox 575 369 682 412; x_wconf 85' lang='lat' dir='ltr'>sunt,</span> <span class='ocrx_word' id='word_1_14' title='bbox 707 363 773 415; x_wconf 91' lang='lat' dir='ltr'>qui</span> <span class='ocrx_word' id='word_1_15' title='bbox 795 363 977 402; x_wconf 88' lang='lat' dir='ltr'>dimissos</span> <span class='ocrx_word' id='word_1_16' title='bbox 999 376 1122 415; x_wconf 88' lang='lat' dir='ltr'>equos</span> <span class='ocrx_word' id='word_1_17' title='bbox 1146 377 1222 403; x_wconf 93' lang='lat' dir='ltr'>non</span> <span class='ocrx_word' id='word_1_18' title='bbox 1245 364 1330 404; x_wconf 90' lang='lat' dir='ltr'>sine</span> <span class='ocrx_word' id='word_1_19' title='bbox 1352 365 1548 406; x_wconf 88' lang='lat' dir='ltr'>schemate</span> <span class='ocrx_word' id='word_1_20' title='bbox 1567 368 1625 407; x_wconf 90' lang='lat' dir='ltr'>in-</span> 
     </span>
     <span class='ocr_line' id='line_1_4' title="bbox 136 428 1624 485; baseline 0.001 -13"><span class='ocrx_word' id='word_1_21' title='bbox 136 431 368 484; x_wconf 82' lang='lat' dir='ltr'>terpolauit,</span> <span class='ocrx_word' id='word_1_22' title='bbox 405 445 489 470; x_wconf 86' lang='lat' dir='ltr'>cum</span> <span class='ocrx_word' id='word_1_23' title='bbox 515 431 612 471; x_wconf 88' lang='lat' dir='ltr'>alios</span> <span class='ocrx_word' id='word_1_24' title='bbox 636 431 750 485; x_wconf 83' lang='lat' dir='ltr'>sigua</span> <span class='ocrx_word' id='word_1_25' title='bbox 772 430 969 471; x_wconf 84' lang='lat' dir='ltr'>dimisisse</span> <span class='ocrx_word' id='word_1_26' title='bbox 990 430 1170 484; x_wconf 83' lang='lat' dir='ltr'>legisset.</span> <span class='ocrx_word' id='word_1_27' title='bbox 1217 428 1405 472; x_wconf 88' lang='lat' dir='ltr'>Ceterum</span> <span class='ocrx_word' id='word_1_28' title='bbox 1428 432 1466 472; x_wconf 86' lang='lat' dir='ltr'>in</span> <span class='ocrx_word' id='word_1_29' title='bbox 1490 434 1624 484; x_wconf 86' lang='lat' dir='ltr'>codd.,</span> 
     </span>
     <span class='ocr_line' id='line_1_5' title="bbox 135 499 1623 552; baseline 0.001 -13"><span class='ocrx_word' id='word_1_30' title='bbox 135 501 181 539; x_wconf 85' lang='lat' dir='ltr'>de</span> <span class='ocrx_word' id='word_1_31' title='bbox 203 499 341 552; x_wconf 89' lang='lat' dir='ltr'>quibus</span> <span class='ocrx_word' id='word_1_32' title='bbox 365 506 536 548; x_wconf 86' lang='lat' dir='ltr'>constat,</span> <span class='ocrx_word' id='word_1_33' title='bbox 562 500 747 552; x_wconf 84' lang='lat' dir='ltr'>scriptum</span> <span class='ocrx_word' id='word_1_34' title='bbox 772 506 832 539; x_wconf 91' lang='lat' dir='ltr'>est</span> <span class='ocrx_word' id='word_1_35' title='bbox 857 504 867 523; x_wconf 69' lang='lat'>⁶</span> <span class='ocrx_word' id='word_1_36' title='bbox 884 500 1180 552; x_wconf 79' lang='lat' dir='ltr'>confugerent&#39;,</span> <span class='ocrx_word' id='word_1_37' title='bbox 1218 514 1294 539; x_wconf 87' lang='lat' dir='ltr'>non</span> <span class='ocrx_word' id='word_1_38' title='bbox 1327 501 1623 541; x_wconf 69' lang='lat' dir='ltr'>‘conficerent&#39;.</span> 
     </span>
     <span class='ocr_line' id='line_1_6' title="bbox 134 565 1624 621; baseline 0.001 -15"><span class='ocrx_word' id='word_1_39' title='bbox 134 566 229 607; x_wconf 91' lang='lat' dir='ltr'>Inde</span> <span class='ocrx_word' id='word_1_40' title='bbox 262 567 372 607; x_wconf 77' lang='lat' dir='ltr'>effeci</span> <span class='ocrx_word' id='word_1_41' title='bbox 404 568 494 607; x_wconf 80' lang='lat' dir='ltr'>‘alii</span> <span class='ocrx_word' id='word_1_42' title='bbox 523 567 687 607; x_wconf 86' lang='lat' dir='ltr'>eundem</span> <span class='ocrx_word' id='word_1_43' title='bbox 712 582 868 607; x_wconf 80' lang='lat' dir='ltr'>cursum</span> <span class='ocrx_word' id='word_1_44' title='bbox 901 567 1219 619; x_wconf 76' lang='lat' dir='ltr'>coniungerent&#39;.</span> <span class='ocrx_word' id='word_1_45' title='bbox 1265 565 1376 620; x_wconf 82' lang='lat' dir='ltr'>Quae</span> <span class='ocrx_word' id='word_1_46' title='bbox 1405 568 1624 621; x_wconf 82' lang='lat' dir='ltr'>excipiunt,</span> 
     </span>
     <span class='ocr_line' id='line_1_7' title="bbox 135 634 1626 688; baseline 0.002 -15"><span class='ocrx_word' id='word_1_47' title='bbox 135 635 192 674; x_wconf 81' lang='lat' dir='ltr'>sic</span> <span class='ocrx_word' id='word_1_48' title='bbox 215 635 452 674; x_wconf 73' lang='lat' dir='ltr'><strong>edebantur:</strong></span> <span class='ocrx_word' id='word_1_49' title='bbox 490 634 578 675; x_wconf 68' lang='lat' dir='ltr'>‘tiis</span> <span class='ocrx_word' id='word_1_50' title='bbox 610 635 729 674; x_wconf 87' lang='lat' dir='ltr'>tantis</span> <span class='ocrx_word' id='word_1_51' title='bbox 762 635 875 674; x_wconf 89' lang='lat' dir='ltr'>malis</span> <span class='ocrx_word' id='word_1_52' title='bbox 900 635 996 674; x_wconf 87' lang='lat' dir='ltr'>haec</span> <span class='ocrx_word' id='word_1_53' title='bbox 1018 634 1191 674; x_wconf 89' lang='lat' dir='ltr'>subsidia</span> <span class='ocrx_word' id='word_1_54' title='bbox 1215 635 1516 685; x_wconf 73' lang='lat' dir='ltr'>succurrebant,</span> <span class='ocrx_word' id='word_1_55' title='bbox 1552 650 1626 688; x_wconf 91' lang='lat' dir='ltr'>quo</span> 
     </span>
     <span class='ocr_line' id='line_1_8' title="bbox 133 700 1626 756; baseline 0.002 -15"><span class='ocrx_word' id='word_1_56' title='bbox 133 703 261 742; x_wconf 82' lang='lat' dir='ltr'>minus</span> <span class='ocrx_word' id='word_1_57' title='bbox 290 704 416 742; x_wconf 88' lang='lat' dir='ltr'>omnis</span> <span class='ocrx_word' id='word_1_58' title='bbox 449 702 647 742; x_wconf 82' lang='lat' dir='ltr'>deleretur</span> <span class='ocrx_word' id='word_1_59' title='bbox 678 703 878 743; x_wconf 82' lang='lat' dir='ltr'>exercitus</span> <span class='ocrx_word' id='word_1_60' title='bbox 895 734 904 752; x_wconf 83' lang='lat'>,</span> <span class='ocrx_word' id='word_1_61' title='bbox 943 703 1043 755; x_wconf 89' lang='lat' dir='ltr'>quod</span> <span class='ocrx_word' id='word_1_62' title='bbox 1064 700 1275 756; x_wconf 86' lang='lat' dir='ltr'>Pompeius</span> <span class='ocrx_word' id='word_1_63' title='bbox 1297 703 1460 744; x_wconf 88' lang='lat' dir='ltr'>insidias</span> <span class='ocrx_word' id='word_1_64' title='bbox 1485 703 1626 744; x_wconf 85' lang='lat' dir='ltr'>timens</span> 
     </span>
     <span class='ocr_line' id='line_1_9' title="bbox 133 770 1627 825; baseline 0.002 -16"><span class='ocrx_word' id='word_1_65' title='bbox 133 771 286 820; x_wconf 78' lang='lat' dir='ltr'>(credo,</span> <span class='ocrx_word' id='word_1_66' title='bbox 313 770 411 823; x_wconf 92' lang='lat' dir='ltr'>quod</span> <span class='ocrx_word' id='word_1_67' title='bbox 437 771 531 811; x_wconf 83' lang='lat' dir='ltr'>baec</span> <span class='ocrx_word' id='word_1_68' title='bbox 554 777 712 824; x_wconf 89' lang='lat' dir='ltr'>praeter</span> <span class='ocrx_word' id='word_1_69' title='bbox 733 785 839 823; x_wconf 85' lang='lat' dir='ltr'>spem</span> <span class='ocrx_word' id='word_1_70' title='bbox 863 770 1089 810; x_wconf 83' lang='lat' dir='ltr'>acciderant</span> <span class='ocrx_word' id='word_1_71' title='bbox 1110 771 1211 820; x_wconf 88' lang='lat' dir='ltr'>eius,</span> <span class='ocrx_word' id='word_1_72' title='bbox 1237 771 1300 823; x_wconf 90' lang='lat' dir='ltr'>qui</span> <span class='ocrx_word' id='word_1_73' title='bbox 1324 771 1438 825; x_wconf 90' lang='lat' dir='ltr'>paulo</span> <span class='ocrx_word' id='word_1_74' title='bbox 1461 778 1552 812; x_wconf 88' lang='lat' dir='ltr'>ante</span> <span class='ocrx_word' id='word_1_75' title='bbox 1574 786 1627 812; x_wconf 83' lang='lat' dir='ltr'>ex</span> 
     </span>
     <span class='ocr_line' id='line_1_10' title="bbox 133 838 1626 893; baseline 0.003 -17"><span class='ocrx_word' id='word_1_76' title='bbox 133 838 274 878; x_wconf 77' lang='lat' dir='ltr'>castris</span> <span class='ocrx_word' id='word_1_77' title='bbox 307 838 503 890; x_wconf 83' lang='lat' dir='ltr'>fugientes</span> <span class='ocrx_word' id='word_1_78' title='bbox 536 852 629 878; x_wconf 88' lang='lat' dir='ltr'>suos</span> <span class='ocrx_word' id='word_1_79' title='bbox 662 845 955 891; x_wconf 73' lang='lat' dir='ltr'>conspexerat)</span> <span class='ocrx_word' id='word_1_80' title='bbox 992 838 1274 879; x_wconf 80' lang='lat' dir='ltr'>munitionibus</span> <span class='ocrx_word' id='word_1_81' title='bbox 1312 840 1626 893; x_wconf 88' lang='lat' dir='ltr'>appropinquare</span> 
     </span>
     <span class='ocr_line' id='line_1_11' title="bbox 132 905 1626 960; baseline 0.003 -16"><span class='ocrx_word' id='word_1_82' title='bbox 132 905 367 957; x_wconf 80' lang='lat' dir='ltr'>aliquamdiu</span> <span class='ocrx_word' id='word_1_83' title='bbox 391 920 468 945; x_wconf 89' lang='lat' dir='ltr'>non</span> <span class='ocrx_word' id='word_1_84' title='bbox 491 905 673 955; x_wconf 83' lang='lat' dir='ltr'>audebat,</span> <span class='ocrx_word' id='word_1_85' title='bbox 699 907 929 959; x_wconf 83' lang='lat' dir='ltr'>equitesque</span> <span class='ocrx_word' id='word_1_86' title='bbox 951 906 1034 945; x_wconf 86' lang='lat' dir='ltr'>eius</span> <span class='ocrx_word' id='word_1_87' title='bbox 1057 907 1250 960; x_wconf 86' lang='lat' dir='ltr'>angustiis</span> <span class='ocrx_word' id='word_1_88' title='bbox 1264 907 1466 960; x_wconf 88' lang='lat' dir='ltr'>portisque</span> <span class='ocrx_word' id='word_1_89' title='bbox 1488 922 1508 948; x_wconf 89' lang='lat' dir='ltr'>a</span> <span class='ocrx_word' id='word_1_90' title='bbox 1523 905 1626 948; x_wconf 85' lang='lat' dir='ltr'>Cae-</span> 
     </span>
     <span class='ocr_line' id='line_1_12' title="bbox 132 973 1626 1029; baseline 0.003 -17"><span class='ocrx_word' id='word_1_91' title='bbox 132 974 234 1012; x_wconf 80' lang='lat' dir='ltr'>saris</span> <span class='ocrx_word' id='word_1_92' title='bbox 256 973 444 1013; x_wconf 88' lang='lat' dir='ltr'>militibus</span> <span class='ocrx_word' id='word_1_93' title='bbox 469 975 668 1027; x_wconf 82' lang='lat' dir='ltr'>occupatis</span> <span class='ocrx_word' id='word_1_94' title='bbox 692 975 738 1013; x_wconf 88' lang='lat' dir='ltr'>ad</span> <span class='ocrx_word' id='word_1_95' title='bbox 761 974 1045 1027; x_wconf 87' lang='lat' dir='ltr'>insequendum</span> <span class='ocrx_word' id='word_1_96' title='bbox 1069 974 1343 1014; x_wconf 78' lang='lat' dir='ltr'>tardabantur.</span> <span class='ocrx_word' id='word_1_97' title='bbox 1387 973 1448 1015; x_wconf 90' lang='lat' dir='ltr'>Ita</span> <span class='ocrx_word' id='word_1_98' title='bbox 1479 989 1626 1029; x_wconf 89' lang='lat' dir='ltr'>paruae</span> 
     </span>
     <span class='ocr_line' id='line_1_13' title="bbox 133 1042 1625 1096; baseline 0.002 -16"><span class='ocrx_word' id='word_1_99' title='bbox 133 1055 197 1080; x_wconf 86' lang='lat' dir='ltr'>res</span> <span class='ocrx_word' id='word_1_100' title='bbox 220 1055 399 1094; x_wconf 82' lang='lat' dir='ltr'>magnum</span> <span class='ocrx_word' id='word_1_101' title='bbox 422 1043 462 1081; x_wconf 92' lang='lat' dir='ltr'>in</span> <span class='ocrx_word' id='word_1_102' title='bbox 485 1049 691 1095; x_wconf 86' lang='lat' dir='ltr'>utramque</span> <span class='ocrx_word' id='word_1_103' title='bbox 713 1050 861 1096; x_wconf 82' lang='lat' dir='ltr'>partem</span> <span class='ocrx_word' id='word_1_104' title='bbox 886 1049 1123 1082; x_wconf 81' lang='lat' dir='ltr'>momentum</span> <span class='ocrx_word' id='word_1_105' title='bbox 1158 1042 1392 1082; x_wconf 86' lang='lat' dir='ltr'>babuerunt.</span> <span class='ocrx_word' id='word_1_106' title='bbox 1434 1042 1625 1083; x_wconf 87' lang='lat' dir='ltr'>Munitio-</span> 
     </span>
     <span class='ocr_line' id='line_1_14' title="bbox 132 1109 1625 1164; baseline 0.003 -17"><span class='ocrx_word' id='word_1_107' title='bbox 132 1122 201 1148; x_wconf 88' lang='lat' dir='ltr'>nes</span> <span class='ocrx_word' id='word_1_108' title='bbox 224 1109 325 1148; x_wconf 88' lang='lat' dir='ltr'>enim</span> <span class='ocrx_word' id='word_1_109' title='bbox 349 1123 369 1148; x_wconf 90' lang='lat' dir='ltr'>a</span> <span class='ocrx_word' id='word_1_110' title='bbox 393 1110 534 1149; x_wconf 84' lang='lat' dir='ltr'>castris</span> <span class='ocrx_word' id='word_1_111' title='bbox 557 1110 604 1149; x_wconf 77' lang='lat' dir='ltr'>acl</span> <span class='ocrx_word' id='word_1_112' title='bbox 629 1110 768 1149; x_wconf 83' lang='lat' dir='ltr'>flumen</span> <span class='ocrx_word' id='word_1_113' title='bbox 784 1111 992 1164; x_wconf 82' lang='lat' dir='ltr'>perductae</span> <span class='ocrx_word' id='word_1_114' title='bbox 1011 1110 1249 1164; x_wconf 76' lang='lat' dir='ltr'>expugnatis</span> <span class='ocrx_word' id='word_1_115' title='bbox 1264 1110 1338 1150; x_wconf 87' lang='lat' dir='ltr'>iam</span> <span class='ocrx_word' id='word_1_116' title='bbox 1354 1110 1494 1150; x_wconf 88' lang='lat' dir='ltr'>castris</span> <span class='ocrx_word' id='word_1_117' title='bbox 1507 1109 1625 1151; x_wconf 90' lang='lat' dir='ltr'>Pom-</span> 
     </span>
     <span class='ocr_line' id='line_1_15' title="bbox 132 1175 1622 1232; baseline 0.002 -17"><span class='ocrx_word' id='word_1_118' title='bbox 132 1176 209 1229; x_wconf 91' lang='lat' dir='ltr'>peii</span> <span class='ocrx_word' id='word_1_119' title='bbox 241 1177 437 1230; x_wconf 85' lang='lat' dir='ltr'>propriam</span> <span class='ocrx_word' id='word_1_120' title='bbox 467 1178 767 1231; x_wconf 83' lang='lat' dir='ltr'>expeditamque</span> <span class='ocrx_word' id='word_1_121' title='bbox 790 1175 977 1218; x_wconf 86' lang='lat' dir='ltr'>Caesaris</span> <span class='ocrx_word' id='word_1_122' title='bbox 1010 1177 1217 1218; x_wconf 85' lang='lat' dir='ltr'>uictoriam</span> <span class='ocrx_word' id='word_1_123' title='bbox 1249 1178 1622 1232; x_wconf 87' lang='lat' dir='ltr'>interpellauerunt,</span> 
     </span>
     <span class='ocr_line' id='line_1_16' title="bbox 131 1244 1622 1299; baseline 0.003 -16"><span class='ocrx_word' id='word_1_124' title='bbox 131 1244 267 1284; x_wconf 84' lang='lat' dir='ltr'>eadem</span> <span class='ocrx_word' id='word_1_125' title='bbox 288 1260 353 1285; x_wconf 89' lang='lat' dir='ltr'>res</span> <span class='ocrx_word' id='word_1_126' title='bbox 377 1245 577 1286; x_wconf 87' lang='lat' dir='ltr'>celeritate</span> <span class='ocrx_word' id='word_1_127' title='bbox 599 1246 889 1299; x_wconf 90' lang='lat' dir='ltr'>insequentium</span> <span class='ocrx_word' id='word_1_128' title='bbox 922 1246 1075 1286; x_wconf 86' lang='lat' dir='ltr'>tardata</span> <span class='ocrx_word' id='word_1_129' title='bbox 1102 1245 1250 1286; x_wconf 90' lang='lat' dir='ltr'>nostris</span> <span class='ocrx_word' id='word_1_130' title='bbox 1272 1246 1438 1287; x_wconf 89' lang='lat' dir='ltr'>salutem</span> <span class='ocrx_word' id='word_1_131' title='bbox 1461 1247 1622 1287; x_wconf 85' lang='lat' dir='ltr'>attulit&#39;.</span> 
     </span>
     <span class='ocr_line' id='line_1_17' title="bbox 133 1311 1624 1367; baseline 0.003 -16"><span class='ocrx_word' id='word_1_132' title='bbox 133 1311 208 1352; x_wconf 87' lang='lat' dir='ltr'>Hic</span> <span class='ocrx_word' id='word_1_133' title='bbox 232 1320 411 1353; x_wconf 75' lang='lat' dir='ltr'>extrema</span> <span class='ocrx_word' id='word_1_134' title='bbox 434 1314 554 1354; x_wconf 89' lang='lat' dir='ltr'>uerba</span> <span class='ocrx_word' id='word_1_135' title='bbox 578 1314 853 1354; x_wconf 86' lang='lat' dir='ltr'>demonstrant</span> <span class='ocrx_word' id='word_1_136' title='bbox 874 1314 1075 1367; x_wconf 84' lang='lat' dir='ltr'>angustias</span> <span class='ocrx_word' id='word_1_137' title='bbox 1098 1321 1310 1367; x_wconf 87' lang='lat' dir='ltr'>portasque</span> <span class='ocrx_word' id='word_1_138' title='bbox 1333 1329 1355 1354; x_wconf 87' lang='lat' dir='ltr'>a</span> <span class='ocrx_word' id='word_1_139' title='bbox 1370 1312 1624 1356; x_wconf 86' lang='lat' dir='ltr'>Caesarianis</span> 
     </span>
     <span class='ocr_line' id='line_1_18' title="bbox 134 1379 1624 1435; baseline 0.003 -17"><span class='ocrx_word' id='word_1_140' title='bbox 134 1388 343 1433; x_wconf 79' lang='lat' dir='ltr'>occupatas</span> <span class='ocrx_word' id='word_1_141' title='bbox 358 1411 367 1428; x_wconf 87' lang='lat'>,</span> <span class='ocrx_word' id='word_1_142' title='bbox 403 1381 541 1433; x_wconf 92' lang='lat' dir='ltr'>quibus</span> <span class='ocrx_word' id='word_1_143' title='bbox 565 1382 718 1434; x_wconf 86' lang='lat' dir='ltr'>equites</span> <span class='ocrx_word' id='word_1_144' title='bbox 742 1379 917 1434; x_wconf 90' lang='lat' dir='ltr'>Pompeii</span> <span class='ocrx_word' id='word_1_145' title='bbox 940 1383 987 1422; x_wconf 91' lang='lat' dir='ltr'>ad</span> <span class='ocrx_word' id='word_1_146' title='bbox 1009 1382 1292 1435; x_wconf 89' lang='lat' dir='ltr'>insequendum</span> <span class='ocrx_word' id='word_1_147' title='bbox 1315 1383 1459 1423; x_wconf 88' lang='lat' dir='ltr'>tardati</span> <span class='ocrx_word' id='word_1_148' title='bbox 1489 1383 1624 1423; x_wconf 89' lang='lat' dir='ltr'>dicun—</span> 
     </span>
     <span class='ocr_line' id='line_1_19' title="bbox 135 1449 1620 1504; baseline 0.002 -18"><span class='ocrx_word' id='word_1_149' title='bbox 135 1455 211 1495; x_wconf 86' lang='lat' dir='ltr'>tur,</span> <span class='ocrx_word' id='word_1_150' title='bbox 237 1449 275 1486; x_wconf 87' lang='lat' dir='ltr'>in</span> <span class='ocrx_word' id='word_1_151' title='bbox 298 1449 579 1488; x_wconf 85' lang='lat' dir='ltr'>munitionibus</span> <span class='ocrx_word' id='word_1_152' title='bbox 602 1464 624 1489; x_wconf 87' lang='lat' dir='ltr'>a</span> <span class='ocrx_word' id='word_1_153' title='bbox 646 1449 787 1488; x_wconf 85' lang='lat' dir='ltr'>castris</span> <span class='ocrx_word' id='word_1_154' title='bbox 802 1450 846 1488; x_wconf 88' lang='lat' dir='ltr'>ad</span> <span class='ocrx_word' id='word_1_155' title='bbox 862 1450 1002 1489; x_wconf 87' lang='lat' dir='ltr'>flumen</span> <span class='ocrx_word' id='word_1_156' title='bbox 1018 1450 1307 1503; x_wconf 89' lang='lat' dir='ltr'>pertinentibus</span> <span class='ocrx_word' id='word_1_157' title='bbox 1322 1451 1470 1504; x_wconf 90' lang='lat' dir='ltr'>positas</span> <span class='ocrx_word' id='word_1_158' title='bbox 1484 1451 1620 1491; x_wconf 82' lang='lat' dir='ltr'>fuisse.</span> 
     </span>
     <span class='ocr_line' id='line_1_20' title="bbox 133 1515 1620 1571; baseline 0.003 -16"><span class='ocrx_word' id='word_1_159' title='bbox 133 1516 264 1568; x_wconf 90' lang='lat' dir='ltr'>Atque</span> <span class='ocrx_word' id='word_1_160' title='bbox 285 1517 325 1555; x_wconf 93' lang='lat' dir='ltr'>in</span> <span class='ocrx_word' id='word_1_161' title='bbox 349 1530 434 1556; x_wconf 85' lang='lat' dir='ltr'>euni</span> <span class='ocrx_word' id='word_1_162' title='bbox 457 1517 582 1556; x_wconf 88' lang='lat' dir='ltr'>locum</span> <span class='ocrx_word' id='word_1_163' title='bbox 608 1517 820 1569; x_wconf 89' lang='lat' dir='ltr'>equitatum</span> <span class='ocrx_word' id='word_1_164' title='bbox 845 1515 1022 1571; x_wconf 86' lang='lat' dir='ltr'>Pompeii</span> <span class='ocrx_word' id='word_1_165' title='bbox 1044 1518 1226 1571; x_wconf 90' lang='lat' dir='ltr'>impetum</span> <span class='ocrx_word' id='word_1_166' title='bbox 1252 1518 1393 1558; x_wconf 88' lang='lat' dir='ltr'>fecisse</span> <span class='ocrx_word' id='word_1_167' title='bbox 1416 1533 1467 1558; x_wconf 88' lang='lat' dir='ltr'>ex</span> <span class='ocrx_word' id='word_1_168' title='bbox 1492 1533 1526 1558; x_wconf 89' lang='lat' dir='ltr'>c.</span> <span class='ocrx_word' id='word_1_169' title='bbox 1549 1517 1620 1566; x_wconf 85' lang='grc'>69,</span> 
     </span>
     <span class='ocr_line' id='line_1_21' title="bbox 135 1582 1624 1639; baseline 0.004 -18"><span class='ocrx_word' id='word_1_170' title='bbox 135 1582 329 1623; x_wconf 86' lang='lat' dir='ltr'>lscimus.</span> <span class='ocrx_word' id='word_1_171' title='bbox 358 1583 414 1623; x_wconf 89' lang='lat' dir='ltr'>At</span> <span class='ocrx_word' id='word_1_172' title='bbox 436 1584 504 1623; x_wconf 89' lang='lat' dir='ltr'>has</span> <span class='ocrx_word' id='word_1_173' title='bbox 527 1585 763 1624; x_wconf 90' lang='lat' dir='ltr'>munitiones</span> <span class='ocrx_word' id='word_1_174' title='bbox 786 1585 929 1624; x_wconf 89' lang='lat' dir='ltr'>nullam</span> <span class='ocrx_word' id='word_1_175' title='bbox 955 1585 1114 1625; x_wconf 89' lang='lat' dir='ltr'>omnino</span> <span class='ocrx_word' id='word_1_176' title='bbox 1138 1593 1290 1639; x_wconf 87' lang='lat' dir='ltr'>portam</span> <span class='ocrx_word' id='word_1_177' title='bbox 1312 1586 1495 1627; x_wconf 89' lang='lat' dir='ltr'>habuisse</span> <span class='ocrx_word' id='word_1_178' title='bbox 1518 1600 1624 1627; x_wconf 86' lang='lat' dir='ltr'>eam-</span> 
     </span>
     <span class='ocr_line' id='line_1_22' title="bbox 128 1649 1622 1707; baseline 0.003 -18"><span class='ocrx_word' id='word_1_179' title='bbox 128 1663 202 1702; x_wconf 86' lang='lat' dir='ltr'>que</span> <span class='ocrx_word' id='word_1_180' title='bbox 225 1664 382 1690; x_wconf 87' lang='lat' dir='ltr'>causam</span> <span class='ocrx_word' id='word_1_181' title='bbox 408 1652 543 1698; x_wconf 87' lang='lat' dir='ltr'>fuisse,</span> <span class='ocrx_word' id='word_1_182' title='bbox 564 1665 634 1691; x_wconf 88' lang='lat' dir='ltr'>cur</span> <span class='ocrx_word' id='word_1_183' title='bbox 655 1652 832 1692; x_wconf 78' lang='lat' dir='ltr'>adextro</span> <span class='ocrx_word' id='word_1_184' title='bbox 845 1649 1032 1693; x_wconf 87' lang='lat' dir='ltr'>Caesaris</span> <span class='ocrx_word' id='word_1_185' title='bbox 1047 1667 1169 1693; x_wconf 89' lang='lat' dir='ltr'>cornu</span> <span class='ocrx_word' id='word_1_186' title='bbox 1182 1661 1482 1707; x_wconf 79' lang='lat' dir='ltr'>promerentur,</span> <span class='ocrx_word' id='word_1_187' title='bbox 1508 1654 1622 1694; x_wconf 88' lang='lat' dir='ltr'>item-</span> 
     </span>
     <span class='ocr_line' id='line_1_23' title="bbox 131 1719 1623 1775; baseline 0.003 -18"><span class='ocrx_word' id='word_1_188' title='bbox 131 1732 205 1772; x_wconf 91' lang='lat' dir='ltr'>que</span> <span class='ocrx_word' id='word_1_189' title='bbox 235 1719 305 1758; x_wconf 86' lang='lat' dir='ltr'>hac</span> <span class='ocrx_word' id='word_1_190' title='bbox 338 1727 447 1772; x_wconf 86' lang='lat' dir='ltr'>parte</span> <span class='ocrx_word' id='word_1_191' title='bbox 480 1726 640 1772; x_wconf 83' lang='lat' dir='ltr'>proruta</span> <span class='ocrx_word' id='word_1_192' title='bbox 671 1719 708 1759; x_wconf 93' lang='lat' dir='ltr'>id</span> <span class='ocrx_word' id='word_1_193' title='bbox 732 1733 855 1759; x_wconf 85' lang='lat' dir='ltr'>cornu</span> <span class='ocrx_word' id='word_1_194' title='bbox 878 1734 922 1760; x_wconf 90' lang='lat' dir='ltr'>se</span> <span class='ocrx_word' id='word_1_195' title='bbox 944 1721 1143 1774; x_wconf 88' lang='lat' dir='ltr'>recepisse</span> <span class='ocrx_word' id='word_1_196' title='bbox 1168 1735 1313 1774; x_wconf 89' lang='lat' dir='ltr'>easque</span> <span class='ocrx_word' id='word_1_197' title='bbox 1335 1722 1540 1775; x_wconf 88' lang='lat' dir='ltr'>angustias</span> <span class='ocrx_word' id='word_1_198' title='bbox 1564 1723 1623 1763; x_wconf 85' lang='lat' dir='ltr'>fu-</span> 
     </span>
     <span class='ocr_line' id='line_1_24' title="bbox 128 1786 1623 1843; baseline 0.003 -18"><span class='ocrx_word' id='word_1_199' title='bbox 128 1786 314 1840; x_wconf 87' lang='lat' dir='ltr'>gientium</span> <span class='ocrx_word' id='word_1_200' title='bbox 347 1787 593 1827; x_wconf 89' lang='lat' dir='ltr'>multitudine</span> <span class='ocrx_word' id='word_1_201' title='bbox 625 1794 836 1841; x_wconf 85' lang='lat' dir='ltr'>occupatas</span> <span class='ocrx_word' id='word_1_202' title='bbox 870 1789 993 1829; x_wconf 86' lang='lat' dir='ltr'>fuisse</span> <span class='ocrx_word' id='word_1_203' title='bbox 1024 1803 1141 1843; x_wconf 89' lang='lat' dir='ltr'>supra</span> <span class='ocrx_word' id='word_1_204' title='bbox 1171 1804 1206 1830; x_wconf 91' lang='lat' dir='ltr'>c.</span> <span class='ocrx_word' id='word_1_205' title='bbox 1232 1787 1287 1830; x_wconf 83' lang='lat'>68</span> <span class='ocrx_word' id='word_1_206' title='bbox 1319 1795 1357 1829; x_wconf 88' lang='lat' dir='ltr'>et</span> <span class='ocrx_word' id='word_1_207' title='bbox 1383 1787 1438 1830; x_wconf 85' lang='lat'>69</span> <span class='ocrx_word' id='word_1_208' title='bbox 1461 1790 1623 1830; x_wconf 87' lang='lat' dir='ltr'>demon·</span> 
     </span>
     <span class='ocr_line' id='line_1_25' title="bbox 130 1853 1623 1912; baseline 0.003 -18"><span class='ocrx_word' id='word_1_209' title='bbox 130 1860 294 1894; x_wconf 87' lang='lat' dir='ltr'>stratum</span> <span class='ocrx_word' id='word_1_210' title='bbox 308 1862 381 1895; x_wconf 90' lang='lat' dir='ltr'>est.</span> <span class='ocrx_word' id='word_1_211' title='bbox 417 1853 511 1896; x_wconf 91' lang='lat' dir='ltr'>Inde</span> <span class='ocrx_word' id='word_1_212' title='bbox 525 1857 768 1910; x_wconf 87' lang='lat' dir='ltr'>perspicuum</span> <span class='ocrx_word' id='word_1_213' title='bbox 783 1864 841 1897; x_wconf 82' lang='lat' dir='ltr'>est</span> <span class='ocrx_word' id='word_1_214' title='bbox 856 1865 990 1910; x_wconf 88' lang='lat' dir='ltr'>portas</span> <span class='ocrx_word' id='word_1_215' title='bbox 1007 1858 1068 1898; x_wconf 87' lang='lat' dir='ltr'>hic</span> <span class='ocrx_word' id='word_1_216' title='bbox 1086 1871 1162 1897; x_wconf 92' lang='lat' dir='ltr'>non</span> <span class='ocrx_word' id='word_1_217' title='bbox 1179 1858 1302 1912; x_wconf 86' lang='lat' dir='ltr'>magis</span> <span class='ocrx_word' id='word_1_218' title='bbox 1325 1859 1623 1898; x_wconf 85' lang='lat' dir='ltr'>commemorari</span> 
     </span>
     <span class='ocr_line' id='line_1_26' title="bbox 131 1922 1622 1981; baseline 0.003 -20"><span class='ocrx_word' id='word_1_219' title='bbox 131 1922 303 1975; x_wconf 88' lang='lat' dir='ltr'>potuisse</span> <span class='ocrx_word' id='word_1_220' title='bbox 327 1937 439 1975; x_wconf 89' lang='lat' dir='ltr'>quam</span> <span class='ocrx_word' id='word_1_221' title='bbox 461 1924 574 1978; x_wconf 89' lang='lat' dir='ltr'>paulo</span> <span class='ocrx_word' id='word_1_222' title='bbox 596 1932 687 1965; x_wconf 86' lang='lat' dir='ltr'>ante</span> <span class='ocrx_word' id='word_1_223' title='bbox 712 1939 849 1978; x_wconf 90' lang='lat' dir='ltr'>equos.</span> <span class='ocrx_word' id='word_1_224' title='bbox 882 1923 929 1965; x_wconf 90' lang='lat' dir='ltr'>In</span> <span class='ocrx_word' id='word_1_225' title='bbox 952 1926 1077 1967; x_wconf 89' lang='lat' dir='ltr'>tribus</span> <span class='ocrx_word' id='word_1_226' title='bbox 1100 1926 1254 1981; x_wconf 90' lang='lat' dir='ltr'>optimis</span> <span class='ocrx_word' id='word_1_227' title='bbox 1277 1933 1540 1980; x_wconf 89' lang='lat' dir='ltr'>quattuorque</span> <span class='ocrx_word' id='word_1_228' title='bbox 1557 1927 1622 1966; x_wconf 90' lang='lat' dir='ltr'>de-</span> 
     </span>
     <span class='ocr_line' id='line_1_27' title="bbox 130 1990 1622 2050; baseline 0.005 -22"><span class='ocrx_word' id='word_1_229' title='bbox 130 1990 340 2030; x_wconf 89' lang='lat' dir='ltr'>terioribus</span> <span class='ocrx_word' id='word_1_230' title='bbox 364 1992 474 2031; x_wconf 86' lang='lat' dir='ltr'>codd.</span> <span class='ocrx_word' id='word_1_231' title='bbox 502 2007 547 2032; x_wconf 91' lang='lat' dir='ltr'>ea</span> <span class='ocrx_word' id='word_1_232' title='bbox 570 1992 689 2033; x_wconf 89' lang='lat' dir='ltr'>uerba</span> <span class='ocrx_word' id='word_1_233' title='bbox 710 1993 761 2033; x_wconf 88' lang='lat' dir='ltr'>ita</span> <span class='ocrx_word' id='word_1_234' title='bbox 786 1994 932 2047; x_wconf 85' lang='lat' dir='ltr'>scripta</span> <span class='ocrx_word' id='word_1_235' title='bbox 954 2001 1059 2034; x_wconf 85' lang='lat' dir='ltr'>sunt:</span> <span class='ocrx_word' id='word_1_236' title='bbox 1090 1995 1285 2050; x_wconf 84' lang='lat' dir='ltr'>‘angustis</span> <span class='ocrx_word' id='word_1_237' title='bbox 1299 1994 1421 2048; x_wconf 90' lang='lat' dir='ltr'>portis</span> <span class='ocrx_word' id='word_1_238' title='bbox 1434 2000 1549 2047; x_wconf 88' lang='lat' dir='ltr'>atque</span> <span class='ocrx_word' id='word_1_239' title='bbox 1563 1994 1622 2035; x_wconf 90' lang='lat' dir='ltr'>his</span> 
     </span>
     <span class='ocr_line' id='line_1_28' title="bbox 129 2055 1617 2115; baseline 0.004 -18"><span class='ocrx_word' id='word_1_240' title='bbox 129 2071 151 2097; x_wconf 89' lang='lat' dir='ltr'>a</span> <span class='ocrx_word' id='word_1_241' title='bbox 174 2055 360 2099; x_wconf 84' lang='lat' dir='ltr'>Caesaris</span> <span class='ocrx_word' id='word_1_242' title='bbox 384 2060 571 2100; x_wconf 86' lang='lat' dir='ltr'>militibus</span> <span class='ocrx_word' id='word_1_243' title='bbox 594 2061 824 2115; x_wconf 85' lang='lat' dir='ltr'>occupatis&#39;.</span> <span class='ocrx_word' id='word_1_244' title='bbox 860 2060 995 2115; x_wconf 88' lang='lat' dir='ltr'>Itaque</span> <span class='ocrx_word' id='word_1_245' title='bbox 1019 2063 1114 2103; x_wconf 88' lang='lat' dir='ltr'>haec</span> <span class='ocrx_word' id='word_1_246' title='bbox 1137 2063 1193 2103; x_wconf 91' lang='lat' dir='ltr'>ita</span> <span class='ocrx_word' id='word_1_247' title='bbox 1214 2070 1307 2103; x_wconf 90' lang='lat' dir='ltr'>sunt</span> <span class='ocrx_word' id='word_1_248' title='bbox 1324 2063 1617 2103; x_wconf 88' lang='lat' dir='ltr'>constituenda:</span> 
     </span>
     <span class='ocr_line' id='line_1_29' title="bbox 133 2127 1621 2185; baseline 0.004 -20"><span class='ocrx_word' id='word_1_249' title='bbox 133 2127 374 2180; x_wconf 86' lang='lat' dir='ltr'>‘equitesque</span> <span class='ocrx_word' id='word_1_250' title='bbox 398 2128 482 2168; x_wconf 91' lang='lat' dir='ltr'>eius</span> <span class='ocrx_word' id='word_1_251' title='bbox 504 2128 699 2183; x_wconf 85' lang='lat' dir='ltr'>angustiis</span> <span class='ocrx_word' id='word_1_252' title='bbox 717 2137 834 2183; x_wconf 87' lang='lat' dir='ltr'>atque</span> <span class='ocrx_word' id='word_1_253' title='bbox 858 2130 917 2170; x_wconf 92' lang='lat' dir='ltr'>his</span> <span class='ocrx_word' id='word_1_254' title='bbox 939 2145 959 2170; x_wconf 87' lang='lat' dir='ltr'>a</span> <span class='ocrx_word' id='word_1_255' title='bbox 986 2128 1174 2171; x_wconf 87' lang='lat' dir='ltr'>Caesaris</span> <span class='ocrx_word' id='word_1_256' title='bbox 1200 2131 1387 2171; x_wconf 89' lang='lat' dir='ltr'>militibus</span> <span class='ocrx_word' id='word_1_257' title='bbox 1420 2131 1621 2185; x_wconf 89' lang='lat' dir='ltr'>occupatis</span> 
     </span>
     <span class='ocr_line' id='line_1_30' title="bbox 129 2194 1618 2253; baseline 0.005 -21"><span class='ocrx_word' id='word_1_258' title='bbox 129 2194 177 2233; x_wconf 86' lang='lat' dir='ltr'>ad</span> <span class='ocrx_word' id='word_1_259' title='bbox 197 2194 482 2248; x_wconf 86' lang='lat' dir='ltr'>insequendum</span> <span class='ocrx_word' id='word_1_260' title='bbox 498 2197 784 2237; x_wconf 78' lang='lat' dir='ltr'>tardabantur&#39;.</span> <span class='ocrx_word' id='word_1_261' title='bbox 818 2195 864 2237; x_wconf 91' lang='lat' dir='ltr'>In</span> <span class='ocrx_word' id='word_1_262' title='bbox 886 2211 932 2238; x_wconf 88' lang='lat' dir='ltr'>co</span> <span class='ocrx_word' id='word_1_263' title='bbox 955 2198 1105 2248; x_wconf 87' lang='lat' dir='ltr'>codice,</span> <span class='ocrx_word' id='word_1_264' title='bbox 1131 2213 1207 2252; x_wconf 91' lang='lat' dir='ltr'>quo</span> <span class='ocrx_word' id='word_1_265' title='bbox 1221 2199 1412 2253; x_wconf 82' lang='lat' dir='ltr'>magister</span> <span class='ocrx_word' id='word_1_266' title='bbox 1425 2213 1518 2239; x_wconf 91' lang='lat' dir='ltr'>usus</span> <span class='ocrx_word' id='word_1_267' title='bbox 1542 2206 1618 2249; x_wconf 90' lang='lat' dir='ltr'>est,</span> 
     </span>
     <span class='ocr_line' id='line_1_31' title="bbox 130 2263 1622 2319; baseline 0.003 -17"><span class='ocrx_word' id='word_1_268' title='bbox 130 2263 341 2315; x_wconf 73' lang='lat' dir='ltr'>‘angustis&#39;</span> <span class='ocrx_word' id='word_1_269' title='bbox 364 2271 450 2305; x_wconf 76' lang='lat' dir='ltr'>erat</span> <span class='ocrx_word' id='word_1_270' title='bbox 471 2265 675 2318; x_wconf 78' lang='lat' dir='ltr'>scriptum,</span> <span class='ocrx_word' id='word_1_271' title='bbox 700 2272 742 2304; x_wconf 88' lang='lat' dir='ltr'>ut</span> <span class='ocrx_word' id='word_1_272' title='bbox 761 2264 802 2304; x_wconf 91' lang='lat' dir='ltr'>in</span> <span class='ocrx_word' id='word_1_273' title='bbox 824 2265 995 2319; x_wconf 90' lang='lat' dir='ltr'>antiquis</span> <span class='ocrx_word' id='word_1_274' title='bbox 1019 2266 1128 2307; x_wconf 89' lang='lat' dir='ltr'>libris</span> <span class='ocrx_word' id='word_1_275' title='bbox 1151 2267 1265 2308; x_wconf 92' lang='lat' dir='ltr'>solet.</span> <span class='ocrx_word' id='word_1_276' title='bbox 1318 2265 1360 2307; x_wconf 94' lang='lat' dir='ltr'>Id</span> <span class='ocrx_word' id='word_1_277' title='bbox 1384 2281 1471 2307; x_wconf 91' lang='lat' dir='ltr'>cum</span> <span class='ocrx_word' id='word_1_278' title='bbox 1494 2267 1529 2308; x_wconf 89' lang='lat' dir='ltr'>ei</span> <span class='ocrx_word' id='word_1_279' title='bbox 1553 2267 1622 2307; x_wconf 87' lang='lat' dir='ltr'>ho-</span> 
     </span>
     <span class='ocr_line' id='line_1_32' title="bbox 127 2330 1623 2390; baseline 0.004 -21"><span class='ocrx_word' id='word_1_280' title='bbox 127 2330 221 2370; x_wconf 87' lang='lat' dir='ltr'>mini</span> <span class='ocrx_word' id='word_1_281' title='bbox 243 2331 475 2371; x_wconf 88' lang='lat' dir='ltr'>adiectiuum</span> <span class='ocrx_word' id='word_1_282' title='bbox 500 2332 715 2382; x_wconf 85' lang='lat' dir='ltr'>uideretur,</span> <span class='ocrx_word' id='word_1_283' title='bbox 741 2332 972 2373; x_wconf 90' lang='lat' dir='ltr'>uocabulum</span> <span class='ocrx_word' id='word_1_284' title='bbox 997 2334 1135 2375; x_wconf 92' lang='lat' dir='ltr'>deesse</span> <span class='ocrx_word' id='word_1_285' title='bbox 1158 2335 1340 2389; x_wconf 86' lang='lat' dir='ltr'>opinatus</span> <span class='ocrx_word' id='word_1_286' title='bbox 1364 2342 1496 2390; x_wconf 84' lang='lat' dir='ltr'>portas</span> <span class='ocrx_word' id='word_1_287' title='bbox 1518 2335 1623 2375; x_wconf 86' lang='lat' dir='ltr'>adie-</span> 
     </span>
     <span class='ocr_line' id='line_1_33' title="bbox 131 2397 1623 2457; baseline 0.005 -20"><span class='ocrx_word' id='word_1_288' title='bbox 131 2397 204 2447; x_wconf 87' lang='lat' dir='ltr'>cit,</span> <span class='ocrx_word' id='word_1_289' title='bbox 238 2413 400 2451; x_wconf 87' lang='lat' dir='ltr'>quarum</span> <span class='ocrx_word' id='word_1_290' title='bbox 433 2400 636 2454; x_wconf 84' lang='lat' dir='ltr'>angustias</span> <span class='ocrx_word' id='word_1_291' title='bbox 665 2400 705 2440; x_wconf 90' lang='lat' dir='ltr'>in</span> <span class='ocrx_word' id='word_1_292' title='bbox 728 2400 921 2441; x_wconf 90' lang='lat' dir='ltr'>eiusmodi</span> <span class='ocrx_word' id='word_1_293' title='bbox 943 2415 1037 2442; x_wconf 86' lang='lat' dir='ltr'>casu</span> <span class='ocrx_word' id='word_1_294' title='bbox 1059 2416 1177 2457; x_wconf 89' lang='lat' dir='ltr'>saepe</span> <span class='ocrx_word' id='word_1_295' title='bbox 1198 2403 1439 2457; x_wconf 88' lang='lat' dir='ltr'>fugientibus</span> <span class='ocrx_word' id='word_1_296' title='bbox 1460 2403 1623 2457; x_wconf 89' lang='lat' dir='ltr'>impedi-</span> 
     </span>
     <span class='ocr_line' id='line_1_34' title="bbox 132 2466 1621 2525; baseline 0.004 -20"><span class='ocrx_word' id='word_1_297' title='bbox 132 2474 260 2506; x_wconf 85' lang='lat' dir='ltr'>mento</span> <span class='ocrx_word' id='word_1_298' title='bbox 281 2467 402 2507; x_wconf 83' lang='lat' dir='ltr'>fuisse</span> <span class='ocrx_word' id='word_1_299' title='bbox 425 2467 590 2521; x_wconf 81' lang='lat' dir='ltr'>legerat.</span> <span class='ocrx_word' id='word_1_300' title='bbox 635 2466 790 2508; x_wconf 90' lang='lat' dir='ltr'>Poterit</span> <span class='ocrx_word' id='word_1_301' title='bbox 819 2469 936 2509; x_wconf 90' lang='lat' dir='ltr'>alicui</span> <span class='ocrx_word' id='word_1_302' title='bbox 967 2469 1007 2509; x_wconf 91' lang='lat' dir='ltr'>in</span> <span class='ocrx_word' id='word_1_303' title='bbox 1036 2478 1208 2512; x_wconf 87' lang='lat' dir='ltr'>mentem</span> <span class='ocrx_word' id='word_1_304' title='bbox 1239 2472 1378 2511; x_wconf 86' lang='lat' dir='ltr'>uenire</span> <span class='ocrx_word' id='word_1_305' title='bbox 1411 2471 1621 2525; x_wconf 86' lang='lat' dir='ltr'>‘angustiis</span> 
     </span>
     <span class='ocr_line' id='line_1_35' title="bbox 132 2535 1620 2594; baseline 0.005 -23"><span class='ocrx_word' id='word_1_306' title='bbox 132 2535 312 2585; x_wconf 81' lang='lat' dir='ltr'>prorutis&#39;</span> <span class='ocrx_word' id='word_1_307' title='bbox 345 2536 601 2589; x_wconf 82' lang='lat' dir='ltr'>effingendum</span> <span class='ocrx_word' id='word_1_308' title='bbox 634 2549 738 2576; x_wconf 90' lang='lat' dir='ltr'>esse.</span> <span class='ocrx_word' id='word_1_309' title='bbox 784 2535 936 2578; x_wconf 88' lang='lat' dir='ltr'>Verum</span> <span class='ocrx_word' id='word_1_310' title='bbox 965 2539 1172 2592; x_wconf 86' lang='lat' dir='ltr'>angustiae</span> <span class='ocrx_word' id='word_1_311' title='bbox 1198 2553 1323 2593; x_wconf 89' lang='lat' dir='ltr'>neque</span> <span class='ocrx_word' id='word_1_312' title='bbox 1348 2553 1417 2594; x_wconf 90' lang='lat' dir='ltr'>per</span> <span class='ocrx_word' id='word_1_313' title='bbox 1446 2553 1489 2580; x_wconf 89' lang='lat' dir='ltr'>se</span> <span class='ocrx_word' id='word_1_314' title='bbox 1511 2546 1620 2580; x_wconf 85' lang='lat' dir='ltr'>recte</span> 
     </span>
     <span class='ocr_line' id='line_1_36' title="bbox 131 2602 1621 2661; baseline 0.005 -22"><span class='ocrx_word' id='word_1_315' title='bbox 131 2602 260 2651; x_wconf 88' lang='lat' dir='ltr'>prorui</span> <span class='ocrx_word' id='word_1_316' title='bbox 292 2602 473 2642; x_wconf 88' lang='lat' dir='ltr'>dicuntur</span> <span class='ocrx_word' id='word_1_317' title='bbox 502 2610 542 2643; x_wconf 91' lang='lat' dir='ltr'>et</span> <span class='ocrx_word' id='word_1_318' title='bbox 573 2603 843 2644; x_wconf 89' lang='lat' dir='ltr'>efficiebantur</span> <span class='ocrx_word' id='word_1_319' title='bbox 874 2605 1025 2645; x_wconf 91' lang='lat' dir='ltr'>demum</span> <span class='ocrx_word' id='word_1_320' title='bbox 1056 2619 1102 2646; x_wconf 91' lang='lat' dir='ltr'>eo</span> <span class='ocrx_word' id='word_1_321' title='bbox 1124 2607 1234 2658; x_wconf 88' lang='lat' dir='ltr'>loco,</span> <span class='ocrx_word' id='word_1_322' title='bbox 1261 2621 1337 2660; x_wconf 94' lang='lat' dir='ltr'>quo</span> <span class='ocrx_word' id='word_1_323' title='bbox 1360 2608 1507 2648; x_wconf 91' lang='lat' dir='ltr'>uallum</span> <span class='ocrx_word' id='word_1_324' title='bbox 1530 2620 1621 2661; x_wconf 88' lang='lat' dir='ltr'>pro·</span> 
     </span>
     <span class='ocr_line' id='line_1_37' title="bbox 135 2674 383 2710; baseline 0.016 -4"><span class='ocrx_word' id='word_1_325' title='bbox 135 2674 262 2706; x_wconf 87' lang='lat' dir='ltr'>rutum</span> <span class='ocrx_word' id='word_1_326' title='bbox 285 2677 383 2710; x_wconf 87' lang='lat' dir='ltr'>erat.</span> 
     </span>
    </p>

    <p class='ocr_par' dir='ltr' id='par_1_3' title="bbox 132 2732 1622 2932">
     <span class='ocr_line' id='line_1_38' title="bbox 246 2732 1622 2795; baseline 0.004 -19"><span class='ocrx_word' id='word_1_327' title='bbox 246 2732 294 2774; x_wconf 86' lang='lat' dir='ltr'>C.</span> <span class='ocrx_word' id='word_1_328' title='bbox 318 2737 387 2787; x_wconf 86' lang='lat'>73,</span> <span class='ocrx_word' id='word_1_329' title='bbox 412 2738 435 2777; x_wconf 82' lang='lat'>5</span> <span class='ocrx_word' id='word_1_330' title='bbox 458 2747 563 2781; x_wconf 88' lang='lat' dir='ltr'>recte</span> <span class='ocrx_word' id='word_1_331' title='bbox 586 2742 642 2782; x_wconf 85' lang='lat' dir='ltr'>sic</span> <span class='ocrx_word' id='word_1_332' title='bbox 664 2741 806 2782; x_wconf 89' lang='lat' dir='ltr'>editur:</span> <span class='ocrx_word' id='word_1_333' title='bbox 842 2739 942 2782; x_wconf 71' lang='lat' dir='ltr'>‘Sed</span> <span class='ocrx_word' id='word_1_334' title='bbox 966 2742 1052 2781; x_wconf 92' lang='lat' dir='ltr'>siue</span> <span class='ocrx_word' id='word_1_335' title='bbox 1074 2741 1249 2795; x_wconf 89' lang='lat' dir='ltr'>ipsorum</span> <span class='ocrx_word' id='word_1_336' title='bbox 1271 2743 1514 2795; x_wconf 88' lang='lat' dir='ltr'>perturbatio</span> <span class='ocrx_word' id='word_1_337' title='bbox 1536 2742 1622 2782; x_wconf 91' lang='lat' dir='ltr'>siue</span> 
     </span>
     <span class='ocr_line' id='line_1_39' title="bbox 134 2803 1619 2865; baseline 0.007 -27"><span class='ocrx_word' id='word_1_338' title='bbox 134 2814 245 2840; x_wconf 76' lang='lat' dir='ltr'>error</span> <span class='ocrx_word' id='word_1_339' title='bbox 267 2803 404 2855; x_wconf 87' lang='lat' dir='ltr'>aliquis</span> <span class='ocrx_word' id='word_1_340' title='bbox 426 2807 510 2847; x_wconf 92' lang='lat' dir='ltr'>siue</span> <span class='ocrx_word' id='word_1_341' title='bbox 533 2809 649 2849; x_wconf 85' lang='lat' dir='ltr'>etiam</span> <span class='ocrx_word' id='word_1_342' title='bbox 674 2810 831 2850; x_wconf 87' lang='lat' dir='ltr'>fortuna</span> <span class='ocrx_word' id='word_1_343' title='bbox 853 2817 1002 2865; x_wconf 86' lang='lat' dir='ltr'>partam</span> <span class='ocrx_word' id='word_1_344' title='bbox 1031 2809 1108 2850; x_wconf 87' lang='lat' dir='ltr'>iam</span> <span class='ocrx_word' id='word_1_345' title='bbox 1139 2817 1464 2864; x_wconf 88' lang='lat' dir='ltr'>praesentemque</span> <span class='ocrx_word' id='word_1_346' title='bbox 1495 2809 1619 2849; x_wconf 88' lang='lat' dir='ltr'>uicto-</span> 
     </span>
     <span class='ocr_line' id='line_1_40' title="bbox 132 2868 1619 2932; baseline 0.006 -25"><span class='ocrx_word' id='word_1_347' title='bbox 132 2868 230 2908; x_wconf 78' lang='lat' dir='ltr'>riam</span> <span class='ocrx_word' id='word_1_348' title='bbox 259 2869 605 2927; x_wconf 87' lang='lat' dir='ltr'>interpellauisset,</span> <span class='ocrx_word' id='word_1_349' title='bbox 639 2877 804 2919; x_wconf 88' lang='lat' dir='ltr'>dandam</span> <span class='ocrx_word' id='word_1_350' title='bbox 834 2877 1014 2919; x_wconf 88' lang='lat' dir='ltr'>omnibus</span> <span class='ocrx_word' id='word_1_351' title='bbox 1044 2891 1225 2932; x_wconf 86' lang='lat' dir='ltr'>operam,</span> <span class='ocrx_word' id='word_1_352' title='bbox 1258 2885 1301 2919; x_wconf 90' lang='lat' dir='ltr'>ut</span> <span class='ocrx_word' id='word_1_353' title='bbox 1329 2884 1531 2932; x_wconf 88' lang='lat' dir='ltr'>acceptum</span> <span class='ocrx_word' id='word_1_354' title='bbox 1560 2877 1619 2918; x_wconf 90' lang='lat' dir='ltr'>in-</span> 
     </span>
    </p>
   </div>
  </div>
 </body>
</html>
