1835 3240
99 894 139 926 ‘10

100 1234 138 1266 15

608 158 885 203 COMM.V11
906 157 1030 201 CAP.
1059 159 1079 199 1
1094 160 1201 199 -3.
1647 161 1729 203 407

176 292 287 319 nam:
323 275 503 315 omnibus
536 274 882 328 pollicitationibus
915 288 960 313 ac
992 272 1176 327 praemiis
1198 272 1438 325 deposcunt,
1470 275 1533 326 qui
1564 275 1655 315 belli

174 344 325 385 initium
349 343 495 383 faciant
518 350 558 383 ct
579 344 637 383 sui
661 343 800 396 capitis
830 342 1002 396 periculo
1025 340 1193 382 Galliam
1224 341 1263 380 in
1287 340 1506 380 libertatem
1532 343 1656 381 uindi-

174 418 277 452 cent.
331 409 514 464 Inprimis
537 411 728 451 rationem
753 424 843 450 esse
865 410 1078 449 habendam
1103 409 1250 458 dicunt,
1275 408 1500 462 priusquam
1524 421 1657 449 eorum
1678 410 1705 450 6

172 479 414 519 clandestina
430 479 595 519 consilia
609 479 838 527 efferantur,
864 485 906 517 ut
920 475 1073 517 Caesar
1094 478 1141 517 ab
1154 477 1333 517 exercitu
1355 475 1653 515 intercludatur.

174 545 217 586 Id
241 560 328 587 esse
351 547 481 596 facile,
508 547 608 600 quod
633 559 758 600 neque
781 545 958 598 legiones
982 545 1150 585 audeant
1171 545 1332 584 absente
1355 544 1593 597 imperatore
1607 558 1659 583 ex
1680 543 1705 583 7

173 615 348 655 hibernis
372 616 521 669 egredi,
549 627 672 667 neque
695 614 909 667 imperator
931 613 1016 652 sine
1033 612 1227 666 praesidio
1250 613 1296 652 ad
1319 611 1496 665 legiones
1519 625 1658 665 perue-

173 683 258 722 nire
281 683 419 736 possit.
461 681 669 722 Postremo
692 682 731 721 in
754 682 837 721 acie
861 688 1062 735 praestare
1085 680 1251 720 interfici
1268 710 1277 727 ,
1311 693 1424 732 quam
1449 693 1526 719 non
1550 685 1659 719 uete-
1681 679 1707 718 8

171 765 253 790 rem
276 750 366 790 belli
387 751 550 804 gloriam
574 750 888 802 libertatemque,
915 763 1027 801 quam
1051 762 1073 787 a
1095 747 1307 788 maioribus
1331 747 1570 801 acceperint,
1596 760 1659 786 re-

174 832 377 872 cuperare.
423 817 495 857 His
517 818 634 858 rebus
657 818 817 871 agitatis
839 818 1074 871 profitentur
1097 813 1295 856 Carnutes
1318 829 1360 855 se
1384 815 1530 855 nullum
1554 814 1657 868 peri-
1679 814 1706 858 2

171 887 297 926 culum
331 886 545 926 communis
579 885 719 925 salutis
751 900 870 925 causa
895 898 1083 925 recusare
1107 883 1381 936 principesque
1404 897 1456 923 ex
1478 882 1659 922 omnibus

173 955 313 994 bellum
338 955 509 994 facturos
534 953 770 1007 pollicentur
791 960 844 1003 et,
870 954 1051 1006 quoniam
1075 952 1113 991 in
1136 952 1360 1005 praesentia
1383 950 1582 991 obsidibus
1597 964 1661 990 ca-
1682 948 1709 990 2

175 1036 270 1062 uere
292 1023 397 1062 inter
419 1036 460 1061 sc
484 1036 561 1061 non
584 1021 750 1074 possint,
777 1035 825 1061 ne
847 1035 912 1061 res
936 1022 1143 1069 efferatur,
1180 1027 1221 1059 ut
1242 1018 1497 1059 iureiurando
1519 1032 1564 1058 ae
1587 1018 1659 1058 fide

172 1090 387 1140 sanciatur,
414 1096 566 1143 petunt,
592 1090 758 1129 conlatis
773 1089 1004 1129 militaribus
1018 1088 1156 1142 signis,
1184 1102 1259 1140 quo
1282 1101 1390 1127 more
1414 1101 1546 1127 eorum
1571 1099 1661 1138 gra-

173 1158 333 1198 uissima
359 1158 598 1198 caerimonia
623 1158 874 1207 continetur,
900 1172 948 1197 ne
973 1159 1074 1197 facto
1097 1157 1210 1196 initio
1234 1154 1319 1195 belli
1344 1155 1391 1194 ab
1413 1154 1573 1207 reliquis
1596 1154 1662 1194 de-

171 1234 371 1267 serantur.
416 1225 519 1266 Tum
543 1226 787 1267 conlaudatis
811 1223 1055 1266 Carnutibus
1079 1226 1170 1265 dato
1192 1223 1447 1265 iureiurando
1469 1223 1516 1263 ab
1540 1222 1664 1262 omni-
1686 1221 1710 1261 3

175 1296 245 1334 bus
263 1325 272 1343 ,
310 1294 373 1346 qui
396 1295 584 1344 aderant,
610 1302 785 1348 tempore
810 1294 893 1334 eius
917 1294 975 1334 rei
999 1293 1213 1334 constituto
1236 1292 1283 1333 ab
1307 1291 1474 1331 concilio
1498 1290 1663 1331 discedi-

176 1370 254 1402 tur.
301 1360 376 1403 Vbi
401 1375 444 1401 ea
469 1362 550 1401 dies
575 1363 707 1411 uenit,
743 1360 942 1402 Carnutes
965 1359 1137 1402 Cotuato
1172 1368 1208 1401 et
1234 1358 1525 1400 Conetodunno
1559 1358 1664 1398 duei-
1685 1357 1712 1401 3

175 1431 263 1477 bus,
289 1429 508 1484 desperatis
533 1430 769 1479 hominibus,
796 1428 1000 1470 Genabum
1025 1430 1139 1483 signo
1163 1429 1251 1469 dato
1274 1434 1515 1468 concurrunt
1537 1427 1664 1466 ciues-

177 1511 248 1550 que
273 1497 491 1546 ssomauos,
518 1498 583 1550 qui
607 1499 832 1551 negotiandi
856 1511 974 1538 causa
997 1498 1049 1537 ibi
1073 1498 1347 1545 constiterant,
1377 1496 1417 1535 in
1441 1495 1499 1535 his
1523 1493 1663 1535 Gaium

178 1563 329 1605 Fufium
354 1563 499 1614 Citam,
526 1566 734 1606 honestum
758 1566 926 1620 equitem
948 1565 1188 1615 Romanum,
1215 1565 1279 1618 qui
1302 1565 1357 1604 rei
1385 1563 1666 1603 frumentariae

177 1630 487 1673 iussuCaesaris
510 1641 708 1687 praeerat,
733 1635 974 1674 interficiunt
996 1634 1176 1688 bonaque
1199 1646 1332 1672 eorum
1347 1631 1553 1685 diripiunt.
1588 1628 1666 1671 Ce-
1687 1630 1714 1670 ‘2

174 1701 311 1741 leritcr
331 1701 379 1740 ad
403 1715 536 1741 omnes
552 1700 705 1742 Galliae
728 1702 910 1742 ciuitates
935 1703 1036 1742 fama
1060 1702 1272 1754 perfertur.
1306 1698 1410 1740 Nam
1434 1699 1667 1751 ubicumque

175 1769 300 1809 maior
323 1776 439 1822 atque
462 1769 672 1810 inlustrior
692 1770 829 1810 incidit
855 1784 921 1810 res
937 1801 946 1817 ,
982 1769 1152 1810 clamore
1174 1783 1244 1823 per
1265 1782 1382 1823 agros
1404 1768 1667 1822 regionesque

319 1892 339 1922 2
358 1890 490 1922 initium
513 1892 529 1922 b
543 1891 633 1932 ede,
656 1892 753 1923 initia
775 1892 802 1923 B
823 1892 995 1933 ‘reliqum
1222 1889 1328 1921 faeiat
1346 1908 1387 1912 —
1406 1889 1558 1921 uindicet
1578 1888 1595 1919 b
1609 1898 1666 1919 ce.

321 1944 338 1975 3
359 1943 512 1984 inprimis
532 1944 561 1975 B
580 1944 753 1985 ‘relt'q11i'‚
776 1944 850 1975 eius
869 1944 1023 1986 inprimis
1048 1943 1065 1974 b
1079 1943 1157 1974 ede
1176 1942 1225 1983 (iu
1244 1941 1360 1984 primis
1380 1941 1666 1983 (B)).1·a-

179 1995 304 2025 tionein
324 2004 400 2025 esse
421 1994 608 2026 habendam
627 1995 686 2027 Be
708 1994 920 2037 ‘pleriqne'5
950 1995 1115 2026 rationem
1136 1994 1326 2025 habendam
1356 1993 1406 2023 bn
1420 2017 1430 2033 ,
1460 1994 1544 2024 ante
1562 2001 1669 2032 quam

179 2049 260 2076 erat
278 2046 442 2077 rationein
464 2045 650 2076 habendam
670 2056 761 2077 esse.
910 2048 927 2077 5
949 2046 1097 2077 audeant
1115 2046 1257 2076 absente
1277 2045 1483 2085 imperatore
1502 2043 1532 2073 B
1545 2042 1615 2074 CI)
1629 2052 1666 2082 e,

178 2098 321 2129 absente
342 2099 548 2140 imperatore
567 2099 717 2130 audeant
735 2109 769 2130 u.
928 2098 946 2129 7
966 2099 1077 2140 possit
1096 2098 1156 2139 (B)
1170 2108 1207 2138 c,
1228 2102 1345 2139 posset
1364 2098 1459 2127 ‘ms-s.
1479 2094 1667 2137 plerz'que'5

178 2160 246 2181 0711.
267 2160 313 2180 m.
329 2159 389 2191 pr.
412 2150 442 2181 b.
607 2151 627 2183 8
647 2150 846 2193 acceperint
863 2150 971 2191 (B)e,
993 2155 1198 2192 acceperant
1218 2150 1314 2181 “mss.
1330 2147 1523 2190 plerz'que’.

180 2201 219 2233 10
239 2201 424 2232 communis
443 2210 509 2231 om.
536 2201 566 2232 b.
739 2202 775 2234 11
799 2212 924 2233 cauere
944 2201 1036 2233 inter
1054 2212 1090 2233 se
1111 2201 1167 2233 Be
1186 2200 1264 2232 edd.
1286 2203 1370 2231 anle
1389 2210 1429 2239 H,
1452 2200 1543 2230 inter
1560 2207 1595 2229 se
1614 2206 1669 2228 ca-

182 2261 262 2283 uere
283 2251 341 2281 ‘ear
359 2261 442 2282 mss.
463 2251 621 2293 optimis’
635 2255 650 2283 P
667 2263 699 2283 u.
815 2253 853 2284 12
873 2253 1006 2293 possint
1025 2253 1042 2283 b
1057 2263 1121 2291 ce,
1144 2259 1283 2294 possent
1301 2251 1330 2282 B
1348 2253 1381 2281 et
1400 2250 1546 2290 reliqui.

182 2302 368 2333 efferantur
385 2303 431 2334 D.
573 2302 625 2345 ut]
645 2308 704 2334 aut
721 2304 752 2335 B
771 2303 972 2345 ‘plerique'.
1141 2303 1179 2334 13
1200 2302 1344 2333 conlatis
1366 2301 1406 2332 Ι).
1565 2310 1629 2341 quo
1650 2300 1668 2330 b

186 2364 251 2394 ee,
272 2355 358 2395 quod
378 2355 409 2385 B
428 2355 545 2396 ‘longe
558 2355 744 2397 plurt'mi'.
978 2355 1181 2395 grauissima
1201 2354 1408 2386 caerimonia
1429 2352 1624 2384 continetur
1641 2352 1672 2384 B

184 2404 301 2446 ‘longe
315 2405 499 2446 plzwt’mi',
521 2407 746 2446 grauissimae
766 2406 996 2437 caerimoniae
1016 2406 1237 2437 eontinentur
1257 2406 1273 2436 Ι)
1287 2415 1330 2436 ee
1349 2403 1559 2444 (ceremonia
1577 2402 1667 2445 (B)).

326 2456 366 2488 15
385 2458 598 2488 conlaudatis
619 2458 659 2489 B.
803 2458 881 2488 dato
902 2468 969 2488 0171.
991 2457 1037 2488 D.
1189 2457 1226 2488 17
1247 2456 1391 2487 Cotuato
1409 2456 1449 2486 P.
1470 2454 1525 2487 87.

186 2504 429 2538 Conetodunno
449 2519 487 2548 e,-
508 2508 854 2540 Conconnetodumno
873 2508 903 2539 B
923 2508 981 2538 ‘el‘
996 2507 1142 2548 sic-scre
1164 2507 1252 2539 (J'D'
1272 2506 1407 2539 ll'lza'tt.
1422 2531 1431 2546 ,
1454 2506 1670 2537 ‘Conconeto

188 2556 287 2594 duno,
309 2558 432 2599 dunno,
453 2559 573 2590 domno
592 2569 676 2590 mss.
694 2558 884 2600 ple1¹iqne',·
905 2557 1128 2590 Conetoduno
1149 2568 1182 2589 ιι.
1356 2558 1397 2590 18
1413 2557 1587 2589 Genabnin
1608 2557 1670 2597 (B)

190 2610 258 2639 ‘lise
276 2610 345 2640 loc-2⁹
361 2611 479 2642 nullus
498 2622 654 2644 meorum
674 2612 795 2651 habet,
817 2611 880 2642 sed
895 2611 952 2642 acl
969 2609 1119 2642 Genabin
1140 2610 1201 2641 uel
1220 2608 1384 2641 Genabim
1405 2610 1463 2640 uel
1480 2608 1669 2648 Gencbin'3

188 2659 316 2691 Cenabi
337 2671 380 2692 ηι.
401 2672 469 2693 sec.
492 2663 523 2694 b.
664 2663 759 2703 signo
779 2663 857 2694 dato
876 2663 932 2693 Be
955 2666 1050 2693 ‘mssa
1068 2662 1224 2702 plurimi
1238 2661 1256 2700 '9
1279 2661 1356 2692 dato
1376 2661 1471 2700 signo
1492 2670 1526 2690 η.

190 2711 228 2743 19
249 2712 444 2751 negociandi
466 2713 505 2744 B.
648 2712 768 2745 Gaium
788 2714 840 2753 B,·
861 2712 901 2744 G.
923 2717 956 2744 et
976 2713 1007 2753 b,
1029 2714 1066 2744 C.
1090 2723 1124 2743 u.
1288 2713 1331 2745 20
1350 2711 1479 2742 Fufium
1501 2710 1571 2741 AB
1586 2709 1669 2748 (71),

191 2760 325 2792 Fusium
346 2771 381 2793 u.
501 2763 611 2795 Citam
630 2765 660 2795 A
674 2763 734 2805 (B)
749 2764 820 2797 CD
834 2765 851 2796 b
864 2764 909 2806 d,
929 2764 1026 2796 Citan
1047 2775 1074 2795 ο.
1219 2763 1268 2794 rei
1289 2759 1549 2801 frumentariae]
1569 2768 1673 2790 causa

187 2812 269 2843 add.
293 2813 309 2844 b
323 2824 352 2844 c.
535 2814 573 2847 21
597 2820 783 2856 praeerant
803 2816 834 2847 b.
991 2816 1035 2848 22
1053 2814 1257 2855 ubicumque
1276 2814 1329 2854 D,
1351 2813 1475 2854 ubiqu(¹
1494 2811 1550 2842 Be
1569 2811 1673 2842 etsie

190 2866 262 2897 ‘uel
280 2866 483 2906 ubicumque
502 2876 585 2897 mss.
605 2867 716 2908 qdd.',·
736 2867 791 2899 ubi
811 2878 843 2899 ιι.
982 2867 1024 2899 23
1044 2866 1225 2898 inlustrior
1243 2866 1284 2897 B.
