1835 3240
650 202 838 248 CAPVT
860 203 975 246 16-
991 203 1060 245 19.
1588 204 1670 246 673

114 315 239 357 medio
262 330 398 370 campo
419 316 683 371 redintegrari
706 318 912 372 proelium.
949 315 1047 358 Cum
1067 315 1114 356 ab
1133 313 1311 356 hostibus
1330 316 1464 356 eodem
1483 318 1595 358 modo
1617 318 1643 357 4

113 390 352 436 pugnaretur
380 397 453 425 nec
485 386 701 426 comminus
733 386 780 426 ad
804 399 941 426 manus
963 385 1175 433 rediretur,
1200 379 1466 436 Caesarisque
1489 386 1597 440 equi-

111 457 170 490 tes
192 450 365 491 iumenta
388 466 439 493 ex
461 466 607 494 nausea
625 453 790 502 recenti,
816 454 896 503 siti,
921 453 1126 506 languore,
1145 450 1354 504 paucitate,
1369 449 1597 492 uulneribus

114 517 324 572 defatigata
351 520 398 559 ad
426 520 707 573 insequendum
731 521 883 560 hostem
907 519 1319 573 perseuerandumque
1341 531 1498 558 cursum
1520 525 1600 558 tar-

67 592 86 624 5
119 585 227 626 diora
252 586 463 637 haberent,
489 587 643 641 dieique
667 601 757 641 pars
781 587 927 642 exigua
948 587 1023 626 iam
1046 586 1196 639 reliqua
1218 592 1350 636 esset,
1376 585 1602 626 cohortibus

115 653 310 705 equitibus
343 655 594 695 circumdatis
618 654 872 705 cohortatur,
903 661 945 694 ut
967 668 1045 694 uno
1067 654 1147 694 ictu
1169 653 1455 694 contenderent
1476 667 1602 708 neque

116 721 388 772 remitterent,
423 723 547 763 donec
577 722 679 763 ultra
711 721 869 762 ultimos
903 721 1023 762 colles
1052 721 1186 761 hostes
1218 721 1457 775 repulissent
1488 728 1603 774 atque

117 801 251 828 eorum
284 797 417 830 essent
438 790 565 844 potiti.
609 789 744 842 Itaque
767 789 880 844 signo
904 789 993 829 dato
1015 788 1056 828 in
1079 789 1211 828 hostes
1233 789 1417 842 languide
1439 789 1515 829 tela
1536 802 1606 830 ne-

116 856 397 910 glegenterque
418 858 607 899 mittentis
630 858 758 898 subito
778 857 951 897 immittit
969 857 1153 896 cohortes
1173 862 1398 910 turmasque
1415 870 1601 906 suorum3

43 930 84 963 10
116 931 233 977 atque
266 932 409 978 puncto
442 927 629 980 temporis
661 925 837 965 hostibus
870 925 976 965 nullo
999 924 1158 977 negotio
1180 937 1315 977 campo
1339 924 1483 977 pulsis,
1516 932 1607 979 post

118 993 257 1033 collem
288 993 450 1033 deiectis
474 994 580 1033 nacti
602 993 728 1033 locum
751 1000 868 1046 atque
890 992 942 1032 ibi
964 992 1163 1046 paulisper
1184 993 1438 1042 commorati,
1474 993 1529 1033 ita
1550 993 1606 1033 uti

117 1067 232 1100 erant
262 1059 472 1111 instructi,
507 1062 649 1102 leuiter
669 1075 712 1102 se
734 1061 781 1101 ad
804 1074 895 1101 suas
916 1059 1111 1113 recipiunt
1131 1059 1387 1099 munitiones.
1430 1058 1607 1113 Itemque

118 1127 338 1168 aduersarii
372 1129 471 1169 male
505 1129 655 1183 accepti
689 1136 767 1169 tum
801 1129 953 1169 demum
984 1142 1027 1168 se
1049 1128 1095 1168 ad
1119 1141 1191 1167 sua
1212 1126 1407 1181 praesidia
1430 1128 1607 1167 contule-

119 1202 226 1235 runt.
268 1194 432 1236 Interim
462 1211 508 1238 ea
539 1211 583 1237 re
605 1205 716 1251 gesta
738 1204 778 1237 et
798 1196 947 1251 proelio
970 1196 1160 1250 dirempto
1183 1209 1236 1235 ex
1257 1194 1497 1235 aduersariis
1521 1208 1607 1249 per-

49 1269 88 1302 15
120 1263 258 1316 fugere
286 1264 419 1318 plures
452 1279 503 1305 ex
536 1266 642 1305 omni
674 1278 822 1319 genere
852 1264 1078 1313 hominum,
1113 1270 1152 1303 et
1173 1270 1379 1317 praeterea
1399 1263 1609 1316 intercepti

124 1330 331 1386 [hostium]
355 1333 574 1385 complures
607 1333 760 1386 equites
792 1332 1033 1386 peditesque.
1077 1330 1144 1370 Ex
1166 1330 1304 1384 quibus
1328 1331 1526 1385 cognitum
1549 1337 1610 1371 est

122 1399 325 1440 consilium
349 1400 515 1440 hostium
533 1431 543 1450 ,
576 1414 646 1441 eos
670 1400 740 1440 hac
763 1407 895 1441 mente
918 1407 957 1441 et
978 1406 1119 1440 conatu
1143 1399 1324 1447 uenisse,
1348 1399 1404 1438 uti
1426 1413 1530 1439 nouo
1552 1404 1611 1439 at-

123 1481 199 1519 que
230 1467 417 1508 inusitato
450 1481 596 1523 genere
618 1469 754 1523 proelii
778 1469 927 1509 tirones
949 1467 1156 1522 legionarii
1179 1467 1368 1521 paucique
1389 1466 1610 1520 perturbati

123 1532 309 1576 Curionis
343 1537 524 1590 exemplo
555 1537 602 1576 ab
635 1538 809 1591 equitatu
840 1535 1099 1577 circumuenti
1122 1535 1462 1589 opprimerentur,
1497 1542 1537 1575 et
1557 1535 1612 1576 ita

45 1609 89 1643 20
119 1600 339 1643 Labienum
372 1605 521 1645 dixisse
553 1620 622 1659 pro
655 1606 864 1654 contione,
899 1612 1047 1645 tantam
1076 1616 1166 1644 sese
1188 1602 1475 1643 multitudinem
1497 1604 1612 1644 auxi-

123 1670 261 1711 liorum
292 1671 533 1713 aduersariis
564 1674 979 1723 subministraturum,
1012 1679 1055 1712 ut
1086 1672 1204 1712 etiam
1237 1671 1434 1711 caedendo
1465 1671 1505 1711 in
1527 1672 1613 1726 ipsa

125 1739 292 1780 uictoria
322 1740 525 1794 defatigati
556 1742 814 1782 uincerentur
845 1749 959 1795 atque
982 1755 1004 1781 a
1026 1740 1108 1780 suis
1132 1746 1441 1793 superarentur,
1473 1739 1613 1793 quippe

123 1807 188 1860 qui
209 1809 238 1860 †
260 1807 298 1847 in
321 1808 476 1848 illorum
499 1809 573 1850 sibi
596 1810 826 1860 confideret,
852 1810 1035 1863 primum,
1061 1808 1161 1861 quod
1184 1807 1364 1847 audierat
1384 1806 1537 1847 Romae
1559 1806 1613 1848 le-

123 1875 261 1929 giones
300 1883 507 1918 ueteranas
547 1878 758 1918 dissentire
800 1891 928 1931 neque
965 1877 1006 1917 in
1049 1875 1229 1917 Africam
1271 1875 1375 1916 uelle
1417 1875 1611 1925 transire3

49 1949 90 1982 25
124 1942 279 1993 deinde,
306 1945 406 1996 quod
429 1945 601 1986 triennio
622 1946 661 1986 in
684 1946 823 1986 Africa
845 1959 938 1986 suos
961 1945 1105 1986 milites
1129 1943 1415 1984 consuetudine
1438 1949 1614 1984 retentos

268 2124 289 2157 2
308 2124 458 2155 cominus
477 2123 544 2165 (α).
699 2123 717 2156 3
739 2125 858 2156 nausia
878 2125 975 2157 ίῑηες.
991 2123 1172 2166 plztrc'mi',
1195 2122 1333 2154 nausias
1353 2132 1387 2154 α.
1544 2121 1617 2153 lan-

125 2182 204 2213 gore
223 2183 257 2205 a.
396 2176 415 2207 4
429 2175 580 2206 tardiora
599 2173 674 2206 cod.
696 2175 778 2207 Vrs.
799 2176 819 2209 2
837 2176 926 2207 dett.
951 2176 1089 2217 {forsan
1108 2177 1143 2206 et
1160 2172 1213 2214 0’5
1233 2174 1417 2205 tardiorem
1436 2182 1456 2203 a
1476 2172 1493 2203 b
1513 2175 1548 2204 ec
1565 2183 1617 2204 ce-

125 2228 209 2266 teri,
229 2226 270 2258 de
287 2227 418 2268 quibas
437 2230 592 2259 constat.
735 2227 753 2259 6
769 2228 940 2269 equitibus
958 2227 1086 2264 Aldus,
1107 2226 1349 2269 equitibusque
1369 2224 1470 2257 codd.
1490 2224 1530 2256 P.
1552 2224 1619 2258 204

124 2282 238 2320 extr„
259 2280 322 2310 ubi
333 2289 402 2320 pro
421 2279 473 2311 ed.
498 2280 608 2311 [fas-27.
630 2278 745 2311 Aldus
764 2279 1005 2312 nominandus
1023 2282 1114 2310 erat.
1322 2277 1523 2308 cohortatur
1543 2281 1579 2308 ut
1596 2277 1615 2309 3

127 2329 228 2371 dett„
242 2331 439 2362 cohortatus
459 2336 496 2362 ut
513 2341 534 2362 α
553 2334 588 2362 ec
606 2333 736 2362 omisso
755 2335 791 2361 ut
813 2331 851 2371 b,-
871 2331 1068 2362 cohortatus
1087 2330 1232 2372 imperat
1250 2332 1288 2359 ut
1305 2338 1382 2359 cum
1400 2337 1469 2359 uno
1489 2327 1560 2359 (let.
1579 2338 1615 2359 u.

269 2382 289 2414 7
307 2383 539 2421 remitterent]
556 2382 681 2414 bellum
700 2381 784 2413 add.
805 2382 836 2413 b.
1004 2380 1236 2423 reppulissent
1253 2389 1288 2411 α.
1446 2379 1517 2411 810
1537 2388 1616 2421 ego,

126 2435 192 2465 iam
210 2445 230 2465 a
251 2435 287 2474 ὸς
307 2445 380 2466 011111
402 2436 466 2466 iam
485 2445 521 2467 u.
663 2435 759 2466 hoste
779 2435 810 2467 b.
952 2434 970 2466 9
989 2433 1158 2465 mittentis
1178 2442 1254 2474 ego,
1275 2430 1432 2463 mittendi
1450 2441 1471 2462 α
1491 2441 1520 2468 e,
1541 2431 1619 2462 mit-

127 2490 220 2517 tente
241 2486 282 2526 b‚·
301 2487 479 2519 mitterent
497 2497 533 2518 u.
700 2491 828 2518 turmas
847 2496 880 2517 α.
1043 2486 1079 2519 11
1102 2485 1223 2517 collem
1242 2495 1262 2516 a
1283 2485 1301 2515 b
1321 2494 1348 2524 r,
1371 2484 1561 2526 collemque
1580 2495 1616 2515 η.

272 2539 311 2571 13
330 2540 419 2571 malo
438 2545 576 2582 accepto
597 2540 628 2571 b.
795 2539 835 2571 14
852 2539 905 2570 De
924 2549 954 2570 c.
978 2539 1016 2571 19
1035 2538 1111 2570 uid.
1130 2538 1171 2570 P.
1192 2535 1385 2571 205—208.
1543 2546 1617 2579 per-

131 2589 246 2630 fugere
266 2588 412 2630 Guclz'us,
434 2590 597 2633 perfugae
617 2590 719 2623 codd.
901 2590 940 2622 15
961 2588 1017 2630 ex]
1039 2594 1124 2620 eta.
1299 2592 1334 2619 et
1352 2596 1420 2618 om.
1443 2587 1474 2618 b.

131 2640 170 2672 15
190 2640 336 2671 hostium
357 2640 641 2683 ‘deleriposset'.
841 2640 880 2673 17
900 2640 1082 2672 consilium
1102 2640 1250 2672 hostium
1268 2649 1289 2670 α
1312 2639 1408 2670 ‘ms-9.
1424 2637 1616 2678 plertqzw‘,

129 2692 273 2725 hostium
294 2692 471 2725 eonsilium
488 2704 524 2726 u.
703 2693 744 2726 18
763 2693 944 2734 legionarii
964 2692 1129 2734 paucique
1148 2702 1168 2723 a
1189 2692 1206 2723 b
1224 2702 1242 2722 e
1259 2691 1278 2723 3
1297 2690 1398 2729 dett„
1420 2689 1617 2728 legionarii-

127 2755 191 2787 que
211 2743 310 2786 pauci
328 2753 363 2774 ιι.
506 2744 545 2777 19
559 2744 759 2776 circumdati
778 2755 812 2776 α.
953 2744 996 2778 20
1008 2742 1213 2785 Labienum]
1234 2742 1349 2774 Iubam
1369 2740 1470 2772 codd.

129 2796 291 2829 concione
305 2795 368 2835 (a).
509 2805 546 2827 se
566 2795 662 2828 ἠως.
680 2795 864 2838 ])ἰιινιή1ι“’.
1005 2796 1045 2829 21
1063 2792 1291 2835 aduersariis]
1305 2791 1465 2824 Caesaris
1484 2790 1567 2822 add.
1584 2792 1614 2822 b.

273 2845 424 2877 cedendo
443 2855 476 2876 a.
638 2846 680 2879 23
699 2846 755 2887 qui
775 2845 808 2886 d,
830 2846 904 2888 quis
924 2855 944 2877 a
965 2846 982 2877 b
1003 2856 1031 2877 e.
1198 2844 1263 2876 sibi
1282 2841 1468 2874 confideret
1485 2852 1528 2880 a,-
1548 2842 1614 2874 sibi

130 2898 316 2931 confideret
333 2895 552 2928 multitudine
572 2906 589 2927 c
608 2896 640 2937 cl,
662 2896 726 2928 fide
745 2896 809 2928 sibi
829 2896 1017 2928 confideret
1037 2897 1067 2927 b.
1221 2890 1393 2933 audierat]
1415 2901 1453 2923 ac
1473 2892 1555 2926 add.
1578 2904 1610 2925 a.

151 2962 271 2999 Caesar,
287 2962 331 2991 ed.
349 2962 489 3000 Nipperd.
1332 2946 1384 2987 43

1630 1194 1683 1238 19

1633 1537 1659 1576 {0

1636 1807 1660 1847 3
