1835 3240
85 175 167 219 302
605 171 678 213 DE
709 171 899 214 BELLO
931 169 1181 214 GALLICO

159 290 201 330 in
222 294 357 342 aperto
379 287 465 328 loco
487 288 700 327 secundum
719 288 860 326 flumen
883 298 1031 338 paucae
1052 285 1243 326 stationes
1256 286 1426 338 equitum
1449 285 1636 327 uideban-

84 359 138 402 19
162 365 240 398 tur.
274 355 469 396 Fluminis
493 361 578 395 erat
599 354 762 394 altitudo
783 352 921 406 pedum
944 352 1103 392 circiter
1124 353 1257 392 trium.
1292 350 1445 394 Caesar
1465 355 1637 407 equitatu

159 425 375 480 praemisso
397 422 709 474 subsequebatur
730 420 908 460 omnibus
931 421 1076 473 copiis;
1109 421 1177 460 sed
1199 421 1300 460 ratio
1322 423 1492 474 ordoque
1516 422 1638 476 agmi-

111 494 135 533 ‘2
159 493 219 533 nis
243 493 357 533 aliter
388 504 430 530 se
463 489 651 535 babebat,
687 502 731 527 ac
766 486 914 541 Belgae
944 489 990 528 ad
1020 487 1198 528 Neruios
1233 488 1468 529 detulerant.
1530 488 1635 530 Nam

161 561 261 614 quod
293 560 339 600 ad
362 558 484 598 hostis
507 556 866 609 adpropinquabat,
901 556 1186 596 consuetudine
1218 570 1288 595 sua
1311 553 1464 596 Caesar
1484 571 1558 598 sex
1579 558 1634 597 le-

114 628 139 668 3
160 629 298 682 giones
321 625 526 678 expeditas
549 624 739 673 ducebat,
773 630 861 677 post
892 637 960 663 eas
992 624 1114 664 totius
1149 624 1349 664 exercitus
1371 623 1638 677 inpedimenta

160 696 410 744 conlocarat3
435 693 525 733 inde
547 693 644 732 duae
667 691 843 745 legiones
858 722 868 740 ,
904 704 1001 744 quae
1023 705 1213 745 proxume
1237 691 1485 744 conscriptae
1507 698 1634 741 erant,

113 764 139 804 4
161 771 283 804 totum
313 774 452 815 agmen
483 759 716 801 claudebant
744 759 1017 813 praesidioque
1047 759 1321 813 inpedimentis
1345 765 1470 799 erant.
1515 757 1640 810 Equi-

160 838 219 872 tes
243 830 367 870 nostri
397 842 484 868 cum
517 827 776 868 funditoribus
809 827 1102 880 sagittariisque
1125 827 1266 867 flumen
1288 826 1531 880 transgressi
1553 840 1639 866 cum

114 897 139 939 5
162 898 330 939 hostium
354 896 530 949 equitatu
553 895 740 949 proelium
765 895 1059 935 commiserunt.
1105 892 1205 935 Cum
1227 909 1270 935 se
1291 895 1346 935 illi
1367 894 1578 934 identidem
1600 894 1642 934 in

161 966 284 1006 siluas
307 965 353 1005 ad
376 978 468 1004 suos
490 963 712 1016 reciperent
734 976 778 1002 ac
800 977 938 1002 rursus
961 976 1012 1002 ex
1025 963 1123 1002 silua
1146 963 1185 1002 in
1208 970 1365 1002 nostros
1387 962 1571 1016 impetum
1585 963 1641 1002 sa-

162 1039 323 1082 cerent,
358 1046 482 1085 neque
505 1031 629 1071 nostri
660 1031 815 1084 longius
830 1062 840 1080 ,
875 1044 988 1083 quam
1011 1045 1122 1084 quem
1145 1031 1193 1071 ad
1214 1031 1328 1070 finem
1352 1037 1533 1084 porrecta
1555 1030 1642 1069 loca

163 1108 301 1155 aperta
322 1099 596 1154 pertinebant,
632 1099 817 1138 cedentes
846 1099 1000 1151 insequi
1023 1099 1239 1147 auderent,
1273 1098 1431 1138 interim
1463 1098 1640 1152 legiones

163 1183 253 1218 seX,
279 1181 379 1221 quae
401 1167 548 1221 primae
571 1174 789 1215 uenerant,
816 1180 933 1219 opere
958 1167 1132 1206 dimenso
1156 1173 1287 1205 eastra
1317 1166 1470 1206 munire
1501 1178 1642 1218 coepe-

115 1237 141 1277 6
162 1244 266 1278 runt.
308 1234 384 1276 Vbi
408 1235 529 1288 prima
553 1234 818 1286 inpedimenta
849 1235 973 1274 nostri
996 1234 1196 1274 exercitus
1219 1233 1265 1273 ab
1288 1234 1359 1280 iis,
1384 1234 1448 1285 qui
1468 1233 1509 1272 in
1531 1232 1643 1272 siluis

162 1304 283 1344 abditi
305 1303 493 1351 latebant,
518 1302 604 1341 uisa
625 1309 732 1351 sunt,
758 1302 859 1354 quod
881 1309 1030 1355 tempus
1052 1301 1156 1341 inter
1171 1315 1238 1341 eos
1253 1300 1516 1341 committendi
1530 1313 1642 1352 proe-

162 1372 202 1412 lii
225 1377 493 1418 conuenerat,
527 1376 569 1408 ut
598 1370 702 1408 intra
734 1369 854 1408 siluas
877 1369 999 1408 aciem
1022 1369 1256 1421 ordinesque
1279 1368 1564 1408 constituerant
1586 1372 1643 1406 at-

163 1453 237 1493 que
257 1438 331 1492 ipsi
354 1451 442 1477 sese
465 1437 810 1485 confirmauerant,
837 1437 964 1476 subito
987 1436 1166 1476 omnibus
1190 1436 1312 1490 copiis
1334 1435 1644 1489 prouolauerunt

113 1507 141 1548 7
162 1507 425 1561 impetumque
446 1505 487 1544 in
511 1511 670 1544 nostros
693 1505 842 1557 equites
866 1505 1061 1545 fecerunt.
1111 1504 1185 1544 His
1208 1504 1321 1544 facile
1343 1503 1465 1557 pulsis
1486 1516 1531 1542 ac
1554 1515 1643 1555 pro-

161 1574 330 1615 turbatis
361 1572 582 1613 incredibili
614 1572 816 1612 celeritate
847 1573 895 1612 ad
917 1573 1058 1613 flumen
1081 1573 1415 1620 decucurrerunt,
1447 1577 1492 1610 ut
1521 1583 1644 1624 paene

162 1657 241 1683 uno
262 1648 437 1694 tempore
460 1647 497 1680 et
520 1641 567 1680 ad
589 1640 711 1680 siluas
734 1647 772 1680 et
793 1640 833 1680 in
856 1640 1013 1680 flumine
1045 1648 1086 1680 et
1115 1641 1190 1680 iam
1221 1641 1262 1680 in
1290 1639 1471 1679 manibus
1494 1638 1642 1678 nostris

115 1710 141 1751 8
162 1710 297 1750 hostes
318 1709 563 1748 uiderentur.
596 1707 745 1748 Eadem
769 1715 898 1748 autem
912 1709 1112 1748 celeritate
1134 1709 1302 1747 aduerso
1317 1707 1416 1747 colle
1438 1707 1486 1746 ad
1507 1712 1644 1746 nostra

85 1778 143 1823 20
167 1784 297 1818 castra
319 1783 435 1828 atque
458 1790 525 1816 eos
540 1807 550 1825 ,
575 1777 637 1828 qui
659 1776 831 1830 inopere
853 1776 1029 1828 occupati
1052 1783 1179 1824 erant,
1204 1775 1506 1815 contenderunt.
1541 1770 1643 1814 Cae-

164 1845 247 1886 sari
277 1844 405 1884 omnia
444 1857 521 1883 uno
553 1851 727 1897 tempore
757 1851 871 1883 erant
899 1844 1070 1897 agenda:
1110 1843 1299 1883 uexillum
1331 1841 1640 1895 proponendum,

164 1913 267 1966 quod
287 1918 373 1951 erat
394 1911 574 1965 insigne,
607 1925 692 1950 cum
715 1911 761 1951 ad
785 1925 891 1951 arma
915 1911 1095 1951 concurri
1120 1917 1344 1964 oporteret,
1378 1910 1532 1962 signum
1556 1908 1645 1948 tuba

163 1980 348 2027 dandum,
372 1979 418 2019 ab
443 1992 561 2033 opere
582 1979 794 2019 reuocandi
816 1978 975 2028 milites,
1001 1978 1064 2031 qui
1086 1978 1199 2032 paulo
1221 1978 1377 2032 longius
1398 1977 1555 2031 aggeris
1577 1989 1642 2030 pe—

270 2145 291 2177 2
309 2143 451 2175 circiter
468 2144 590 2186 pedum
608 2143 710 2175 trium
728 2144 783 2186 ef.
878 2144 898 2177 3
912 2143 1051 2186 subseq.
1064 2152 1138 2175 cum
1156 2142 1365 2174 omnibusl).
1463 2140 1480 2171 5
1493 2139 1581 2181 quod
1599 2139 1642 2170 ad

163 2206 281 2239 m.pr.
299 2196 348 2228 Co
361 2197 399 2236 ?,·
418 2196 526 2237 quoad
540 2196 608 2227 det
623 2206 670 2228 m.
685 2205 744 2238 pr.
760 2198 775 2227 ?
792 2197 946 2237 itemque
963 2205 1032 2226 sec.
1055 2194 1107 2237 Οφ
1120 2219 1129 2236 ,
1150 2204 1214 2236 quo
1233 2193 1274 2224 ad
1296 2192 1388 2233 bes;
1416 2191 1504 2233 quod
1520 2190 1594 2222 AE
1609 2194 1645 2222 et

168 2249 194 2279 B
206 2273 215 2287 ,
235 2250 273 2279 in
291 2257 359 2289 quo
377 2257 445 2278 sec.
465 2257 511 2278 m.
533 2247 553 2278 d
572 2247 689 2279 deleta
706 2247 748 2278 ad
769 2248 1038 2289 suprascripsit.
1192 2245 1300 2277 hostis
1317 2244 1350 2276 A
1363 2243 1391 2276 C
1407 2243 1487 2284 (hie
1501 2253 1548 2275 m.
1566 2242 1642 2284 pr.)

164 2300 195 2331 E
209 2299 306 2342 bdf,
326 2299 444 2331 hostes
464 2298 524 2340 (B)
534 2309 563 2330 e.
740 2298 1035 2342 adpropinquabat
1050 2298 1123 2341 Af.
1286 2298 1305 2330 6
1323 2296 1434 2328 tocius
1457 2305 1505 2327 m.
1519 2304 1579 2337 pr.
1598 2295 1641 2327 B.

306 2351 538 2393 inpedimenta
555 2351 624 2393 As.
781 2352 800 2385 7
819 2352 1020 2384 conlocat-at
1035 2352 1078 2383 B.
1233 2359 1395 2393 proxume
1415 2358 1491 2380 cum
1511 2348 1522 2380 i
1538 2358 1645 2390 super

163 2411 185 2432 u
202 2401 244 2432 B.
385 2401 405 2433 8
423 2401 664 2443 inpedimentis
681 2402 754 2444 As.
895 2403 914 2435 9
933 2402 1162 2443 transgressis
1180 2411 1227 2433 m.
1244 2410 1300 2442 pr.
1325 2399 1365 2432 C.
1529 2399 1570 2431 10
1590 2398 1645 2430 iti-

164 2452 239 2483 dem
256 2451 286 2482 b.
446 2452 487 2484 12
504 2457 663 2494 porrecta
680 2452 758 2484 loca
775 2458 895 2495 aperta
912 2453 1057 2493 Morus,
1077 2456 1235 2495 porrecta
1251 2460 1291 2482 ac
1307 2450 1385 2482 loca
1403 2454 1523 2492 aperta
1540 2450 1641 2482 codd.

163 2501 202 2534 P.
223 2502 277 2534 63.
422 2502 464 2534 14
481 2512 541 2533 sex
560 2512 629 2534 om.
651 2502 712 2544 bf.
828 2503 971 2545 primae]
991 2507 1071 2534 ante
1091 2503 1108 2535 b
1121 2503 1182 2544 df.
1303 2511 1402 2543 opere
1422 2501 1560 2533 dimisso
1578 2511 1642 2533 ac.

307 2554 348 2586 15
367 2554 600 2596 inpedimenta
616 2554 658 2586 B.
800 2555 843 2587 iis
861 2555 893 2586 B
906 2579 914 2594 ,
935 2555 988 2586 his
1006 2565 1041 2586 u.
1174 2554 1208 2585 in
1226 2553 1314 2584 silua
1335 2552 1362 2584 C
1376 2553 1413 2593 b,
1434 2553 1467 2584 in
1487 2552 1594 2584 siluas
1613 2563 1643 2585 e.

308 2604 350 2637 17
368 2610 603 2636 conuenerant
623 2605 651 2637 C
669 2608 704 2636 et
720 2608 805 2636 ante
822 2614 915 2636 corr.
935 2604 976 2635 B.
1116 2608 1154 2635 ut
1170 2603 1200 2634 B
1213 2603 1261 2643 C,-
1281 2603 1329 2634 ita
1346 2608 1444 2643 utu,
1463 2603 1591 2636 sedita
1608 2604 1646 2634 in

164 2655 379 2698 ADEpost
394 2655 599 2697 ordinesque
619 2655 776 2696 legitur,
795 2656 833 2685 in
850 2654 881 2686 B
897 2665 965 2686 sec.
985 2664 1032 2686 m.
1053 2656 1118 2685 z'nt.
1139 2663 1233 2685 vers.
1253 2652 1431 2684 adiectum
1448 2656 1513 2685 est.

168 2709 208 2742 19
228 2708 438 2751 proturbatis
455 2707 604 2749 A(B)D
623 2710 659 2738 et
680 2717 745 2748 pro
773 2716 852 2737 var.
880 2706 961 2737 leet.
978 2708 993 2737 ?
1008 2705 1052 2747 C,
1079 2705 1227 2736 turbatis
1245 2705 1292 2746 s,
1318 2704 1528 2747 perturbatis
1553 2704 1611 2746 (Ε)
1628 2715 1646 2736 e

165 2760 314 2801 reliqui.
507 2757 550 2790 20
572 2758 843 2789 decucurrerunt
870 2758 903 2789 A
912 2757 972 2798 (B)
983 2757 1016 2789 D
1028 2758 1046 2788 b
1059 2757 1109 2799 es
1122 2757 1295 2798 ιαῐίίᾳιιιῗ,
1315 2767 1385 2788 non
1405 2757 1642 2788 decurrerunt.

374 2799 415 2845 21
437 2814 472 2841 et
488 2809 554 2841 iam
571 2808 661 2849 DE,
680 2809 783 2840 etiam
801 2808 872 2840 AB
886 2808 934 2848 C,
955 2812 989 2839 et
1007 2808 1024 2839 b
1037 2807 1097 2850 ds.
1304 2807 1347 2841 23
1367 2806 1508 2840 Caesari
1533 2812 1645 2840 autem

167 2863 279 2894 omnia
295 2863 340 2895 A.
479 2862 522 2897 25
539 2861 671 2903 signum
689 2861 772 2894 tuba
792 2861 936 2893 dandum
956 2870 1024 2892 om.
1045 2860 1079 2892 d.
1220 2860 1262 2894 26
1282 2861 1437 2892 reuocari
1457 2861 1514 2892 be.

1674 900 1714 934 10

1677 1238 1715 1271 15

1674 1575 1717 1610 20

1675 1915 1716 1949 25
