1835 3240
108 179 190 221 576
669 178 744 222 DE
778 176 968 222 BELLO
1001 176 1178 221 CIVILI

190 293 374 348 quasdam
398 299 535 334 nactus
568 294 741 334 incendit
770 301 808 333 et
835 306 951 333 unam
982 294 1178 333 frumento
1201 299 1378 334 onustam
1401 290 1564 333 abduxit
1584 305 1665 333 ma-

191 376 384 416 gnumque
414 363 559 402 nostris
591 368 783 401 terrorem
816 360 950 400 iniec-it
972 367 1011 400 et
1033 367 1151 400 noctu
1173 360 1359 401 militibus
1381 375 1426 401 ac
1448 360 1665 415 sagittariis

142 430 168 471 3
189 431 231 471 in
252 437 399 471 terram
423 429 615 482 expositis
638 428 874 481 praesidium
898 428 1069 481 equitum
1092 427 1232 467 deiecit
1253 435 1292 467 et
1312 429 1407 468 adeo
1429 429 1504 469 loci
1527 442 1668 483 oppor-

188 499 354 539 tunitate
378 496 567 550 profecit,
601 495 656 534 uti
680 496 727 535 ad
748 493 975 549 Pompeium
1005 495 1159 535 litteras
1194 495 1391 545 mitteret,
1427 509 1547 536 naues
1576 496 1669 536 reli-

190 581 302 621 quas,
327 565 358 605 si
382 564 524 609 uellet,
558 562 718 602 subduci
742 570 780 602 et
801 563 907 602 refici
930 563 1109 609 iubertet:
1145 576 1213 602 sua
1245 562 1372 602 classe
1403 563 1550 602 auxilia
1579 576 1666 603 sese
1698 569 1716 601 5

114 635 174 680 24
196 633 383 675 Caesaris
408 630 705 685 prohibiturum.
749 629 851 670 Erat
873 644 919 670 eo
943 638 1116 684 tempore
1140 630 1336 670 Antonius
1351 628 1577 681 Brundisii3
1602 631 1675 686 qui

190 703 339 743 uirtute
369 699 530 739 militum
573 700 743 739 confisus
776 699 942 753 scaphas
973 698 1129 738 nauium
1163 711 1391 751 magnarum
1424 697 1583 737 circiter
1611 704 1673 737 LX

192 769 365 810 cratibus
399 766 616 820 pluteisque
647 768 827 807 contexit
858 781 983 820 eoque
1005 766 1147 806 milites
1170 766 1341 805 delectos
1364 765 1536 819 inposuit
1557 771 1673 817 atque

191 851 258 878 eas
281 836 320 875 in
350 835 466 875 litore
498 834 669 888 pluribus
700 836 796 875 locis
820 834 1028 889 separatim
1053 834 1244 887 disposuit
1266 846 1465 886 nauesque
1488 832 1672 872 triremes

193 905 288 944 duas
305 934 314 951 ,
350 916 444 957 quas
466 900 653 942 Brundisi
679 903 876 943 faciendas
900 909 1134 951 curauerat,
1159 916 1229 956 per
1250 915 1409 941 causam
1433 900 1676 940 exercendo-

141 973 169 1015 2
189 987 275 1013 rum
298 970 488 1024 remigum
511 971 556 1011 ad
582 971 713 1010 fauces
736 978 870 1025 portus
894 970 1050 1024 prodire
1072 970 1201 1010 iussit.
1264 969 1347 1009 Has
1379 983 1464 1008 cum
1487 967 1673 1008 audacius

190 1052 422 1095 progressas
444 1037 547 1078 Libo
578 1039 766 1092 uidisset,
801 1053 964 1093 sperans
995 1037 1175 1092 intercipi
1210 1051 1325 1091 posse
1357 1036 1624 1089 quadriremes
1645 1040 1677 1073 V

191 1109 239 1149 ad
263 1122 328 1148 eas
351 1106 470 1146 misit.
516 1104 627 1158 Quae
651 1122 735 1147 cum
760 1107 926 1147 nauibus
950 1106 1095 1146 nostris
1119 1104 1520 1160 appropinquassent,
1547 1102 1675 1143 nostri

190 1176 369 1218 ueterani
391 1176 430 1214 in
446 1182 598 1228 portum
622 1175 894 1228 refugiebant:
919 1175 974 1214 illi
996 1174 1124 1214 studio
1146 1173 1297 1213 incitati
1320 1172 1513 1212 incautius
1537 1184 1676 1223 seque-

144 1244 170 1285 3
191 1244 348 1285 bantur.
384 1241 464 1282 Iam
489 1255 540 1281 ex
553 1241 731 1281 omnibus
756 1242 929 1296 partibus
952 1241 1081 1281 subito
1104 1239 1355 1280 Antonianae
1378 1238 1543 1292 scaphae
1565 1238 1677 1291 signo
1710 1253 1713 1257 ¹

193 1314 283 1352 dato
305 1325 347 1351 se
369 1311 410 1349 in
433 1309 565 1349 hostes
589 1310 858 1348 incitauerunt
889 1309 1090 1362 primoque
1120 1308 1265 1361 impetu
1289 1321 1405 1347 unam
1429 1320 1478 1346 ex
1503 1305 1562 1346 his
1586 1319 1678 1357 qua-

192 1379 396 1419 driremem
421 1391 508 1416 cum
531 1377 743 1429 remigibus
768 1376 1116 1429 defensoribusque
1144 1376 1226 1415 suis
1259 1381 1472 1428 ceperunt,
1505 1373 1677 1426 reliquas

145 1448 172 1488 4
195 1447 361 1501 turpiter
392 1446 575 1498 refugere
608 1449 838 1497 coegerunt.
890 1444 954 1484 Ad
988 1444 1058 1484 hoc
1092 1444 1365 1483 detrimentum
1401 1441 1594 1490 accessit,
1636 1446 1678 1479 ut

193 1515 387 1568 equitibus
411 1527 479 1567 per
501 1527 609 1553 oram
633 1513 878 1553 maritumam
902 1513 948 1552 ab
970 1512 1147 1552 Antonio
1171 1511 1366 1565 dispositis
1390 1509 1524 1563 aquari
1547 1507 1677 1562 prohi-

191 1583 396 1624 berentur.
443 1579 529 1634 Qua
554 1582 792 1621 necessitate
816 1589 855 1622 et
876 1581 1091 1635 ignominia
1116 1586 1316 1634 permotus
1330 1577 1432 1619 Libo
1455 1576 1636 1618 discessit
1659 1589 1679 1616 a

192 1649 408 1691 Brundisio
431 1650 777 1702 obsessionemque
800 1657 1024 1689 nostrorum
1049 1648 1196 1689 omisit.

115 1720 171 1765 25
307 1717 424 1758 Multi
448 1717 522 1756 iam
538 1731 692 1757 menses
708 1725 821 1757 erant
844 1725 881 1757 et
903 1718 1024 1758 hiems
1038 1717 1382 1771 praecipitauerat‚
1408 1727 1535 1767 neque
1549 1711 1678 1752 Brun-

195 1788 293 1827 disio
324 1800 447 1826 naues
476 1786 729 1839 legionesque
760 1786 807 1825 ad
840 1783 1054 1826 Caesarem
1085 1784 1311 1824 ueniebant.
1374 1781 1435 1822 Ac
1466 1780 1679 1821 nonnullae

197 1856 280 1896 eius
304 1855 358 1894 rei
383 1854 684 1907 praetermissae
709 1854 936 1894 occasiones
961 1850 1126 1893 Caesari
1149 1852 1407 1900 uidebantur,
1442 1848 1540 1902 quod
1572 1854 1680 1888 certe

196 1936 313 1977 saepe
336 1922 530 1961 flauerant
553 1922 683 1972 uenti,
719 1922 856 1974 quibus
888 1921 1115 1962 necessario
1139 1918 1456 1960 committendum
1479 1915 1682 1956 existima-

148 1991 176 2033 2
196 1992 277 2032 bat.
323 1987 559 2042 Quantoque
591 1990 673 2029 eius
706 1990 869 2043 amplius
901 1995 1152 2043 processerat
1175 1987 1389 2041 temporis,
1425 1991 1536 2025 tanto
1568 1989 1682 2023 erant

196 2059 412 2099 alacriores
436 2058 481 2096 ad
506 2057 720 2107 custodias,
747 2058 810 2111 qui
834 2058 1024 2098 classibus
1048 2062 1273 2111 praeerant,
1299 2054 1564 2106 maioremque
1587 2051 1683 2092 fidu-

150 2129 176 2169 3
198 2128 297 2168 ciam
320 2124 549 2180 prohibendi
574 2125 791 2176 habebant,
827 2133 866 2166 et
896 2126 1044 2166 crebris
1068 2123 1245 2178 Pompeii
1271 2122 1412 2163 litteris
1436 2119 1682 2173 castigaban-

199 2203 278 2245 tur,
304 2194 484 2248 quoniam
506 2194 632 2248 primo
657 2194 878 2234 uenientem
892 2191 1106 2235 Caesarem
1130 2206 1208 2232 non
1229 2189 1538 2246 prohibuissent,
1564 2194 1682 2227 utre-

196 2263 321 2315 liquos
338 2262 422 2302 eius
435 2262 635 2302 exercitus
657 2262 917 2316 impedirent3
942 2262 1154 2314 duriusque
1169 2260 1310 2301 cotidie
1331 2266 1481 2310 tempus
1495 2255 1542 2295 ad
1557 2261 1685 2294 trans-

150 2331 178 2371 4
199 2330 430 2386 portandum
452 2329 667 2370 lenioribus
691 2331 818 2371 uentis
840 2345 919 2371 non
942 2329 1159 2385 spectabat.
1213 2326 1364 2380 Quibus
1387 2325 1506 2365 rebus
1530 2336 1682 2377 permo-

344 2470 360 2502 1
382 2468 533 2512 quasdaji
551 2479 586 2500 α.
751 2469 770 2502 3
790 2475 882 2501 terra
903 2470 933 2501 b.
1099 2467 1330 2510 oportunitate
1349 2476 1383 2498 a.
1553 2464 1570 2496 5
1589 2460 1681 2503 sese]

200 2532 276 2554 esse
296 2532 329 2553 α.
495 2521 513 2553 6
533 2521 587 2562 qui
606 2530 675 2552 om.
697 2530 718 2552 a
732 2521 749 2551 b
769 2523 786 2553 5
807 2521 894 2553 dett.
1067 2520 1084 2552 7
1103 2520 1230 2552 uirtute
1248 2529 1307 2558 ac,
1330 2517 1450 2550 uirtuti
1470 2516 1635 2559 ‘plurimi
1650 2517 1688 2545 et

200 2570 460 2605 uetustissz'mi'
475 2574 490 2602 ἵ)
507 2581 542 2602 ιι.
684 2572 853 2614 schaphas
871 2582 905 2602 α.
1047 2571 1068 2603 8
1088 2571 1241 2602 delectos
1260 2579 1328 2601 om.
1353 2570 1384 2601 b.
1533 2564 1685 2608 inposuit

202 2637 236 2659 α.
378 2624 396 2655 9
416 2623 568 2665 pluribus
587 2623 620 2654 in
638 2623 722 2655 locis
743 2624 774 2655 b.
930 2624 1114 2666 separatim
1134 2632 1200 2654 om.
1224 2623 1254 2653 b.
1412 2621 1453 2653 10
1472 2618 1632 2651 Brundisi
1649 2627 1683 2648 a.

347 2677 386 2710 13
407 2676 692 2718 propinquassent
709 2686 730 2707 α
744 2676 761 2707 b
782 2676 799 2708 5
819 2675 907 2708 dett.
1072 2675 1110 2707 15
1129 2674 1341 2706 Antonianes
1360 2683 1394 2705 α.
1567 2670 1607 2702 19
1626 2678 1686 2711 per

203 2741 262 2763 ora
281 2730 451 2762 maritima
468 2739 490 2759 α
510 2731 544 2759 et
561 2731 690 2760 omisso
709 2739 770 2769 per
788 2729 805 2759 b
826 2728 1023 2769 (marituma
1041 2727 1091 2766 a).
1272 2726 1316 2759 22
1335 2729 1436 2757 erant
1453 2734 1473 2755 a
1487 2723 1517 2763 b,
1539 2721 1686 2754 transie-

203 2786 282 2814 rant
301 2792 334 2812 ιι.
500 2779 604 2810 biems
623 2789 644 2811 a
658 2780 689 2819 b,
711 2779 816 2810 hiems
834 2779 900 2810 iam
919 2789 939 2809 u
960 2778 1091 2820 (hyems
1111 2776 1160 2818 a).
1347 2777 1390 2809 25
1410 2784 1489 2816 sepe
1509 2783 1542 2805 a.

203 2834 246 2867 26
266 2834 508 2875 processerant
527 2830 558 2861 b.
700 2829 742 2862 27
762 2829 951 2861 custodiam
973 2829 1004 2859 b.
1167 2827 1209 2860 30
1227 2824 1447 2870 impedirent]
1468 2823 1688 2867 prohiberent

204 2886 235 2917 b.
389 2884 428 2916 31
451 2892 514 2914 non
534 2880 713 2924 spectabat
731 2891 806 2923 ego,
829 2880 1078 2923 exspectabant
1097 2879 1198 2912 codd.
1218 2879 1312 2922 (exp.
1332 2877 1383 2920 α).
1402 2878 1443 2910 Ρ.
1466 2876 1543 2909 166.

1708 907 1749 940 16

1709 1581 1752 1616 20

1716 2260 1758 2293 30
