1835 3240
702 153 1125 197 —240—

162 269 282 323 legati
313 271 360 310 ad
393 269 571 324 oppidum
602 269 829 318 uenissent,
877 269 982 309 solos
1004 268 1284 311 Vrsaonenses
1316 282 1434 310 ausos
1465 271 1648 313 introire.

163 336 240 390 Qui
259 352 345 378 cum
367 338 559 378 mandatis
583 338 752 391 peractis
776 337 823 376 ad
839 334 1123 383 Caesarianos,
1148 337 1211 390 qni
1235 343 1324 376 ante
1347 339 1523 391 oppidum
1542 353 1652 379 inan-

163 413 321 453 serant,
346 406 535 452 redirent,
561 405 772 458 oppidanos
797 405 991 458 praesidio
1013 405 1214 446 insecutos
1238 404 1390 457 legatos
1413 407 1648 448 trucidasse.

161 472 316 514 Deinde
338 474 434 514 haec
457 475 640 525 leguntur
662 474 698 526 ξ.
724 472 774 512 3:
813 470 917 512 ‘Duo
940 472 1081 525 reliqui
1105 486 1155 513 ex
1179 473 1236 513 eis
1262 473 1458 524 fugerunt,
1485 471 1651 515 Caesari

160 555 244 582 rem
267 549 415 595 gestam
440 541 663 580 detulerunt
686 546 724 579 et
744 540 1012 592 speculatores
1035 541 1082 580 ad
1106 541 1285 595 oppidum
1309 539 1504 593 Ateguam
1535 542 1652 582 mise-

161 617 267 649 runt.
323 608 399 661 Qui
431 623 517 648 cum
550 615 702 648 certum
725 608 1011 660 comperissent
1031 609 1250 662 legatorum
1274 622 1463 660 responsa
1484 609 1537 649 ita
1563 623 1651 650 esse

162 684 273 730 gesta
289 707 299 727 ‚
325 676 644 729 quemadmodum
667 675 722 715 illi
745 675 1001 726 retulissent,
1035 677 1082 717 ab
1106 676 1308 731 oppidanis
1331 689 1527 715 concursu
1551 677 1650 716 facto

164 758 269 791 euni,
294 744 356 796 qui
379 744 529 797 legatos
551 744 790 798 jugulasset,
816 743 989 797 lapidare
1013 752 1052 785 et
1074 745 1108 784 ei
1131 758 1270 784 manus
1293 744 1490 783 intentare
1513 757 1652 797 coepe-

163 812 283 851 runt'.
322 809 471 851 Verum
494 819 674 865 apertum
693 818 753 851 est
775 826 852 851 non
876 812 972 852 duos
994 812 1082 852 illos
1096 813 1247 865 legatos
1262 813 1530 864 speculatores
1555 812 1653 851 Ate-

161 892 275 932 guam
299 879 455 919 misisse
486 880 581 932 (quo
614 879 704 932 quid
726 880 891 932 cogitari
913 880 1084 933 ineptius
1106 879 1308 933 potest'3),
1333 880 1400 918 sed
1421 877 1653 919 Vrsaonen-

162 959 226 986 ses
243 977 252 995 ,
286 952 328 985 ut
360 953 507 986 certum
542 947 831 1000 comperirent,
865 961 955 987 num
978 947 1136 1002 Ategua
1158 962 1179 987 a
1202 945 1375 986 Caesare
1400 953 1511 1000 capta
1533 952 1650 986 esset.

160 1011 299 1069 Itaque
321 1021 410 1068 post
430 1014 592 1054 uerbum
619 1014 873 1055 ‘detulerunt'
897 1015 1085 1067 quaedam
1109 1015 1306 1055 excidisse
1322 1015 1533 1054 notandum
1548 1020 1648 1053 erat.

162 1079 352 1122 Ceterum
374 1082 495 1123 uerba
519 1083 753 1135 ‘legatorum
775 1082 978 1135 responsa'
997 1080 1177 1135 Scaliger
1198 1083 1374 1122 eicienda
1396 1080 1649 1134 significauit,

161 1151 287 1202 quod,
324 1151 357 1190 si
378 1150 417 1189 in
448 1151 524 1190 alio
557 1150 751 1203 scriptore
781 1163 1057 1200 uersaremur,
1089 1150 1174 1190 sine
1196 1149 1275 1189 ulla
1297 1149 1538 1188 dubitatione
1562 1162 1652 1201 pro-

160 1218 310 1258 barem.
357 1216 434 1258 Sed
467 1218 553 1258 aliis
576 1218 672 1257 locis
695 1232 773 1258 non
795 1219 919 1271 inagis
942 1218 1099 1273 proprie
1121 1217 1236 1256 huius
1259 1217 1348 1256 libri
1369 1222 1572 1255 auctorem
1595 1215 1651 1255 lo-

162 1292 290 1325 cutum
315 1299 402 1325 esse
424 1300 462 1339 p.
487 1285 542 1325 26
565 1286 734 1326 ostendi.

274 1350 322 1392 C.
349 1353 418 1403 24,
443 1353 470 1392 2
493 1353 587 1393 haec
611 1354 817 1405 leguntur:
854 1351 1089 1406 ‘Pompeius
1120 1366 1206 1391 cum
1235 1350 1568 1390 animaduerteret
1589 1362 1652 1388 ca-

160 1420 273 1460 stello
306 1434 348 1460 se
382 1421 535 1460 excludi
560 1420 762 1474 Aspauia,
796 1421 897 1473 quod
928 1426 989 1460 est
1019 1420 1065 1459 ab
1089 1418 1219 1460 chbi
1251 1418 1357 1457 milia
1389 1431 1573 1470 passuum
1596 1414 1649 1465 V,

160 1488 256 1528 haec
281 1502 345 1528 res
368 1489 593 1528 necessario
617 1488 847 1537 deuocabat,
874 1494 916 1528 ut
937 1488 982 1528 ad
1006 1487 1265 1527 dimicandum
1285 1486 1556 1534 descenderet,
1585 1497 1652 1524 ne-

160 1569 233 1608 que
257 1563 385 1596 tamen
409 1570 533 1609 aequo
560 1557 646 1596 loco
669 1556 729 1596 sui
750 1562 983 1609 potestatem
1007 1555 1199 1604 faciebat,
1234 1554 1303 1594 sed
1336 1567 1390 1594 ex
1421 1566 1558 1606 grumo
1581 1565 1653 1592 ex-

159 1623 307 1663 celsum
342 1624 527 1664 tumulum
563 1625 761 1678 capiebat,
798 1637 923 1676 usque
947 1637 1008 1672 eo,
1034 1631 1075 1663 ut
1097 1623 1324 1663 necessario
1347 1627 1557 1675 cogeretur
1575 1618 1652 1659 ini-

161 1705 279 1743 quum
301 1691 427 1731 locuni
452 1692 613 1732 subire'.
650 1690 799 1732 Verum
823 1692 986 1744 primuni
1005 1705 1067 1738 eo,
1092 1690 1191 1744 quod
1214 1688 1426 1742 Pompeius
1450 1686 1650 1727 excelsum

160 1758 347 1797 tumulum
372 1759 574 1813 capiebat,
601 1759 707 1799 nullo
730 1760 843 1799 modo
867 1759 963 1798 effici
986 1765 1153 1816 poterat,
1180 1765 1221 1797 ut
1242 1758 1324 1810 ipse
1347 1764 1557 1809 cogeretur
1577 1754 1652 1793 ini-

159 1840 275 1878 quum
299 1826 426 1866 locum
448 1827 607 1877 subire,
642 1841 754 1880 quam
777 1840 858 1867 rem
881 1826 929 1866 iis
952 1832 1182 1866 euenturum
1211 1825 1331 1865 fuisse
1364 1829 1552 1876 apparet,
1588 1821 1652 1874 qui

158 1891 386 1947 Pompeium
413 1895 599 1934 tumulum
622 1895 727 1934 illum
746 1894 985 1934 obtinentem
1001 1894 1326 1947 aggrederentur.
1357 1890 1526 1939 Deinde,
1552 1902 1652 1942 quae

159 1961 291 2000 statim
314 1961 559 2001 adiciuntur:
593 1959 700 2014 ‘Quo
726 1962 771 2002 de
796 1963 897 2001 facto
921 1975 1006 2001 cuni
1030 1968 1283 2013 utrorumque
1306 1959 1440 2012 copiae
1462 1958 1651 1997 tumulum

159 2029 417 2069 excellentem
432 2031 638 2083 petissent,
665 2029 850 2083 prohibiti
873 2043 895 2069 a
916 2029 1062 2069 nostris
1085 2035 1193 2078 sunt,
1218 2027 1356 2068 deiecti
1380 2025 1568 2080 planitie',
1601 2037 1651 2064 ne

160 2098 312 2150 cepisse
335 2097 488 2149 quidem
514 2099 701 2138 tumulum
723 2095 950 2150 Pompeium
974 2097 1272 2143 demonstrant,
1305 2095 1374 2135 sed
1408 2107 1551 2147 capere
1581 2107 1652 2132 uo—

158 2164 281 2204 luisse
296 2196 306 2214 ,
332 2178 457 2217 neque
480 2165 517 2204 id
541 2180 628 2205 eum
651 2165 793 2205 fecisse
817 2178 868 2204 ex
891 2178 1028 2217 grumo
1045 2195 1055 2214 ,
1092 2164 1193 2216 quod
1215 2163 1267 2203 ita
1290 2163 1442 2201 demum
1466 2167 1572 2201 recte
1595 2160 1652 2199 di-

158 2239 327 2281 cereum,
354 2233 385 2272 si
410 2233 581 2272 tumulus
602 2233 643 2272 in
665 2246 802 2286 grumo
826 2232 976 2286 positus
1000 2231 1161 2281 fuisset,
1187 2231 1254 2270 sed
1279 2244 1331 2270 ex
1354 2229 1528 2284 planitie.
1571 2225 1652 2268 Ita-

159 2314 233 2353 que
268 2307 357 2353 post
388 2301 508 2341 uerba
534 2305 602 2341 ‘ex
624 2300 782 2354 grumo'
808 2300 995 2340 nonnulla
1020 2299 1171 2353 perisse
1194 2296 1427 2352 significaui.
1471 2294 1652 2335 Fuerunt

158 2375 286 2408 autem
311 2382 355 2408 eo
378 2369 463 2408 loco
488 2368 583 2408 haec
608 2370 688 2409 sere
710 2369 932 2408 declarata:
956 2368 1061 2407 inter
1083 2372 1287 2419 utramque
1310 2364 1433 2404 aciem
1445 2363 1650 2403 excelsum

159 2436 347 2476 tumulum
371 2436 516 2486 l'uisse3
546 2443 633 2476 uter
655 2451 742 2477 eum
765 2436 950 2490 cepisset,
976 2430 1650 2484 eumaduersariosiuiquumlocum

158 2504 290 2544 subire
312 2511 537 2543 coacturum
562 2505 699 2545 fuisse.
741 2503 879 2544 Einsd.
906 2519 940 2543 c.
956 2503 1028 2556 §.5
1052 2502 1109 2542 sic
1132 2501 1259 2542 edidi:
1287 2499 1487 2551 ‘Vndique
1509 2498 1650 2537 ceden-

157 2571 260 2611 tibus
283 2571 524 2612 aduersariis
548 2586 625 2611 non
649 2586 783 2625 parum
806 2585 947 2624 magna
968 2571 1008 2611 in
1032 2571 1150 2610 caede
1172 2568 1449 2609 uersabantur.
1496 2563 1650 2617 Quibus

156 2653 284 2689 mons,
311 2653 388 2679 non
412 2639 538 2678 uirtus
563 2640 680 2679 saluti
705 2640 776 2679 fuit
797 2638 986 2679 subsidio.
1032 2636 1146 2690 Quod
1168 2636 1245 2676 nisi
1268 2635 1596 2687 aduesperasset,
1627 2646 1650 2671 a

157 2706 407 2762 paucioribus
429 2707 576 2746 nostris
599 2708 705 2747 omni
727 2707 877 2747 anxilio
900 2707 1043 2761 priuati
1065 2701 1228 2745 03300ῑῖ
1269 2701 1412 2741 Editur
1425 2701 1540 2754 uulgo
1557 2704 1649 2753 ‘quo

157 2774 333 2815 subsidio
350 2805 381 2829 ,ι
396 2773 473 2813 nisi
495 2774 822 2827 aduesperasset,
857 2789 878 2814 a
911 2772 1161 2828 paucioribus
1191 2769 1338 2810 nostris
1370 2767 1475 2808 omni
1498 2765 1649 2807 auxilio

158 2843 300 2898 priuati
323 2842 483 2884 essent'.
520 2840 669 2883 Verum
691 2843 754 2894 qui
777 2842 859 2882 lieri
881 2848 1026 2896 potest,
1052 2847 1092 2881 ut
1111 2839 1242 2880 uerbis
1268 2842 1360 2891 ‘quo
1375 2835 1561 2878 subsidio'
1583 2847 1649 2875 su-
