1835 3240
116 163 200 205 394
638 166 714 209 DE
745 166 933 210 BELLO
966 163 1216 208 GALLICO

192 276 423 326 aedificent3
448 292 496 319 ne
519 294 594 333 qua
616 281 766 321 oriatur
786 280 975 333 pecuniae
997 279 1187 333 cupiditas
1201 310 1211 329 ‚
1246 294 1321 335 qua
1343 294 1395 321 ex
1414 295 1458 322 re
1481 282 1671 323 factiones

143 343 171 383 4
193 344 537 400 dissensionesque
559 355 800 397 nascuntur3
830 353 873 387 ut
893 346 1012 386 animi
1034 346 1231 398 aequitate
1253 348 1401 400 plebem
1426 350 1668 399 contineant,

116 410 174 456 23
198 426 285 453 011111
307 427 398 454 51135
422 415 584 467 quisque
607 429 699 468 opes
724 429 808 454 cum
831 414 1114 467 potentissimis
1138 415 1298 466 aequari
1318 416 1464 457 uideat.
1517 414 1670 457 Ciuita-

192 479 296 520 tibus
318 481 489 521 maxima
520 481 606 521 iaus
639 489 699 522 est
729 495 843 534 quam
877 482 1068 522 latissime
1099 481 1246 521 circum
1277 495 1320 522 se
1342 485 1508 524 uastatis
1531 485 1670 525 finibus

141 545 168 587 2
189 547 422 588 solitudines
446 547 605 589 habere.
658 548 745 590 Hoc
779 549 975 603 proprium
1008 550 1166 590 uirtutis
1197 549 1449 600 existimant,
1484 552 1668 605 expulsos
1701 561 1718 592 5

189 615 297 667 agris
320 616 516 655 finitumos
541 616 696 667 cedere,
723 631 847 670 neque
869 631 1099 670 quemquam
1122 631 1240 671 prope
1264 617 1408 658 audere
1426 620 1668 669 consistere,

143 679 169 721 3
191 681 308 721 simul
331 682 403 722 hoc
424 696 467 722 se
490 683 574 723 fore
587 684 753 725 tutiores
766 684 1010 725 arbitrantur
1021 684 1252 738 repentinae
1273 684 1512 725 incursionis
1536 686 1674 726 timore

142 747 168 787 4
189 749 360 789 511111310.
405 747 506 790 Cum
528 750 671 794 bellum
693 753 834 792 ciuitas
857 759 925 793 3111
945 753 1110 793 inlatum
1133 752 1306 792 defendit
1327 759 1394 793 aut
1415 753 1556 802 infert,
1591 768 1671 793 1113-

190 815 395 868 gistratus,
423 818 484 870 qui
509 819 543 858 ei
565 818 667 860 bello
690 821 887 874 praesint,
913 827 955 860 ut
975 820 1081 860 uitae
1104 820 1288 872 necisque
1310 820 1479 860 habeant
1500 827 1672 874 potesta-

143 882 167 923 5
190 890 290 933 tem,
329 884 568 938 deliguntur.
628 885 675 927 In
705 902 798 941 pace
821 888 950 928 nullus
973 895 1034 929 est
1055 888 1272 928 communis
1294 888 1572 942 magistratus,
1606 889 1674 928 sed
1706 895 1746 928 10

188 950 384 1004 principes
405 954 611 1006 regionum
635 963 751 1009 atque
773 970 963 1010 pagorum
985 957 1090 996 inter
1101 969 1193 996 suos
1215 955 1274 995 ius
1297 956 1673 996 dicuntcontrouer-

142 1016 168 1057 6
189 1018 348 1072 siasque
371 1020 564 1062 minuunt.
605 1021 836 1064 Latrocinia
858 1024 1002 1064 nullam
1026 1023 1170 1063 habent
1190 1023 1386 1064 infamiam
1402 1054 1412 1073 ,
1438 1037 1536 1076 quae
1557 1030 1674 1063 extra

188 1086 286 1126 fines
310 1088 497 1141 cuiusque
527 1090 700 1132 ciuitatis
723 1093 843 1141 fiunt,
879 1099 995 1144 atque
1025 1105 1071 1131 ea
1099 1091 1315 1131 iuuentutis
1350 1091 1597 1131 exercendae
1627 1105 1672 1131 ac

141 1152 167 1193 7
189 1153 362 1198 desidiae
375 1156 612 1199 minuendae
630 1173 748 1199 causa
770 1159 854 1200 fieri
877 1159 1119 1212 praedicant.
1147 1157 1275 1210 Atque
1296 1159 1362 1198 ubi
1385 1159 1470 1211 quis
1493 1173 1544 1198 ex
1567 1158 1673 1211 prin-

189 1221 339 1275 cipibus
361 1223 400 1263 in
424 1224 590 1266 concilio
614 1227 716 1266 dixit
736 1241 779 1267 se
802 1228 939 1267 ducem
962 1228 1063 1276 fore,
1089 1226 1154 1278 qui
1175 1225 1285 1277 sequi
1301 1225 1439 1272 uelint,
1464 1227 1675 1279 profitean-
1707 1233 1747 1265 15

186 1296 275 1339 tur,
311 1300 554 1344 consurgunt
574 1293 626 1343 ii,
661 1294 724 1346 qui
756 1301 796 1334 et
827 1308 986 1334 causam
1017 1301 1056 1333 et
1078 1292 1272 1333 hominem
1295 1293 1462 1346 probant
1483 1306 1673 1346 suumque

139 1355 165 1396 8
187 1357 377 1398 auxilium
400 1360 636 1412 pollicentur
656 1369 774 1416 atque
797 1362 843 1402 ab
859 1361 1107 1402 multitudine
1129 1360 1433 1400 conlaudantur:
1460 1360 1523 1413 qui
1545 1374 1598 1400 ex
1614 1360 1673 1400 his

186 1425 312 1465 secuti
335 1439 412 1466 non
434 1435 552 1477 sunt,
585 1429 626 1468 in
657 1430 903 1470 desertorum
934 1443 979 1470 ac
1012 1428 1254 1482 proditorum
1277 1442 1438 1468 numero
1461 1428 1670 1478 ducuntur,

185 1493 434 1547 omniumque
468 1495 526 1536 his
556 1509 690 1537 rerum
721 1505 856 1551 postea
879 1498 974 1538 fides
997 1498 1226 1551 derogatur.
1258 1536 1263 1538 a
1288 1495 1494 1550 Hospitem
1526 1496 1674 1536 uiolare

140 1559 166 1600 9
188 1561 247 1601 fas
269 1575 348 1602 non
371 1570 530 1616 putant,
566 1565 630 1620 qui
654 1580 896 1619 quacumque
919 1567 966 1607 de
990 1580 1109 1607 631153
1130 1565 1178 1606 ad
1201 1578 1268 1605 eos
1290 1571 1510 1613 uenerunt,
1546 1563 1593 1604 ab
1614 1564 1674 1604 in-
1703 1571 1746 1604 20

185 1628 288 1674 iuria
310 1630 543 1683 prohibent,
568 1641 729 1675 sanctos
752 1634 897 1675 habent
912 1666 921 1684 ,
946 1634 1085 1687 hisque
1108 1633 1279 1674 omnium
1303 1633 1437 1673 domus
1460 1638 1594 1685 patent
1617 1631 1674 1671 ui-

110 1696 166 1741 24
190 1704 351 1751 ctusque
382 1701 709 1742 communicatur.
772 1702 834 1743 Ac
866 1703 939 1742 fuit
970 1710 1085 1742 antea
1118 1708 1293 1754 tempus,
1328 1714 1415 1740 cum
1450 1698 1671 1740 Germanos

188 1764 292 1806 Galli
315 1767 463 1808 uirtute
486 1777 745 1823 superarent,
780 1771 885 1811 ultro
917 1770 1020 1810 bella
1040 1770 1258 1818 inferrent,
1292 1774 1453 1821 propter
1475 1767 1673 1807 bominum

185 1834 474 1875 multitudinem
507 1838 669 1891 agrique
699 1838 870 1891 inopiam
902 1845 1010 1878 trans
1031 1836 1214 1877 Rhenum
1248 1835 1423 1875 colonias
1452 1834 1669 1874 mitterent.

139 1901 165 1942 2
186 1899 324 1955 Itaque
347 1916 419 1953 ea,
456 1918 554 1957 quae
576 1905 820 1946 fertilissima
842 1904 1081 1946 Germaniae
1104 1911 1212 1953 sunt,
1238 1904 1324 1943 loca
1348 1903 1495 1942 circum
1519 1901 1675 1957 Hercy-
1705 1909 1746 1943 25

185 1965 289 2006 niam
312 1967 468 2015 siluam,
494 1982 608 2020 quam
629 1968 886 2010 Eratostheni
916 1977 954 2009 et
976 1969 1203 2022 quibusdam
1227 1965 1392 2008 Graecis
1416 1967 1518 2005 fama
1541 1973 1673 2006 notam

331 2048 344 2079 1
369 2057 476 2089 neque
496 2048 629 2080 oriatur
650 2050 746 2081 ‘ms-s.
767 2049 797 2081 3’
817 2050 1017 2082 Almez'nus.
1206 2049 1227 2080 4
1246 2047 1414 2079 latissime
1432 2048 1463 2080 Β
1484 2044 1672 2086 ‘plerique'

184 2098 395 2138 Alnzoz'nus5
416 2098 595 2130 latissimis
616 2110 636 2131 α
651 2100 708 2140 be,
730 2100 917 2132 latissimas
938 2112 971 2133 ιι.
1114 2101 1130 2131 5
1151 2098 1302 2140 expulsis
1321 2098 1351 2128 Β
1367 2098 1407 2129 C.
1563 2095 1581 2126 6
1600 2095 1672 2126 fini-

187 2153 297 2180 tumos
315 2150 360 2180 A.
512 2161 614 2193 prope
633 2161 668 2183 se
689 2152 816 2183 audere
837 2152 854 2182 b
868 2162 897 2183 e.
1061 2151 1080 2182 8
1098 2150 1241 2181 inlatum
1261 2149 1304 2180 B.
1469 2149 1487 2180 9
1506 2151 1671 2189 praesunt

184 2199 216 2230 D
232 2200 262 2230 b.
406 2200 445 2232 10
466 2201 569 2232 11111115
588 2201 633 2233 A.
778 2202 820 2235 12
838 2201 1053 2233 latrocinium
1070 2201 1116 2232 D.
1259 2199 1301 2231 14
1320 2198 1484 2229 desidiam
1506 2198 1546 2229 A.

186 2252 242 2284 ubi
262 2252 403 2294 quisque
422 2263 462 2284 ex
484 2254 515 2285 b.
667 2255 708 2286 15
728 2255 855 2287 dixerit
870 2255 1073 2286 Αιήιοιήιιε.
1238 2251 1277 2283 16
1297 2250 1343 2287 111,
1364 2250 1420 2292 qui
1438 2250 1468 2281 B
1485 2250 1671 2281 Aimoz'nus

187 2302 266 2334 edd.
287 2306 368 2334 ante
388 2304 532 2335 Aldmn.
680 2305 718 2338 17
738 2315 757 2336 a
778 2306 808 2336 b.
957 2302 1208 2335 conlaudantur
1227 2302 1268 2333 B.
1433 2311 1475 2332 ex
1493 2300 1543 2331 his
1562 2301 1593 2331 B
1609 2301 1671 2331 Αί-

185 2357 327 2387 moz'nus
348 2355 425 2386 edd.
447 2360 530 2388 ante
549 2356 648 2397 Ala„
671 2367 711 2389 ex
732 2358 774 2389 iis
794 2356 907 2389 Aldus
928 2366 962 2387 u.
1176 2353 1217 2386 18
1236 2354 1396 2384 dicuntur
1413 2356 1496 2384 ante
1515 2361 1607 2384 corr.
1627 2353 1668 2384 B.

332 2406 371 2438 19
391 2406 443 2438 his
462 2408 492 2438 B
510 2409 702 2440 Aimoinus
721 2408 799 2440 edd.
821 2411 903 2439 ante
921 2406 1005 2439 Αἶά.
1030 2405 1114 2448 (sed
1131 2406 1196 2436 hae
1211 2407 1296 2446 post
1313 2414 1424 2435 rerum
1438 2405 1466 2443 ),
1495 2404 1536 2435 115
1556 2404 1671 2436 Aldus

186 2457 236 2500 (is
254 2468 392 2499 quoque
407 2462 491 2498 post
508 2459 637 2501 rerum)
658 2470 692 2492 u.
858 2458 1025 2500 hospitem
1045 2457 1075 2489 B
1096 2455 1278 2498 ‘plerique'
1297 2456 1497 2494 Aimoinzls,
1520 2454 1669 2496 hospites

187 2519 249 2540 eu.
392 2509 517 2540 uiolari
536 2511 591 2541 be.
751 2510 794 2544 20
813 2519 1021 2552 quacumque
1040 2509 1132 2548 boe,
1153 2516 1284 2548 quaque
1303 2506 1364 2544 (B)
1382 2506 1519 2546 reliqui
1535 2506 1673 2537 Αἰνησί-

187 2570 266 2592 nus.
405 2566 574 2592 uenerunt
592 2561 650 2592 Be
668 2561 815 2603 reliqui,
836 2561 995 2593 uenerint
1014 2560 1059 2591 bc
1076 2559 1280 2591 Aimomus.
1405 2558 1444 2588 ab
1464 2567 1532 2588 om.
1553 2557 1669 2588 abc-e.

328 2612 368 2647 21
391 2618 527 2644 sanctos
556 2614 682 2645 habent
699 2614 730 2645 B
756 2612 957 2655 ‘plerique'
984 2612 1193 2649 Aimoinus‚
1225 2614 1430 2650 sanctosque
1457 2609 1585 2640 habent
1608 2617 1672 2639 eu.

330 2663 449 2704 hisque
469 2664 527 2694 Be
553 2664 743 2695 Az'moz‘nus
762 2668 797 2695 et
812 2666 864 2695 sic
895 2662 974 2694 ‘uel
990 2662 1099 2703 iisque
1123 2659 1307 2702 plerz‘qne'
1336 2660 1468 2701 (iisque
1487 2659 1564 2691 edd.
1585 2662 1671 2690 ante

185 2715 300 2757 Aut),
322 2716 365 2748 iis
382 2715 503 2748 Aldus
517 2725 551 2747 u.
695 2716 737 2750 23
757 2716 927 2748 inferrent
944 2724 983 2746 ac
1002 2718 1143 2756 propter
1153 2713 1354 2745 Az'moz'nns.
1476 2712 1518 2745 25
1538 2709 1669 2752 itaque]

188 2773 291 2810 atque
312 2768 343 2798 b.
485 2765 687 2798 Germaniae
708 2772 786 2798 sunt
801 2767 829 2798 B
844 2768 870 2799 C
884 2766 1075 2798 Az'moinus
1088 2765 1210 2806 praes.
1231 2775 1258 2796 c.
1278 2765 1306 2806 1,
1328 2768 1407 2795 sunt
1418 2762 1620 2795 Germaniae
1632 2772 1667 2793 ιι.

332 2817 527 2849 Hircaniam
548 2819 565 2849 b
587 2819 636 2849 ‘et
652 2818 756 2858 ἀείτί,
778 2817 969 2848 Herciniam
986 2817 1194 2850 Aimoz'nus.
1335 2816 1376 2848 2ss
1397 2823 1482 2856 quae
1503 2813 1534 2844 b.

190 2868 389 2901 Eratosteni
408 2869 437 2900 B
457 2868 613 2901 ’'omnes-².
757 2873 836 2900 nota
855 2868 886 2900 b.
