1835 3240
99 154 182 197 568
663 156 738 199 DE
769 154 958 198 BELLO
992 153 1170 198 ClVILI

99 267 156 312 10
294 267 661 310 Demonstrauimus
683 268 733 309 L.
758 269 974 310 Vibullium
997 268 1166 319 Rufum,
1198 267 1373 324 Pompeii
1397 273 1654 325 praefectum,

177 329 236 370 bis
257 330 299 370 in
320 338 550 384 potestatem
574 331 804 384 peruenisse
827 327 1015 370 Caesaris
1045 337 1159 382 atque
1188 331 1235 371 ab
1258 345 1304 372 eo
1327 346 1414 372 esse
1437 333 1653 383 dimissum,

127 391 155 432 2
176 393 296 433 semel
318 394 363 434 ad
387 391 620 442 Corfinium,
645 394 784 432 iterum
808 394 847 433 in
869 392 1079 447 Hispania.
1124 392 1238 433 Hunc
1260 409 1329 447 pro
1351 396 1431 435 suis
1453 395 1655 437 beneficiis

178 455 330 498 Caesar
351 458 531 497 idoneum
557 456 822 504 iudicauerat,
859 470 971 508 quem
995 470 1081 496 cum
1105 457 1298 496 mandatis
1321 458 1367 497 ad
1391 455 1466 498 Cn.
1490 457 1656 512 Pompe-

174 525 251 565 ium
276 526 463 573 mitteret,
489 524 730 575 eundemque
753 524 853 577 apud
869 520 945 563 Cn.
960 522 1187 577 Pompeium
1210 525 1485 565 auctoritatem
1506 527 1653 567 habere

127 592 152 633 3
175 592 440 645 intellegebat.
477 589 719 631 Eratautem
744 591 840 631 haec
851 605 1001 632 summa
1014 593 1299 632 mandatorum.
1330 590 1488 633 Debere
1511 602 1657 634 utrum-

176 675 248 713 que
271 659 511 714 pertinaciae
543 659 658 698 finem
691 659 822 699 facere
845 667 884 699 et
905 660 952 699 ab
974 660 1092 700 armis
1117 660 1320 701 discedere
1343 674 1469 713 neque
1491 661 1655 715 amplius

128 727 155 768 4
179 729 373 768 fortunam
397 726 627 780 periclitari.
673 725 782 766 Satis
815 741 903 767 esse
937 742 1075 783 magna
1109 728 1305 781 utrimque
1326 728 1571 768 incommoda
1593 742 1658 768 ac-

176 802 303 849 cepta,
329 809 428 847 quae
451 808 519 848 pro
543 794 746 847 disciplina
771 802 811 835 et
832 797 1050 850 praeceptis
1065 796 1210 836 habere
1224 802 1400 850 possent,
1427 803 1468 835 ut
1485 796 1656 848 reliquos

128 861 153 902 5
177 877 291 903 casus
323 863 532 902 timerent:
566 862 673 902 illum
697 861 812 902 Italia
844 865 1048 917 expulsum
1082 864 1226 905 amissa
1249 861 1383 903 Sicilia
1415 871 1453 904 et
1475 861 1657 904 Sardinia

174 930 401 983 duabusque
424 929 624 984 Hispaniis
648 938 687 971 et
709 931 936 971 cohortibus
964 935 1005 972 in
1027 930 1140 972 Italia
1165 939 1279 984 atque
1302 930 1492 985 Hispania
1515 931 1657 971 ciuium

172 997 442 1039 Romanorum
467 1006 620 1039 centum
645 1006 761 1051 atque
782 1006 908 1049 >0013
941 1014 983 1040 se
1006 1007 1131 1040 morte
1154 997 1341 1040 Curionis
1365 1006 1402 1039 et
1424 999 1656 1039 detrimento

127 1064 153 1106 6
177 1066 354 1106 Africani
378 1067 578 1107 exercitus
602 1074 711 1106 tanto
734 1067 973 1120 militumque
997 1068 1192 1107 deditione
1215 1068 1262 1107 ad
1285 1063 1517 1120 Corcyram.
1556 1066 1657 1107 Pro-

172 1134 263 1174 inde
287 1135 360 1175 sibi
383 1149 427 1175 ac
441 1135 677 1188 reipublicae
701 1142 922 1188 parcerent,
947 1150 1079 1190 quom,
1106 1143 1290 1188 quantum
1314 1135 1353 1175 in
1376 1134 1477 1174 bello
1500 1136 1658 1174 fortuna

127 1201 153 1243 7
175 1211 334 1257 posset,
368 1203 443 1242 iam
476 1203 549 1255 ipsi
580 1203 836 1242 incommodis
867 1203 948 1243 suis
980 1204 1076 1243 satis
1107 1210 1241 1243 essent
1263 1204 1509 1242 documento.
1571 1201 1658 1242 Hoc

175 1285 293 1310 unum
316 1283 403 1310 esse
428 1277 578 1323 tempus
603 1271 647 1310 de
670 1284 764 1324 pace
787 1271 952 1324 agendi,
986 1271 1074 1310 dum
1098 1270 1173 1310 sibi
1196 1277 1360 1323 uterque
1384 1269 1597 1309 confideret
1619 1276 1658 1310 et

174 1352 288 1391 pares
311 1338 424 1377 ambo
447 1338 703 1388 uiderentur3
730 1338 762 1378 si
786 1351 882 1378 uero
905 1338 1020 1378 alteri
1042 1339 1196 1392 paulum
1220 1339 1334 1378 modo
1353 1337 1555 1377 tribuisset
1579 1337 1657 1377 for-

171 1412 281 1455 tuna,
307 1420 385 1446 non
409 1420 497 1446 esse
521 1420 682 1446 usurum
705 1406 1001 1447 condicionibus
1024 1407 1130 1461 pacis
1154 1421 1266 1456 eum,
1301 1406 1364 1459 qui
1396 1405 1578 1459 superior
1602 1403 1658 1444 ui-

173 1474 346 1524 deretur,
372 1488 499 1527 neque
522 1475 605 1514 sore
627 1489 753 1528 aequa
774 1482 884 1528 parte
906 1482 1159 1525 contentum,
1195 1475 1257 1528 qui
1290 1488 1333 1515 se
1356 1474 1484 1514 omnia
1506 1473 1657 1513 habitu-

124 1539 150 1581 8
173 1555 256 1581 rum
281 1542 510 1582 confideret.
555 1541 821 1583 Condiciones
844 1543 974 1597 pacis,
999 1543 1179 1596 quoniam
1202 1550 1321 1583 antea
1342 1541 1557 1582 conuenire
1580 1555 1658 1581 non

125 1607 151 1648 9
173 1610 416 1663 potuissent,
451 1610 603 1651 Romae
635 1611 682 1650 ab
706 1619 846 1652 senatu
869 1619 908 1652 et
929 1626 950 1651 a
973 1612 1112 1666 populo
1136 1611 1213 1665 peti
1237 1611 1394 1651 debere.
1439 1609 1594 1649 Interea
1616 1616 1656 1649 et

171 1678 411 1732 reipublicae
435 1685 473 1719 et
496 1679 588 1732 ipsis
611 1679 764 1733 placere
787 1686 986 1733 oportere,
1012 1680 1046 1720 si
1070 1686 1234 1732 uterque
1256 1680 1295 1719 in
1318 1678 1501 1718 contione
1523 1676 1657 1717 statim

170 1746 386 1787 iurauisset
408 1761 451 1787 se
475 1747 602 1787 triduo
626 1748 807 1801 proximo
831 1748 1051 1788 exercitum
1075 1747 1342 1787 dimissurum.
1369 1744 1570 1799 Depositis
1593 1758 1655 1784 ar-

170 1814 243 1854 mis
267 1815 520 1868 auxiliisque,
547 1815 684 1868 quibus
708 1830 811 1855 nunc
834 1816 1101 1864 confiderent,
1137 1813 1363 1855 necessario
1388 1813 1516 1866 populi
1539 1826 1654 1852 sena-

100 1879 152 1921 10
176 1888 315 1935 tusque
337 1882 482 1923 iudicio
506 1884 591 1923 fore
613 1890 819 1936 utrumque
843 1891 1086 1923 contentum.
1132 1882 1241 1923 Haec
1264 1897 1338 1935 quo
1362 1881 1514 1921 facilius
1538 1879 1655 1919 Pom-

171 1951 257 2003 peio
280 1951 437 2005 probari
460 1958 644 2005 possent,
684 1965 819 1991 omnes
851 1966 943 1992 suas
976 1958 1187 1991 terrestres
1220 1952 1248 2003 †
1271 1950 1501 2001 urbiumque
1524 1947 1656 2002 copias

93 2017 141 2061 11
174 2017 441 2059 dimissurum.
486 2018 683 2062 Vibullius
707 2019 765 2060 his
789 2019 981 2074 expositis
1006 2016 1248 2073 [Corcyrae]
1269 2032 1346 2057 non
1370 2017 1497 2057 minus
1521 2029 1656 2056 neces-

168 2087 316 2127 sarium
340 2101 427 2128 esse
451 2087 696 2128 existimauit
726 2088 771 2128 de
794 2087 999 2142 repentino
1022 2087 1193 2127 aduentu
1216 2084 1403 2126 Caesaris
1425 2083 1656 2138 Pompeium

168 2155 256 2194 lieri
278 2156 512 2205 certiorem,
547 2156 602 2195 uti
633 2156 681 2195 ad
710 2156 747 2195 id
779 2155 983 2195 consilium
1016 2168 1156 2208 capere
1178 2161 1335 2207 posset,
1370 2160 1575 2204 antequam
1609 2151 1655 2191 de

168 2223 362 2264 mandatis
386 2225 448 2278 agi
471 2224 736 2278 inciperetur,
775 2231 889 2276 atque
921 2224 1009 2263 ideo
1044 2223 1273 2262 continuato
1305 2228 1419 2260 nocte
1442 2233 1486 2259 ac
1510 2220 1569 2258 die
1590 2219 1654 2258 iti-

315 2294 324 2325 1
351 2292 535 2325 Vibullium
554 2294 685 2333 Aldus,
709 2293 862 2324 Bibulum
884 2303 956 2323 ae:
979 2292 1170 2333 ‘lubiliu1n‚
1191 2291 1368 2329 Bibulum,
1390 2288 1578 2328 Bibullu1u‚
1601 2288 1654 2319 Bi-

168 2342 296 2376 bulium
313 2354 395 2375 mss.
416 2346 473 2376 hic
492 2348 525 2376 et
544 2344 670 2386 insra'.
833 2344 854 2378 2
873 2343 1010 2374 uenisse
1031 2354 1059 2373 c.
1237 2342 1258 2374 4
1276 2341 1441 2373 iudicauit
1462 2340 1492 2370 b.
1512 2340 1552 2372 P.
1578 2339 1651 2372 163.

312 2396 329 2427 7
352 2395 448 2426 finem
467 2406 592 2437 ponere
612 2400 713 2437 atque
731 2395 770 2426 ab
791 2395 821 2426 b.
962 2394 981 2425 8
1000 2393 1158 2434 utrinque
1179 2392 1243 2433 (a).
1399 2391 1416 2423 9
1435 2391 1566 2433 possint
1585 2401 1605 2422 α
1619 2391 1652 2422 b.

313 2446 349 2478 11
373 2446 404 2476 in
425 2445 671 2486 l'aseosanus,
693 2455 762 2477 om.
784 2443 885 2476 codd.
1051 2444 1090 2477 12
1110 2454 1146 2474 se
1167 2443 1223 2483 bc,
1245 2451 1264 2473 a
1282 2451 1317 2474 α.
1498 2443 1537 2475 14
1556 2452 1654 2484 quom

169 2507 232 2538 ego
252 2498 427 2539 supplevi.
450 2498 488 2529 P.
513 2498 588 2529 1132.
734 2497 772 2529 16
792 2496 921 2537 agenda
940 2499 1022 2526 ante
1042 2505 1133 2526 corr.
1155 2504 1189 2526 a.
1340 2494 1380 2526 18
1399 2494 1652 2525 conditionibus

169 2547 235 2588 (a).
397 2548 440 2581 ‘20
460 2548 673 2579 conditiones
693 2548 757 2589 (a).
922 2552 1000 2578 ante
1020 2547 1052 2578 b.
1213 2545 1253 2579 21
1275 2544 1316 2576 ab
1336 2545 1455 2587 populo
1477 2546 1507 2577 b.

167 2601 210 2634 22
228 2600 391 2632 concione
411 2600 475 2641 (α).
617 2601 660 2634 24
681 2600 878 2632 necessario
899 2609 968 2631 om.
992 2600 1022 2629 b.
1192 2598 1234 2629 26
1250 2596 1274 2638 †
1293 2598 1493 2638 urbiumque
1513 2597 1550 2628 P.
1578 2598 1650 2629 162.

309 2651 352 2685 27
373 2652 574 2683 dimissuros
594 2663 624 2683 α.
768 2650 939 2682 Vibullius
959 2649 1084 2688 Aldus,
1109 2648 1246 2680 Bibulus
1266 2658 1313 2679 ae
1334 2647 1490 2681 ‘munes’⁸
1510 2649 1549 2680 P.
1573 2649 1649 2683 162.

313 2701 484 2745 Corcyrae
507 2703 603 2734 ’'mss.
624 2704 694 2733 mei
711 2702 852 2741 omnes',
876 2701 1015 2732 Corcire
1034 2710 1067 2739 α,
1089 2699 1232 2741 Cortyre
1252 2710 1290 2739 e,·
1311 2710 1329 2731 a
1348 2700 1496 2732 Caesare
1515 2702 1554 2733 P.
1574 2701 1651 2733 Ma-

169 2756 293 2785 nutius
312 2753 398 2795 (non
416 2753 542 2794 Aldu-5,
565 2757 604 2785 ut
622 2753 661 2785 P.
686 2753 747 2785 163
767 2752 864 2792 dimi)
884 2762 919 2783 u.
1059 2752 1101 2784 29
1121 2751 1215 2784 addit
1233 2761 1267 2783 α.
1425 2752 1466 2784 30
1485 2752 1652 2795 incipere-

168 2811 225 2837 tur
243 2816 320 2847 ego,
341 2806 508 2849 inciperet
528 2806 628 2838 codd.
773 2805 862 2847 ideo]
883 2805 992 2836 eidem
1012 2804 1109 2836 codd.
1276 2808 1373 2837 nocte
1393 2815 1412 2836 a
1426 2816 1442 2835 e
1462 2805 1558 2837 ‘mssa
1573 2806 1650 2848 ple-

166 2857 292 2900 rz'qne'‚
315 2863 347 2890 et
367 2864 464 2891 nocte
486 2870 517 2890 u.
662 2868 700 2889 ac
721 2858 773 2889 die
793 2868 813 2889 α
828 2858 844 2888 b
858 2867 887 2897 e,
908 2862 941 2888 et
959 2856 1012 2888 die
1033 2867 1066 2888 u.

1685 534 1702 566 01

1691 871 1731 904 10

1688 1547 1731 1582 20

1686 2225 1728 2258 30
