1835 3240
90 174 172 217 584
660 180 734 222 DE
767 180 955 223 BELLO
988 179 1164 224 CIVILI
1181 182 1184 187 “

163 290 290 341 gressi
309 321 318 340 ,
356 292 579 346 primaeque
605 302 753 333 turmae
775 294 937 334 iusidias
960 295 1243 346 intrauissent,
1278 311 1330 338 ex
1352 299 1506 339 fremitu
1529 313 1647 352 equo-

165 370 249 396 rum
284 358 404 399 inlata
437 361 660 413 suspicione
684 361 730 400 ad
753 374 846 401 suos
869 375 912 402 se
934 363 1112 417 recipere
1135 373 1372 417 coeperunt,
1405 366 1546 419 quique
1577 368 1646 407 hos

118 421 143 462 4
165 424 432 477 sequebantur
463 428 630 467 celerem
664 441 801 467 eorum
824 437 1025 483 receptum
1048 432 1266 484 conspicati
1289 433 1532 473 restiterunt.
1558 433 1646 473 No-

163 492 237 531 stri
269 495 436 546 cognitis
462 495 671 548 [hostium]
703 495 882 546 insidiis,
921 511 970 537 ne
1003 500 1146 538 frustra
1176 499 1348 552 reliquos
1371 508 1644 553 expectarent,

164 559 258 600 duas
282 561 383 600 nacti
409 568 554 600 turmas
578 571 820 617 exceperunt
852 564 909 614 (in
933 565 991 606 his
1017 566 1088 606 fuit
1108 564 1168 605 M.
1194 564 1372 619 Opimius
1390 598 1400 616 ,
1425 570 1643 620 praefectus

165 627 385 679 equitum),
420 629 594 681 reliquos
627 645 763 672 omnes
787 646 919 672 earum
942 639 1159 674 turmarum
1183 641 1251 674 aut
1270 633 1555 675 interfecerunt
1579 644 1647 676 aut

163 698 295 744 captos
318 691 364 730 ad
388 689 599 733 Domitium
625 694 890 735 deduxerunt.

87 752 145 797 39
282 752 470 794 Deductis
495 769 587 795 orae
622 757 839 797 maritimae
861 758 1068 810 praesidiis
1092 756 1260 809 Caesar,
1285 767 1328 800 ut
1348 773 1464 813 supra
1489 760 1647 800 demon·

164 828 328 861 stratum
353 828 437 871 est,
470 829 515 861 111
538 823 721 864 cohortes
746 822 855 865 Orici
879 826 1007 879 oppidi
1032 827 1165 866 tuendi
1189 841 1305 867 causa
1326 827 1487 880 reliquit
1508 827 1649 867 isdem—

162 904 234 942 que
248 889 464 930 custodiam
479 890 639 931 nauium
660 892 866 946 longarum
891 893 1064 943 tradidit,
1089 908 1184 947 quas
1198 909 1247 935 ex
1262 893 1376 935 Italia
1401 895 1645 935 traduxerat.

115 956 141 998 2
165 956 265 997 Huic
290 958 412 997 officio
435 959 652 1013 oppidoque
674 959 835 1001 Manius
857 960 1011 1002 Acilius
1035 962 1188 1016 legatus
1212 970 1408 1016 praeerat.
1463 961 1502 1002 Is
1526 975 1648 1002 naues

162 1032 319 1066 nostras
343 1026 571 1068 interiorem
602 1029 642 1068 in
674 1036 826 1082 portum
859 1036 946 1083 post
977 1031 1155 1084 oppidum
1190 1030 1350 1070 reduxit
1372 1037 1410 1070 et
1432 1030 1478 1070 ad
1502 1037 1649 1070 terram

162 1093 346 1146 deligauit
372 1095 625 1149 faucibusque
647 1104 784 1151 portus
817 1111 955 1137 nauem
989 1099 1213 1138 onerariam
1235 1099 1478 1139 submersam
1503 1097 1647 1138 obiecit

163 1168 203 1201 et
225 1161 312 1201 huic
335 1163 496 1203 alteram
533 1164 765 1214 coniunxit,
797 1178 916 1219 super
946 1180 1041 1218 quas
1077 1168 1211 1206 turrim
1244 1167 1421 1206 effectam
1454 1166 1498 1204 ad
1522 1166 1645 1218 ipsum

161 1229 364 1270 introitum
397 1238 534 1284 portus
566 1233 747 1285 opposuit
778 1239 818 1271 et
848 1233 1035 1273 militibus
1067 1234 1275 1287 compleuit
1309 1234 1568 1285 tuendamque
1600 1233 1647 1272 ad

85 1296 145 1340 40
165 1311 299 1337 omnes
322 1299 549 1351 repentinos
573 1313 687 1340 casus
711 1300 885 1340 tradidit.
931 1298 1082 1353 Quibus
1105 1302 1272 1355 cognitis
1296 1301 1412 1341 rebus
1427 1298 1504 1340 Cn.
1530 1299 1648 1340 Pom-

160 1365 269 1417 peius
294 1366 392 1406 [ilius
409 1397 418 1414 ,
455 1367 516 1419 qui
542 1368 660 1408 classi
683 1367 905 1422 Aegyptiae
926 1377 1134 1422 praeerat,
1170 1370 1216 1409 ad
1240 1367 1402 1410 Oricum
1426 1367 1536 1408 uenit
1557 1367 1648 1407 sub-

161 1447 407 1487 mersamque
439 1435 569 1475 nauim
602 1436 775 1476 remulco
805 1437 1016 1490 multisque
1040 1439 1283 1478 contendens
1308 1436 1462 1477 funibus
1486 1436 1648 1475 adduxit

111 1500 138 1541 2
161 1508 277 1555 atque
299 1502 462 1543 alteram
495 1517 661 1554 nauem,
697 1518 795 1557 quae
826 1512 913 1545 erat
942 1506 989 1545 ad
1022 1506 1239 1546 custodiam
1271 1505 1318 1544 ab
1341 1504 1470 1545 Acilio
1502 1504 1644 1558 posita,

160 1570 334 1623 pluribus
357 1571 567 1625 adgressus
591 1573 771 1623 nauibus,
798 1576 836 1614 in
860 1574 997 1627 quibus
1021 1575 1067 1614 ad
1090 1574 1227 1614 libram
1253 1574 1399 1613 fecerat
1422 1580 1551 1613 turres
1567 1603 1577 1622 ,
1602 1578 1644 1611 ut

159 1650 211 1677 ex
233 1639 438 1693 superiore
462 1655 642 1694 pugnans
665 1641 751 1681 loco
774 1642 1030 1696 integrosque
1054 1656 1209 1696 semper
1230 1642 1454 1694 defagitatis
1468 1639 1645 1681 summit-

158 1712 246 1746 tens
270 1714 309 1746 et
329 1707 490 1760 reliquis
513 1709 689 1762 partibus
712 1709 826 1749 simul
849 1724 901 1750 ex
924 1717 1029 1750 terra
1051 1711 1169 1751 scalis
1193 1718 1232 1750 et
1253 1710 1380 1750 classe
1402 1708 1556 1748 moenia
1580 1722 1646 1761 op-

158 1774 234 1827 pidi
260 1781 470 1828 temptans,
496 1777 550 1816 uti
574 1778 892 1817 aduersariorum
917 1792 1052 1818 manus
1077 1779 1304 1827 diduceret,
1330 1777 1464 1816 labore
1488 1782 1527 1815 et
1547 1775 1644 1814 mul-

110 1840 135 1881 3
159 1842 324 1883 titudine
346 1844 512 1884 telorum
535 1852 693 1885 nostros
718 1845 809 1885 uicit
832 1846 1073 1899 deiectisque
1097 1845 1389 1894 defensoribus,
1421 1843 1482 1896 qui
1507 1856 1644 1882 omues

109 1908 137 1948 4
159 1910 314 1964 scaphis
337 1913 493 1966 excepti
515 1914 760 1967 refugerant,
787 1927 870 1953 eam
895 1928 1033 1954 nauem
1057 1914 1305 1967 expugnauit
1320 1912 1534 1964 eodemque
1549 1917 1645 1950 tem-

157 1993 251 2032 pore
283 1993 335 2019 ex
368 1981 491 2020 altera
528 1988 638 2035 parte
660 1983 689 2034 -ls
713 1982 854 2021 molem
886 1982 1011 2022 tenuit
1043 1982 1262 2022 naturalem
1293 1980 1511 2028 obiectam,
1547 1991 1644 2031 quae

158 2057 282 2097 paene
314 2044 478 2084 insulam
510 2045 689 2099 oppidum
723 2046 930 2095 effecerat,
973 2053 1033 2086 1111
1064 2045 1234 2085 biremes
1277 2043 1467 2084 subiectis
1498 2041 1645 2081 suculis

302 2113 315 2151 1
341 2113 460 2145 turbae
479 2124 499 2145 α
514 2115 574 2145 be.
715 2116 735 2145 2
756 2115 863 2145 inluta
881 2125 914 2145 a.
1069 2115 1265 2156 suspicione
1285 2114 1317 2144 in
1338 2122 1417 2144 suos
1438 2110 1591 2151 recipere
1614 2110 1644 2141 b.

1675 575 1693 607 Φ(

1683 902 1721 935 10

1682 1240 1720 1272 15

1677 1917 1718 1951 25

299 2164 317 2195 3
334 2163 519 2205 receptum]
534 2168 753 2205 conspectum
765 2163 848 2195 add.
868 2164 897 2195 b.
1021 2165 1039 2195 4
1054 2164 1201 2195 hostium
1215 2160 1544 2204 Ιιίσροηηηῖοο(1(1.,
1562 2162 1665 2209 (ιηίσι

152 2220 281 2246 turmas
310 2215 360 2255 (5)
391 2214 506 2246 Aldus
534 2218 570 2245 et
595 2218 803 2255 sequentes.-
834 2214 1024 2246 delendam
1052 2217 1258 2256 suspicatus
1287 2217 1339 2244 est
1360 2211 1643 2252 Oudendmysius.

157 2266 197 2297 P.
222 2266 305 2305 17ος
328 2266 502 2307 ubsszllsu
522 2266 563 2296 (le
578 2265 783 2297 l'aseosano
804 2264 954 2296 tradidi.
1126 2268 1395 2306 expectat-enta.
1538 2263 1554 2294 7
1570 2272 1646 2303 per-

157 2318 326 2349 duxerunt
350 2328 394 2347 ea*
415 2328 481 2348 mio
501 2317 572 2349 det.
595 2328 628 2349 η.
771 2318 788 2350 9
802 2317 975 2358 isdemque
990 2327 1022 2357 α,
1044 2317 1234 2358 iisdemque
1254 2327 1275 2347 u
1295 2319 1330 2347 et
1344 2316 1409 2346 ‘sic
1426 2324 1642 2346 omnesmss.

159 2371 217 2402 nel
233 2370 433 2411 isdemque'.
578 2370 617 2402 10
638 2370 882 2401 transduxerat
901 2369 967 2410 (a).
1135 2369 1170 2401 ll
1191 2368 1324 2400 Manius
1345 2367 1474 2398 Acilius
1493 2366 1645 2397 Aelium-

158 2425 271 2461 trizts3
299 2422 509 2453 Caniuianus
530 2432 571 2459 α,
603 2421 776 2452 Canianus
797 2421 815 2452 b
834 2422 969 2463 (errore
995 2421 1094 2461 apud
1112 2421 1200 2452 ond.
1233 2419 1332 2452 Lez'd.
1354 2430 1422 2450 sec.
1450 2418 1642 2460 ponitur),

157 2474 321 2505 Caninius
341 2473 452 2512 dett.,·
474 2473 603 2504 Acilius
622 2473 783 2504 Fae'rnns
803 2483 837 2503 u.
978 2472 1018 2504 12
1040 2472 1145 2503 nostri
1165 2483 1184 2503 α
1198 2472 1227 2502 b.
1387 2474 1519 2512 portum
1542 2470 1644 2500 Fine-

156 2528 290 2565 conz'ns,
314 2530 443 2566 partem
463 2525 564 2556 codd.
755 2525 793 2556 14
813 2534 896 2566 quas
916 2535 936 2555 a
956 2524 1078 2564 ‘mss.',
1101 2534 1166 2565 qua
1184 2524 1222 2555 P.
1243 2523 1427 2555 Manutius
1447 2533 1480 2553 u.
1502 2522 1541 2552 P.
1566 2522 1640 2553 148.

300 2576 406 2617 ipsius
428 2577 455 2607 b.
626 2576 665 2607 17
685 2576 864 2618 Aegiptiae
884 2585 918 2606 α.
1085 2574 1124 2606 18
1145 2583 1264 2604 nauem
1283 2583 1317 2604 α.
1473 2573 1510 2604 19
1530 2572 1643 2614 posita

158 2631 223 2660 int.
244 2638 338 2660 ner-s.
362 2628 392 2658 b.
532 2628 574 2659 ‘20
594 2628 777 2668 adgressus
797 2638 830 2659 a.
972 2626 1010 2659 21
1034 2636 1074 2657 ex
1095 2627 1176 2657 ‘om.
1200 2626 1217 2656 b
1237 2627 1273 2656 in
1295 2623 1421 2655 tea-tu&
1588 2634 1643 2654 su-

158 2679 291 2721 periore
310 2677 548 2720 lit-eysstgizts.
571 2677 738 2719 superiori
758 2679 805 2717 (a)
826 2680 963 2708 ceterae
982 2676 1059 2708 eclcl.
1251 2675 1464 2707 summittens
1483 2673 1548 2714 (a),
1571 2683 1642 2704 non

157 2731 266 2763 subm.
406 2730 449 2761 24
461 2730 672 2770 deiectisque
688 2729 800 2760 Aldus
819 2731 853 2759 in
874 2730 1021 2769 corrig„
1045 2727 1258 2769 defectisque
1272 2727 1372 2759 codd.
1514 2726 1555 2757 25
1568 2735 1641 2756 eam

156 2791 175 2811 α
191 2781 248 2819 be,
271 2780 372 2811 etiam
392 2790 427 2811 u.
583 2781 625 2811 20
644 2780 667 2820 †
687 2780 806 2811 molem
826 2782 909 2810 eptt.
929 2778 969 2809 P.
993 2777 1069 2810 170.
1240 2779 1476 2818 obiectantque
1498 2785 1602 2817 paene
1621 2786 1642 2806 α

155 2830 201 2871 (is
221 2834 318 2873 pene)
340 2830 449 2862 ‘'mss)
587 2830 630 2862 ‘27
649 2831 804 2872 oppidum
823 2840 843 2861 cz
857 2830 915 2869 bc,
936 2833 1054 2860 contra
1074 2829 1231 2871 oppidum
1250 2839 1283 2860 η.
1433 2827 1562 2859 suculis
1585 2827 1643 2859 Cz'-

158 2885 335 2922 accom'us,
359 2882 502 2914 scutulis
523 2882 622 2913 codd.
