1835 3240
83 924 124 957 10

76 2281 117 2315 30

698 190 889 236 CAPVT
910 191 964 234 73
976 217 1031 222 ——
1042 190 1113 233 76.
1643 195 1727 239 663

167 306 404 350 descendere
426 312 635 360 praerupta
657 307 759 347 ualle
781 307 926 361 coepit.
971 303 1096 346 Cuius
1119 304 1357 358 aliquamdiu
1379 304 1533 348 Caesar
1553 310 1648 351 inri-
1669 311 1697 352 4

165 376 278 417 debat
298 374 453 415 inanem
478 375 780 415 ostentationem
804 381 843 414 et
865 388 911 414 eo
933 374 1018 414 loco
1035 373 1199 414 militum
1217 373 1519 425 coartationem,
1535 391 1649 429 quem

162 444 203 484 in
224 443 350 483 locum
374 455 488 482 nemo
511 456 629 482 sanus
652 442 776 482 hostis
799 442 995 482 subiturus
1019 449 1150 482 esset:
1186 455 1272 482 cum
1293 441 1450 481 interim
1472 441 1650 486 Pharna-

161 525 227 551 ces
250 511 385 551 eodem
410 511 548 564 gradu,
574 525 649 563 quo
671 510 712 549 in
735 509 949 563 procliucm
972 510 1231 550 descenderat
1250 509 1408 559 uallem,
1433 512 1648 553 ascendere

164 579 352 618 aduersus
385 578 548 618 arduum
571 577 708 618 collem
736 578 939 618 instructis
971 578 1092 631 copiis
1115 578 1259 632 coepit.
1304 574 1458 618 Caesar
1478 578 1648 619 incredi-
1666 581 1723 625 '75

160 646 228 686 bili
261 647 343 686 eius
377 646 439 686 uel
462 646 684 686 temeritate
707 646 769 686 uel
790 645 930 686 fiducia
953 653 1170 686 commotus
1192 658 1319 698 neque
1341 645 1505 699 opinans
1526 646 1650 701 impa-

160 720 348 767 ratusque
380 727 589 767 oppressus
623 714 758 754 eodem
791 721 967 767 tempore
988 713 1131 754 milites
1154 714 1201 753 ab
1225 727 1343 767 opere
1365 720 1506 762 uocat,
1539 728 1646 755 arma

160 795 300 835 capere
320 781 450 830 iubet,
476 781 653 835 legiones
676 781 838 835 opponit
858 781 1062 835 aciemque
1082 781 1271 832 instruit3
1306 782 1415 823 cuius
1437 781 1497 822 rei
1517 781 1648 822 subita
1667 782 1696 823 2

161 849 369 903 trepidatio
400 864 586 902 magnum
625 857 820 890 terrorem
849 849 980 889 attulit
1008 849 1172 889 nostris.
1224 848 1414 890 Nondum
1446 850 1647 891 ordinibus
1669 850 1694 891 3

155 917 360 958 instructis
390 918 557 958 falcatae
588 917 723 970 regiae
745 917 958 972 quadrigae
980 917 1196 970 permixtos
1219 917 1362 957 milites
1385 917 1643 971 perturbant3

158 998 256 1038 quae
277 992 407 1025 tamen
430 986 616 1025 celeriter
637 985 886 1025 multitudine
908 985 1078 1025 telorum
1101 984 1384 1038 opprimuntur.
1421 984 1649 1038 Insequitur
1668 986 1695 1026 4

156 1052 225 1092 has
248 1052 354 1092 acics
377 1052 562 1102 hostium,
580 1059 618 1092 et
639 1053 811 1092 clamore
832 1051 984 1093 sublato
1007 1052 1232 1106 confligitur
1252 1053 1416 1092 multum
1438 1053 1648 1095 adiuuante

155 1126 297 1161 natura
325 1120 426 1169 loci,
461 1119 667 1174 plurimum
697 1121 857 1161 deorum
879 1119 1147 1160 inmortalium
1168 1119 1435 1173 benignitate3
1471 1121 1538 1175 qui
1560 1135 1648 1161 cum

156 1188 335 1228 omnibus
367 1188 526 1228 casibus
547 1188 639 1228 belli
660 1188 861 1229 intersunt
882 1195 962 1228 tum
984 1188 1195 1242 praecipue
1217 1187 1353 1242 quibus
1375 1187 1470 1228 nibil
1491 1189 1647 1230 ratione

155 1256 283 1310 potuit
320 1256 603 1297 administrari.
656 1254 808 1311 Magno
847 1263 963 1309 atque
994 1256 1077 1296 acri
1108 1256 1258 1309 proelio
1291 1257 1509 1297 comminus
1542 1257 1647 1297 sacto
1668 1256 1723 1301 76

156 1324 297 1364 dextro
319 1338 458 1374 cornu,
484 1338 559 1377 quo
583 1331 774 1365 ueterana
794 1324 897 1379 legio
920 1330 1036 1364 sexta
1058 1330 1146 1364 erat
1168 1324 1359 1364 collocata
1375 1355 1386 1375 ,
1410 1324 1565 1365 initium
1588 1325 1647 1365 ui-

156 1393 306 1433 ctoriae
329 1399 461 1433 natum
484 1399 559 1433 est.
583 1391 647 1432 Ab
671 1406 716 1433 ea
738 1398 851 1446 parte
874 1406 959 1432 cum
981 1392 1146 1446 procliui
1170 1392 1475 1433 detruderentur
1492 1392 1643 1442 hostes,

152 1460 273 1500 multo
306 1461 455 1501 tardius
487 1461 556 1501 sed
587 1467 719 1501 tamen
750 1459 900 1501 eisdem
934 1460 1007 1501 diis
1041 1460 1315 1501 adiuuantibus
1338 1461 1500 1501 sinistro
1522 1474 1647 1500 cornu

151 1529 356 1582 mediaque
387 1529 470 1569 acie
500 1536 607 1569 totae
638 1528 896 1582 profligantur
926 1528 1060 1582 copiae
1081 1528 1204 1583 regis.
1250 1527 1363 1582 Quae
1394 1542 1510 1582 quam
1531 1528 1646 1569 facile
1666 1528 1694 1570 2

152 1596 356 1637 subierant
375 1596 549 1650 iniquum
571 1598 722 1647 locum,
758 1603 836 1637 tam
859 1596 1044 1638 celeriter
1064 1597 1188 1652 gradu
1210 1598 1346 1651 pulsae
1366 1596 1648 1650 premebantur

151 1664 228 1704 loci
257 1664 480 1718 iniquitate.
534 1665 668 1718 Itaque
698 1665 831 1706 multis
862 1665 1049 1706 militibus
1081 1665 1221 1719 partim
1252 1665 1473 1706 interfectis
1503 1665 1646 1719 partim

152 1745 311 1772 suorum
341 1733 458 1773 ruina
491 1734 689 1787 oppressis
720 1734 783 1786 qui
814 1734 1024 1774 uelocitate
1047 1734 1217 1788 effugere
1239 1740 1422 1788 poterant
1443 1733 1564 1774 armis
1586 1740 1645 1774 ta-

151 1813 241 1840 men
275 1801 461 1854 proiectis
492 1801 635 1842 uallem
666 1801 909 1855 transgressi
941 1801 1037 1841 nihil
1067 1815 1121 1842 ex
1150 1803 1237 1842 loco
1269 1802 1475 1856 superiore
1502 1801 1646 1842 inermi

152 1869 346 1921 proficere
375 1876 573 1922 poterant.
617 1868 673 1909 At
703 1869 828 1909 nostri
857 1869 1025 1910 uictoria
1048 1869 1141 1910 elati
1163 1870 1296 1911 subire
1317 1870 1494 1924 iniquum
1516 1869 1645 1911 locum
1667 1868 1692 1910 3

102 1943 115 1959 ⁷
151 1935 467 1990 munitionesque
499 1937 659 1992 adgredi
693 1951 772 1977 non
803 1937 1041 1978 dubitarunt.
1086 1936 1401 1979 Defendentibus
1432 1945 1564 1979 autem
1594 1938 1644 1979 iis

153 2003 379 2044 cohortibus
410 2011 541 2044 castra
558 2036 568 2055 ‚
603 2018 697 2058 quas
720 2003 948 2045 Pharnaces
971 2005 1166 2059 praesidio
1187 2006 1426 2060 reliquerat,
1458 2006 1645 2047 celeriter

152 2072 294 2111 castris
327 2072 499 2112 hostium
532 2080 623 2112 sunt
654 2072 782 2126 potiti.
827 2071 1044 2114 Interfecta
1074 2073 1322 2114 multitudine
1354 2074 1459 2114 omni
1480 2088 1641 2115 suorum
1662 2074 1691 2115 4

150 2146 219 2179 aut
239 2147 352 2193 capta
366 2138 591 2182 Pharnaces
614 2155 700 2181 cum
723 2141 857 2195 paucis
881 2141 1076 2195 equitibus
1098 2142 1296 2196 profugit;
1313 2142 1376 2182 cui
1395 2141 1473 2182 nisi
1490 2149 1642 2183 castro-

149 2222 236 2247 rum
258 2209 494 2262 oppugnatio
518 2209 744 2250 facultatem
769 2210 965 2250 attulisset
986 2209 1148 2250 liberius
1170 2209 1434 2265 profugiendi,
1462 2210 1580 2251 uiuus
1601 2210 1642 2250 in

149 2272 337 2317 Caesaris
360 2284 595 2331 potestatem
619 2278 805 2319 adductus
828 2285 950 2319 esset.

294 2391 309 2424 1
329 2391 529 2433 aliquandiu
549 2392 614 2435 (α).
793 2392 966 2424 inridebat
984 2403 1017 2424 a.
1181 2393 1203 2427 2
1221 2393 1470 2425 coartationem
1488 2394 1638 2435 Brutus,

152 2442 417 2474 cohortationem
437 2443 538 2476 codd.
682 2455 779 2487 quem
798 2445 829 2476 in
850 2445 924 2475 loco
944 2454 978 2475 α.
1119 2445 1138 2476 4
1159 2455 1223 2486 quo
1243 2446 1275 2476 in
1295 2445 1480 2488 procliuem
1499 2445 1641 2477 descen-

153 2491 251 2523 derat
276 2494 400 2526 uallem
428 2505 513 2536 ego,
543 2506 607 2537 quo
635 2496 669 2527 in
696 2496 863 2538 proelium
891 2495 1122 2527 descenderat
1149 2496 1275 2528 uallem
1294 2508 1314 2528 α
1336 2496 1639 2538 ‘mSS.plc7¹z'quc'.

295 2546 483 2577 ascendere
503 2546 570 2587 (ιι).
711 2547 729 2579 7
749 2558 851 2590 opere
871 2557 904 2587 a,
927 2547 1084 2588 operibus
1104 2547 1184 2578 cdd.
1326 2549 1367 2583 12
1386 2549 1582 2589 confligitur
1598 2549 1638 2580 P.

151 2593 347 2636 Manutius,
370 2599 521 2639 confligit
537 2610 558 2630 a
580 2599 673 2631 ‘uz-58.
696 2598 739 2632 3’.
930 2599 969 2631 13
989 2599 1219 2631 inmortalium
1238 2611 1272 2633 α.
1438 2602 1478 2634 14
1497 2602 1579 2633 belli
1596 2602 1637 2633 P.

153 2645 352 2689 Manule'us,
373 2649 474 2681 bellis
495 2651 595 2684 codd.
738 2651 901 2682 intersint
919 2655 1029 2683 tamen
1050 2652 1232 2694 praecipue
1253 2653 1284 2684 b.
1427 2654 1549 2695 quibus
1569 2663 1589 2684 a
1605 2653 1636 2691 b,

154 2696 203 2727 eis
223 2697 344 2738 quibus
364 2709 398 2730 u.
556 2702 596 2733 15
617 2702 768 2734 cominus
788 2702 853 2743 (a).
1013 2701 1052 2734 17
1074 2702 1201 2744 natum]
1222 2703 1350 2736 factum
1371 2704 1403 2735 b.
1565 2712 1640 2744 pro-

155 2747 235 2779 cliui
253 2760 286 2790 a,
308 2750 433 2782 declini
453 2751 482 2791 b,
505 2752 536 2783 in
555 2754 700 2794 procliui
718 2755 736 2787 3
757 2754 845 2786 (lect.
867 2754 944 2786 cdd.
966 2757 1050 2786 aule
1064 2755 1187 2795 Seal.;
1207 2756 1240 2787 in
1261 2756 1412 2798 procliue
1427 2754 1634 2795 Scaligeru.

298 2801 338 2833 ’18
357 2802 485 2833 eisdem
503 2813 537 2844 α,
558 2803 678 2836 iisdem
696 2805 774 2837 edd.
916 2806 959 2840 23
973 2806 1093 2837 inermi
1112 2817 1133 2838 a
1151 2817 1169 2838 c
1186 2811 1220 2840 et
1238 2818 1285 2840 7η.
1301 2818 1358 2850 111³.
1384 2808 1414 2847 b,
1436 2806 1584 2838 inermes
1604 2817 1638 2838 n.

294 2854 336 2884 *25
351 2853 491 2895 adgredi
509 2864 543 2886 α.
698 2856 750 2888 his
770 2867 803 2888 ιι.
959 2857 1002 2892 26
1020 2858 1143 2890 castris
1162 2869 1195 2890 a.
1355 2857 1397 2890 ⁴27
1417 2858 1505 2889 omni
1524 2860 1639 2890 inuito

154 2905 242 2937 aad.
260 2916 328 2937 om.
350 2916 384 2938 u.
526 2907 568 2940 20
589 2907 761 2941 attulisset
779 2919 847 2941 om.
869 2920 901 2950 a,
924 2909 1078 2943 dedisset
1096 2912 1124 2943 b.
