1835 3240
94 173 177 215 452
624 173 696 215 DE
731 171 918 216 BELLO
952 170 1205 214 GALLlCO

175 285 302 326 eunda
334 286 460 327 oratio
483 284 709 341 Critognati
739 287 896 327 uidetur
927 293 1086 340 propter
1115 286 1199 327 eius
1222 286 1461 340 singularem
1489 292 1529 326 et
1551 285 1658 325 nefa-

128 352 154 394 3
176 354 273 394 riam
297 354 582 395 crudelitatem.
642 354 718 394 Hic
739 369 891 394 summo
913 355 952 394 in
974 353 1171 394 Aruernis
1194 362 1303 394 ortus
1325 356 1412 395 loco
1434 361 1473 393 et
1492 366 1658 406 maguae

177 421 332 462 habitus
355 422 619 471 auctoritatis,
647 421 816 472 ‘Nihil'‚
840 422 992 475 inquit,
1029 422 1092 462 ‘de
1114 435 1248 462 eorum
1270 422 1461 462 sententia
1485 421 1657 461 dicturus

174 504 276 540 sum,
301 489 363 542 qui
388 489 650 542 turpissimam
673 489 905 530 seruitutem
928 489 1137 530 deditionis
1160 489 1316 529 nomine
1340 490 1558 542 appellant,
1593 503 1660 529 ne-

175 572 250 611 que
273 558 343 597 hos
365 556 564 596 habendos
586 556 729 598 ciuium
753 558 840 598 loco
863 571 988 610 neque
1011 558 1056 597 ad
1081 557 1287 597 concilium
1310 557 1547 596 adhibendos
1565 570 1655 596 cen-

125 625 152 667 4
173 639 258 666 seo.
303 621 405 664 Cum
438 623 497 664 his
529 624 622 664 mihi
653 639 718 666 res
740 625 819 675 sit,
844 625 908 678 qui
932 625 1176 679 eruptionem
1200 624 1387 678 probant3
1425 638 1587 676 quorum
1618 625 1659 664 in

174 692 339 734 consilio
362 691 533 732 omnium
567 699 743 733 uestrum
767 706 966 733 consensu
988 693 1177 746 pristinae
1200 692 1377 733 residere
1399 691 1556 732 uirtutis
1579 705 1659 731 me-

127 760 151 801 5
174 761 297 801 moria
319 759 490 800 uidetur.
536 759 669 800 Animi
692 768 753 801 est
773 761 849 801 ista
872 761 1052 810 mollitia,
1078 774 1156 800 non
1178 761 1308 800 uirtus
1323 791 1333 809 ‚
1359 758 1556 814 paulisper
1576 759 1660 799 ino-

175 829 275 882 piam
299 828 402 868 ferre
425 841 503 868 non
526 842 658 882 posse.
703 826 784 882 Qui
806 843 848 870 se
871 829 974 869 ultro
997 828 1114 868 morti
1138 828 1330 877 offerant,
1366 826 1519 867 facilius
1549 840 1661 879 repe—

124 895 151 937 6
172 896 347 945 riuntur,
377 909 490 949 quam
514 897 577 949 qui
600 897 774 937 dolorem
797 897 994 951 patienter
1017 898 1156 937 ferant.
1200 894 1329 948 Atque
1352 908 1426 949 ego
1448 895 1548 935 hanc
1571 907 1661 935 sen-

172 963 334 1004 tentiam
364 963 568 1017 probarem
601 966 782 1015 (tantum
813 965 913 1019 apud
944 979 1004 1005 me
1037 964 1205 1017 dignitas
1236 967 1417 1017 potest),
1451 962 1484 1003 si
1515 961 1659 1002 nullam

123 1031 148 1072 7
173 1038 444 1085 praeterquam
469 1031 574 1072 uitae
598 1040 758 1072 nostrae
781 1033 971 1072 iacturam
996 1033 1078 1073 fieri
1103 1033 1299 1072 uiderem:
1341 1031 1408 1071 sed
1431 1030 1470 1070 in
1493 1029 1658 1070 consilio

171 1099 361 1154 capiendo
384 1113 536 1140 omnem
562 1097 730 1140 Galliam
753 1101 1009 1155 respiciamus
1025 1131 1035 1149 ‚
1060 1114 1173 1153 quam
1196 1100 1245 1140 ad
1267 1105 1445 1139 nostrum
1467 1098 1659 1138 auxilium

122 1167 149 1208 8
172 1166 474 1208 concitauimus.
539 1165 643 1219 Quid
678 1168 875 1208 hominum
899 1169 1055 1208 milibus
1078 1174 1207 1208 LXXX
1230 1181 1308 1207 uno
1330 1166 1417 1206 loco
1439 1166 1659 1206 interfectis

173 1235 398 1289 propinquis
430 1235 815 1288 consanguineisque
845 1237 993 1275 nostris
1024 1235 1144 1275 animi
1184 1236 1269 1275 fore
1311 1233 1585 1282 existumatis‚
1627 1233 1658 1272 si

122 1303 149 1343 9
172 1317 293 1358 paene
315 1303 355 1342 in
378 1302 474 1355 ipsis
497 1302 753 1343 cadaueribus
775 1302 923 1356 proelio
946 1303 1149 1343 decertare
1171 1302 1388 1356 cogentur?
1426 1299 1565 1341 Nolite
1587 1300 1657 1340 hos

171 1377 305 1410 uestro
328 1369 477 1409 auxilio
501 1370 719 1423 expoliare,
745 1371 809 1424 qui
833 1379 991 1412 uestrae
1014 1371 1154 1411 salutis
1176 1383 1293 1410 causa
1317 1383 1431 1410 suum
1445 1367 1658 1422 periculum

171 1439 459 1491 neglexerunt,
494 1452 566 1478 nec
588 1439 738 1479 sultitia
761 1454 806 1480 ac
828 1439 1051 1480 temeritate
1073 1445 1205 1479 uestra
1228 1444 1295 1478 aut
1316 1436 1436 1477 animi
1456 1435 1660 1476 imbecilli-

170 1513 251 1546 tate
273 1519 426 1545 omnem
451 1503 618 1546 Galliam
643 1514 898 1561 prosternere
931 1514 970 1548 et
999 1513 1210 1561 perpetuae
1244 1504 1428 1546 seruituti
1460 1503 1654 1545 subicere.

99 1572 148 1614 10
170 1575 251 1623 An,
277 1574 375 1627 quod
399 1574 446 1613 ad
470 1574 568 1614 diem
593 1589 670 1615 nou
694 1582 911 1624 uenerunt,
947 1575 992 1615 de
1015 1589 1148 1615 eorum
1173 1575 1245 1614 lide
1268 1572 1568 1625 constantiaque
1591 1572 1659 1612 du-

170 1642 334 1681 bitatis?
375 1638 477 1693 Quid
510 1644 635 1695 ergo?
675 1641 878 1683 Romanos
912 1643 949 1683 in
983 1643 1059 1683 illis
1091 1642 1345 1683 ulterioribus
1378 1639 1659 1680 munitionibus

100 1708 143 1750 ll
170 1709 341 1750 animine
364 1723 482 1749 causa
506 1710 647 1751 cotidie
669 1710 850 1751 exerceri
874 1711 1049 1764 putatis?
1108 1708 1153 1751 Si
1174 1710 1325 1749 illorum
1349 1707 1495 1748 nuntiis
1518 1707 1659 1748 confir-

171 1777 270 1818 mari
293 1791 370 1817 nou
393 1778 556 1831 potestis
580 1779 684 1818 omni
708 1779 812 1819 aditu
836 1785 1060 1832 praesepto,
1086 1778 1145 1818 his
1167 1777 1318 1818 utimini
1344 1776 1508 1817 testibus
1520 1776 1659 1829 adpro-

170 1845 358 1900 pinquare
373 1860 506 1886 eorum
520 1847 755 1897 aduentum3
782 1847 891 1888 cuius
914 1846 970 1887 rei
995 1847 1135 1886 timore
1158 1845 1342 1887 exterriti
1365 1845 1464 1886 diem
1483 1850 1659 1884 noctem—

314 1996 325 2027 1
351 1995 461 2026 oratio
482 1995 673 2036 Critognati
694 1996 831 2027 uidetur
849 1997 907 2028 Be
925 1996 1046 2028 ‘iidem
1067 1996 1177 2035 mss.',
1198 1995 1336 2027 uidetur
1354 1992 1464 2025 oratio
1480 1991 1659 2032 Critogna-

168 2045 191 2076 ti
210 2055 245 2077 η.
432 2052 467 2078 et
486 2047 604 2078 ‘iidem
624 2047 720 2078 mss)
740 2047 818 2078 edd.
840 2051 924 2078 ante
945 2047 1042 2087 Ald.‚
1066 2057 1104 2078 ac
1123 2047 1182 2088 (B)
1199 2049 1214 2078 ?
1235 2045 1312 2078 edd.
1331 2048 1416 2088 post
1429 2043 1512 2076 Αἶά.

167 2099 186 2130 5
205 2097 384 2129 consilium
403 2109 420 2129 e
440 2099 523 2130 ‘mss
558 2098 601 2130 5'.
762 2100 781 2130 6
799 2109 873 2130 cum
893 2099 945 2130 his
965 2099 995 2130 B
1013 2099 1090 2130 edd.
1112 2101 1195 2130 ante
1213 2098 1310 2137 Alci„
1331 2106 1406 2128 cum
1424 2095 1466 2127 iis
1486 2095 1602 2127 Aldus
1619 2104 1654 2125 τι.

311 2150 331 2182 8
350 2150 493 2181 mollitia
512 2160 533 2182 a
549 2150 566 2181 b
579 2161 596 2181 e
614 2153 648 2181 et
665 2161 734 2182 sec.
753 2161 800 2183 m.
822 2152 864 2192 A,
886 2151 1041 2183 molestia
1060 2150 1132 2182 AB
1152 2151 1246 2181 ‘ms-3.
1268 2150 1316 2192 8⁷3
1335 2147 1498 2179 mollities
1520 2148 1655 2188 {forsan

167 2199 236 2232 cd'
256 2211 291 2232 υ.
497 2203 635 2234 uirtutis
656 2203 686 2234 b.
888 2203 1062 2245 paulisper
1079 2202 1225 2244 inopiam
1246 2201 1275 2232 B
1290 2200 1360 2232 CD
1383 2196 1581 2240 ‘plerz'que’,
1605 2197 1655 2228 in-

167 2251 276 2293 opiam
296 2253 472 2298 paulisper
491 2253 571 2294 (e)u
590 2254 774 2297 (inoppiam
794 2254 853 2292 B).
1050 2255 1067 2286 ‘J
1087 2253 1304 2294 reperiantur
1322 2251 1351 2282 B
1370 2249 1415 2291 (is
1434 2248 1545 2291 repp.)
1571 2248 1653 2280 CD.

311 2304 347 2336 11
375 2309 505 2337 tantum
523 2305 613 2348 apud
634 2315 685 2337 me
706 2305 736 2336 B
761 2305 936 2336 ‘maxima
966 2307 1139 2336 matorum
1160 2302 1288 2341 turba',
1312 2311 1385 2332 nam
1405 2300 1491 2342 apud
1511 2310 1562 2331 me
1583 2304 1655 2330 tan-

168 2358 237 2385 tuin
257 2354 407 2386 abede.
598 2355 637 2387 12
657 2355 730 2386 fieri
750 2365 819 2386 om.
841 2356 871 2387 b.
1075 2354 1115 2386 13
1135 2363 1234 2395 quum
1255 2352 1296 2384 ad
1315 2352 1357 2383 Β.
1560 2350 1655 2381 auxi-

167 2405 263 2447 lium]
282 2406 462 2438 consilium
483 2408 525 2441 A,
720 2408 757 2441 14
777 2407 855 2450 quid
877 2407 1044 2438 hominum
1066 2417 1093 2446 e,
1116 2406 1194 2448 quid
1215 2405 1247 2436 in
1267 2405 1436 2436 hominum
1456 2403 1653 2435 ABCDb.

312 2468 423 2489 Lxxxx
442 2459 486 2499 A,
510 2460 694 2500 nonaginta
714 2460 758 2491 D.
917 2458 1113 2490 interfectis
1132 2458 1210 2499 quid
1230 2455 1428 2499 propinquis
1450 2456 1467 2486 b
1481 2466 1509 2485 e.

169 2511 208 2544 15
228 2511 447 2543 existumetis
466 2512 508 2544 B.
653 2513 693 2545 16
712 2513 773 2543 hos
792 2517 909 2545 uestro
930 2511 1060 2542 auxilio
1080 2510 1273 2552 exspoliare
1292 2507 1444 2540 ABCD
1458 2517 1497 2545 e,·
1518 2506 1579 2537 hoc
1599 2516 1654 2537 ue-

168 2568 239 2595 stro
259 2564 387 2595 auxilio
408 2564 557 2605 spoliare
577 2575 635 2596 eos
656 2564 757 2603 bde,
777 2564 840 2595 sed
857 2575 874 2594 e
894 2568 1009 2595 nostro
1029 2563 1218 2605 (expoliare
1235 2561 1292 2604 B).
1435 2560 1476 2592 18
1495 2559 1656 2600 neglexe-

168 2618 245 2646 runt
266 2614 295 2645 B
309 2614 380 2646 CD
395 2624 411 2643 e
432 2614 533 2645 ‘mss.
552 2618 588 2645 et
604 2615 684 2647 edd.
703 2615 813 2656 qdd.'‚
836 2614 1053 2654 neglexerint
1070 2624 1105 2644 η.
1246 2611 1349 2643 animi
1369 2611 1606 2642 imbecillitate
1626 2610 1656 2642 B

166 2664 243 2696 edd.
266 2666 350 2694 ante
368 2663 467 2703 AM„
488 2664 727 2696 imbecillitate
746 2664 975 2696 animiAldus
993 2675 1028 2696 u.
1171 2662 1211 2695 19
1232 2663 1389 2694 subicere
1410 2661 1438 2692 B
1455 2664 1490 2692 et
1506 2661 1652 2702 reliqui,

169 2715 329 2747 addicere
350 2714 367 2745 b
381 2714 472 2746 cde.
667 2715 707 2749 21
729 2713 897 2746 Romanos
917 2714 1039 2745 inillis
1060 2713 1121 2748 ult.
1143 2724 1234 2745 mun.
1256 2713 1402 2744 animine
1421 2721 1528 2743 eausa
1545 2711 1653 2750 ade,-

168 2766 391 2800 Romanorum
412 2766 541 2796 animos
562 2765 593 2796 in
614 2765 683 2796 illis
703 2765 765 2796 ult.
786 2775 878 2796 mun.
899 2765 973 2797 sine
993 2775 1097 2796 causa
1116 2765 1250 2806 reliqui
1267 2767 1305 2796 et
1319 2775 1386 2795 sec.
1408 2774 1454 2794 m.
1475 2773 1514 2803 a,
1543 2762 1654 2793 sedin

164 2827 236 2849 om.
259 2816 330 2847 Ab.
472 2815 513 2847 23
534 2820 733 2857 praesen-pto
743 2815 791 2855 A,
812 2820 994 2858 praerepto
1013 2816 1031 2847 b
1044 2826 1074 2846 e.
1215 2815 1267 2847 his
1279 2815 1334 2847 Be
1353 2814 1431 2846 edd.
1452 2817 1534 2845 ante
1552 2812 1649 2851 Ald„

166 2867 208 2899 iis
226 2866 341 2899 Aldus
359 2875 394 2896 u.
534 2866 806 2908 adpropinquare
826 2865 866 2896 B.
1007 2867 1050 2899 24
1068 2865 1188 2898 timore
1208 2876 1275 2898 om.
1299 2867 1329 2897 b.

1688 564 1706 594 t-'Y

1693 901 1734 933 10

1693 1240 1733 1271 15

1690 1578 1733 1612 20
