1835 3240
724 172 1122 214 *86*-

177 286 318 340 polatis
340 286 495 327 accidit.
527 284 586 327 Ibi
608 287 710 327 enim
731 286 770 326 in
793 286 852 327 his
876 286 1032 327 uerbis:
1069 291 1181 325 ‘nam
1204 287 1330 326 omnis
1353 285 1491 327 ciuitas
1513 285 1660 326 Helue-

176 355 230 395 tia
251 355 293 395 in
315 360 500 407 quattuor
521 368 641 408 pagos
664 354 788 394 diuisa
824 353 896 394 est'
934 354 973 393 in
997 352 1088 393 Par.
1121 368 1201 394 sec.
1219 362 1257 395 et
1278 353 1393 395 Leid.
1410 368 1468 407 pr.
1486 362 1547 394 est
1562 360 1666 407 ‘par-

176 428 236 463 tes
259 422 323 462 uel
344 422 476 475 pagos'
491 453 502 469 ,
527 422 566 462 in
589 421 710 462 Voss.
727 436 804 475 pr.,
829 422 897 461 sed
919 422 1006 461 sine
1028 421 1143 461 dubio
1165 435 1187 460 a
1209 422 1379 461 secunda
1400 435 1532 471 manu,
1560 426 1665 475 ‘par-

181 489 257 529 tes'
281 503 350 543 pro
375 488 515 543 ‘pagis‘
539 489 689 542 positae
712 496 818 528 sunt.

292 555 341 597 C.
371 556 435 604 13,
469 555 496 596 9
528 556 682 596 restitui
716 557 957 610 integrorum
991 554 1100 592 codd.
1135 554 1370 607 scripturam
1405 555 1504 595 ‘His
1537 562 1666 594 autem

179 625 360 665 omnibus
400 623 601 662 druidibus
640 630 796 677 praeest
828 636 955 670 unus,
999 621 1065 673 qui
1095 635 1285 661 summam
1314 622 1420 661 inter
1448 636 1516 662 eos
1551 623 1667 663 habet

177 692 467 733 auctoritatem.
493 689 581 729 Hoc
603 697 757 730 mortuo
779 697 860 739 aut,
886 690 918 729 si
941 688 1005 741 qui
1028 702 1080 728 ex
1100 689 1262 741 reliquis
1285 689 1666 742 excellitdignitate‚

177 759 373 808 succedit,
409 765 500 806 aut,
534 758 567 797 si
596 765 689 797 sunt
710 758 841 811 plures
865 770 1003 811 pares,
1035 756 1225 810 suffragio
1247 757 1449 806 druidum,
1475 771 1668 797 nonnum-

177 841 290 880 quam
314 826 430 866 etiam
453 825 572 865 armis
596 825 642 865 de
665 825 885 878 principatu
907 823 1174 864 contenduut'.
1229 822 1340 876 Quae
1373 825 1490 866 uerba
1515 840 1535 865 a
1558 826 1668 865 nullo

179 894 382 934 intellecta
405 906 492 932 esse
516 893 652 932 miror.
687 891 790 931 Nam
814 892 879 944 qui
901 891 1101 932 declarare
1125 892 1350 941 uoluerunt,
1374 893 1421 933 ad
1436 893 1554 933 uerba
1571 895 1668 934 ‘suf-

180 962 307 1014 fragio
330 960 519 1000 druidum'
543 960 716 1014 suppleri
738 959 875 1000 iubent
907 959 1150 999 ‘succedunt'
1184 973 1310 1012 neque
1330 960 1664 1008 animaduertunt,

177 1043 291 1082 quam
313 1028 445 1080 inepte
476 1027 607 1080 plures
637 1028 850 1068 succedere
872 1027 1124 1074 dicerentur,
1149 1041 1234 1067 cum
1257 1041 1375 1067 unum
1398 1041 1582 1081 praeesse
1602 1041 1666 1068 re-

176 1097 298 1138 latum
320 1102 441 1136 esset.
477 1094 544 1135 Ex
564 1096 648 1150 ipsa
670 1096 863 1136 orationis
886 1095 1198 1135 conformatione
1216 1103 1379 1149 apparet.
1394 1096 1666 1136 ‘contendunt'

176 1164 482 1219 intellegendum
506 1177 610 1204 esse.
665 1161 866 1218 Suffragio
899 1163 1001 1204 enim
1035 1163 1211 1203 druidum
1244 1165 1380 1203 eodem
1412 1165 1526 1204 modo
1548 1171 1667 1217 atque

178 1233 299 1273 armis
331 1231 644 1282 contendebant,
680 1239 723 1272 ut
752 1232 786 1272 is
803 1262 813 1281 ,
848 1232 912 1285 qui
934 1231 1213 1285 suffragiorum
1236 1245 1400 1272 numero
1422 1239 1666 1285 superasset,

178 1300 470 1355 praeficeretur.
525 1297 603 1352 Qui
642 1300 815 1340 codicem
845 1299 1171 1352 interpolatorum
1203 1299 1417 1352 principem
1445 1300 1668 1349 recensuit,

178 1382 258 1408 non
279 1368 404 1422 magis
427 1367 523 1407 haec
544 1374 818 1421 perspexerat.
872 1365 1009 1419 Itaque
1031 1373 1070 1406 et
1092 1367 1241 1419 reliqua
1263 1368 1419 1419 paulum
1448 1367 1668 1406 immutauit

180 1443 221 1476 et
242 1442 330 1489 post
352 1435 473 1475 uerba
494 1436 699 1489 ‘suffragio
713 1433 907 1475 druidum'
931 1435 1074 1475 adiecit
1098 1433 1338 1489 ‘adlegitur'.
1363 1433 1540 1475 Debebat
1562 1441 1670 1474 certe

180 1503 410 1558 ‘deligitur',
434 1509 479 1542 ut
500 1509 539 1542 ct
561 1500 864 1557 Oudendorpius
887 1503 1050 1550 monuit,
1075 1509 1111 1543 et
1134 1502 1167 1542 is
1186 1502 1397 1552 intellexit,
1431 1502 1497 1555 qui
1517 1502 1554 1542 id
1578 1515 1667 1542 uer-

172 1571 264 1611 bum
285 1571 326 1610 in
348 1569 474 1624 Bong.
503 1584 561 1623 pr.
587 1571 881 1623 suprascripsit.

292 1635 341 1678 C.
366 1636 435 1686 26,
466 1636 483 1676 l
509 1637 567 1676 sic
590 1637 804 1678 edebatur:
842 1637 933 1678 ‘Est
955 1639 1024 1678 bos
1048 1638 1153 1677 cerui
1178 1637 1298 1691 figura
1316 1668 1325 1686 ,
1362 1637 1474 1677 cuius
1497 1651 1518 1676 a
1541 1637 1664 1677 media

177 1710 309 1749 fronte
329 1706 434 1745 inter
456 1718 572 1745 aures
595 1719 711 1745 unum
735 1720 856 1745 cornu
879 1706 1016 1746 existit
1038 1705 1235 1745 excelsius
1258 1705 1460 1758 magisque
1474 1705 1668 1744 directum

176 1776 241 1824 iis,
267 1788 365 1828 quae
388 1771 500 1813 nobis
524 1779 616 1813 nota
639 1780 745 1822 sunt,
781 1774 981 1813 cornibus.
1030 1772 1092 1812 Ab
1116 1772 1199 1812 eius
1222 1786 1373 1812 summo
1395 1773 1496 1812 sicut
1518 1772 1668 1825 palmae

177 1843 278 1884 rami
299 1857 413 1895 quam
436 1843 515 1882 late
537 1840 831 1881 diffunduntur’.
863 1840 918 1881 Et
950 1841 1065 1880 ‘rami
1087 1855 1200 1893 quam
1222 1839 1313 1880 late*
1346 1854 1397 1880 ex
1419 1840 1668 1893 interpolatis

178 1911 290 1951 codd.
326 1908 604 1963 Oudendorpio
638 1910 885 1949 scribendum
917 1908 1045 1948 uisum
1078 1915 1154 1948 est.
1222 1906 1356 1948 Secuti
1387 1914 1478 1947 sunt
1507 1907 1665 1960 reliqui,

180 1978 357 2032 quamuis
390 1991 531 2027 nemo,
566 1991 664 2030 quae
697 1978 894 2017 diceretur
916 1975 1054 2028 palma,
1089 1975 1336 2015 intellexisse
1360 1975 1556 2015 uideatur.
1607 1973 1668 2014 De

181 2047 322 2087 arbore
356 2045 458 2086 enim
477 2076 487 2095 ,
521 2059 620 2098 quae
660 2045 726 2085 illo
768 2044 926 2084 nomine
959 2043 1197 2096 appellatur,
1241 2043 1437 2097 cogitasse
1479 2042 1664 2082 arbitror.

180 2111 308 2166 Quam
330 2112 363 2153 si
387 2110 540 2153 Caesar
561 2113 838 2167 significasset,
864 2125 988 2150 cornu
1010 2111 1119 2160 illud,
1145 2124 1167 2150 a
1189 2124 1263 2162 quo
1286 2110 1383 2149 rami
1406 2110 1668 2150 diffunderen-

181 2188 261 2230 tur,
288 2194 366 2221 non
389 2180 556 2234 palmae,
584 2181 651 2220 sed
674 2180 798 2233 stipiti
821 2179 972 2233 palmae
994 2178 1324 2219 assimulauisset.
1349 2176 1510 2218 Palmae
1533 2178 1668 2218 dicun-

177 2249 302 2290 turin
324 2248 528 2289 arboribus
552 2248 657 2298 nodi,
684 2249 786 2288 unde
808 2247 904 2287 rami
928 2247 1134 2300 prodeunt,
1161 2246 1261 2299 quod
1285 2260 1371 2286 cum
1394 2246 1518 2300 prima
1539 2260 1668 2286 ramo-

178 2331 265 2358 rum
295 2324 405 2371 parte
422 2348 432 2366 ,
475 2317 584 2369 quasi
627 2315 757 2370 digitis
773 2346 783 2365 ,
836 2314 1019 2355 dilatatae
1059 2328 1198 2355 manus
1250 2313 1421 2367 speciem
1460 2314 1664 2367 praebent.

175 2384 373 2439 Exempla
403 2384 517 2424 huius
551 2383 729 2423 uocabuli
764 2396 856 2423 usus
898 2382 1051 2422 notauit
1079 2380 1341 2422 Foreellinius
1384 2394 1437 2420 ex
1467 2381 1666 2431 Varrone,

178 2451 416 2502 Columella,
440 2450 587 2500 Plinio,
613 2451 751 2503 quibus
774 2451 846 2491 hoc
869 2449 976 2490 Liuii
1000 2450 1087 2490 addi
1110 2456 1239 2503 potest
1259 2447 1464 2497 XXXIII,
1491 2448 1515 2488 5
1549 2453 1665 2501 ‘quae

178 2522 366 2573 cuiusque
388 2519 530 2572 stipitis
553 2519 677 2572 palma
700 2519 779 2558 sit'.
831 2517 912 2558 lam
934 2518 967 2558 si
989 2518 1044 2558 ita
1067 2517 1276 2565 scribitur,
1312 2523 1353 2555 ut
1386 2530 1504 2569 supra
1535 2515 1662 2568 posui,

178 2586 331 2629 Caesar
359 2602 380 2628 a
413 2601 564 2627 summo
586 2600 730 2626 cornus
754 2585 856 2626 sicut
879 2600 900 2625 a
922 2599 1072 2625 summo
1095 2585 1244 2639 palmae
1266 2598 1395 2624 ramos
1428 2583 1588 2623 diffundi
1611 2583 1667 2622 di-

179 2663 256 2697 cet.
285 2654 399 2708 Quod
417 2669 494 2695 non
514 2661 620 2695 recte
643 2655 707 2693 lit:
733 2667 811 2693 non
834 2653 937 2693 enim
964 2667 1157 2693 summum
1177 2664 1483 2692 cornusummae
1495 2650 1662 2704 palmae,

176 2724 246 2765 sed
274 2723 345 2763 toti
384 2723 534 2776 palmae
575 2721 877 2775 comparandum
918 2728 1026 2768 erat,
1071 2735 1157 2760 cum
1189 2719 1355 2760 inferior
1386 2733 1476 2773 pars
1518 2732 1662 2758 coruus

177 2791 301 2845 stipiti
321 2791 460 2831 similis
487 2797 606 2831 esset.
662 2788 757 2840 Sed,
789 2797 833 2829 ut
862 2789 960 2839 dixi,
989 2789 1316 2843 interpolatorum
1352 2787 1461 2827 codd.
1491 2800 1538 2827 ea
1564 2786 1663 2827 scri-

182 2866 295 2913 ptura
313 2865 388 2901 est.
431 2857 480 2900 In
498 2858 660 2913 reliquis
681 2857 859 2900 omnibus
881 2864 990 2899 recte
1008 2856 1196 2912 scriptum
1218 2863 1280 2898 est
1311 2854 1389 2896 ‘Ab
1409 2856 1494 2897 eius
1515 2868 1666 2896 summo
