1835 3240
102 155 185 199 622
674 155 746 197 DE
779 155 967 199 BELLO
999 155 1174 200 CIVILI

101 268 184 313 110
197 267 363 308 consilio
385 275 607 323 susceptum
628 269 769 309 bellum
792 269 1008 310 uideretur.
1066 270 1194 313 Erant
1215 288 1300 314 cum
1321 274 1479 316 Achilla
1501 277 1651 331 copiae,

178 343 222 376 ut
242 350 368 389 neque
390 351 552 377 numero
583 350 708 388 neque
739 349 886 389 genere
917 337 1116 379 hominum
1147 354 1272 394 neque
1302 356 1375 382 usu
1397 344 1454 384 rei
1476 345 1656 385 militaris

129 405 156 446 2
178 405 488 445 contemnendae
510 404 750 443 uiderentur.
782 403 894 444 Milia
917 405 1017 445 enim
1039 413 1108 446 XX
1127 407 1168 447 in
1191 409 1308 448 armis
1333 410 1510 452 habebat.
1546 411 1656 452 Haec

177 472 411 513 constabant
432 486 484 512 ex
496 470 729 511 Gabinianis
750 471 953 523 militibus,
980 474 1043 526 qui
1064 474 1140 514 iam
1163 475 1203 514 in
1226 479 1549 520 consuetudinem
1562 479 1656 519 Ale-

174 539 397 580 xandrinae
429 539 533 579 uitae
564 553 609 579 ac
641 539 828 579 licentiae
859 549 1054 582 uenerant
1085 549 1124 583 et
1155 557 1297 583 nomen
1336 545 1652 600 disciplinamque

175 608 305 662 populi
327 606 495 646 Romani
518 606 784 647 dedidicerant
804 621 1031 661 uxoresque
1054 610 1275 661 duxerant,
1310 626 1361 652 ex
1384 613 1521 666 quibus
1543 615 1657 667 pleri-

129 673 154 715 3
177 689 251 728 que
274 674 417 714 liberos
439 673 649 714 habebant.
694 673 782 715 Huc
805 676 1047 717 accedebant
1069 678 1222 719 collecti
1244 693 1296 718 ex
1318 680 1579 733 praedonibus
1601 682 1656 722 la-

174 742 431 794 tronibusque
455 739 598 796 Syriae
631 740 874 796 Ciliciaeque
904 745 1131 798 prouinciae
1164 747 1494 801 finitimarumque
1526 748 1656 801 regio—

174 825 282 851 num.
326 808 444 850 Multi
476 817 680 864 praeterea
713 811 852 865 capitis
894 812 1065 853 damnati
1106 814 1320 868 exulesque
1362 823 1654 856 conuenerant:

126 877 153 917 4
176 877 350 931 fugitiuis
373 877 551 918 omnibus
573 878 720 919 nostris
752 886 884 919 certus
915 888 1001 920 erat
1023 879 1293 923 Alexandriae
1324 891 1507 938 receptus
1530 891 1658 924 certa-

176 959 249 998 que
271 946 377 986 uitae
399 946 593 997 condicio,
618 953 661 987 ut
683 947 772 987 dato
795 947 953 988 nomine
975 949 1138 990 militum
1154 958 1489 1002 essentnumer03
1514 951 1548 992 si
1571 952 1656 1005 quis

174 1027 197 1053 a
220 1013 375 1054 domino
398 1015 732 1068 prehenderetur,
768 1029 965 1056 consensu
996 1017 1158 1057 militum
1193 1019 1458 1072 eripiebatur,
1494 1020 1558 1072 qui
1580 1020 1658 1059 uim

174 1095 335 1122 suorum
351 1112 361 1132 ,
396 1083 496 1136 quod
528 1083 567 1122 in
590 1082 705 1122 simili
730 1084 842 1139 culpa
867 1085 1150 1136 uersabantur,
1186 1086 1260 1140 ipsi
1293 1101 1363 1140 pro
1387 1101 1461 1128 suo
1483 1086 1657 1141 periculo

127 1147 152 1188 5
177 1148 450 1190 defendebant.
494 1148 547 1189 Hi
568 1163 705 1204 regum
728 1151 874 1192 amicos
896 1153 943 1192 ad
966 1160 1130 1193 mortem
1154 1154 1390 1207 deposcere,
1416 1155 1454 1194 hi
1476 1155 1579 1195 bona
1599 1155 1656 1194 lo-

177 1217 373 1271 cupletum
397 1218 567 1271 diripere
583 1249 593 1267 ,
618 1219 801 1272 stipendii
825 1220 993 1273 augendi
1015 1234 1134 1260 causa
1155 1222 1261 1276 regis
1284 1222 1437 1261 domum
1460 1221 1654 1272 obsidere,

172 1298 298 1338 regno
322 1285 538 1338 expellere,
564 1285 662 1325 alios
684 1300 891 1327 arcessere
913 1295 1049 1328 uetere
1072 1288 1236 1342 quodam
1250 1288 1517 1330 Alexandrini
1540 1303 1656 1330 exer-

174 1353 273 1392 citus
295 1352 478 1392 instituto
500 1360 756 1394 consuerant.
819 1353 948 1395 Erant
978 1363 1184 1409 praeterea
1222 1357 1394 1410 equitum
1425 1358 1532 1397 milia
1563 1358 1653 1397 dno.

124 1418 151 1459 6
173 1418 502 1460 Inueterauerant
533 1421 568 1460 hi
604 1435 740 1461 omnes
774 1424 1037 1476 compluribus
1060 1424 1332 1465 Alexandriae
1353 1425 1491 1476 hellis3
1524 1423 1656 1465 Ptole-

172 1500 325 1528 maeum
348 1494 497 1541 patrem
520 1487 561 1528 iu
582 1502 747 1542 regnum
768 1491 1027 1543 reduxerant,
1051 1490 1184 1533 Bibuli
1204 1492 1304 1533 filios
1327 1494 1423 1534 duos
1445 1493 1656 1534 interfece-

172 1562 278 1606 rant,
302 1555 405 1596 bella
427 1570 513 1596 cum
535 1556 747 1612 Aegyptiis
769 1567 993 1613 gesserant.
1032 1560 1149 1601 Hunc
1170 1575 1283 1601 usum
1306 1561 1366 1601 rei
1387 1561 1568 1602 militaris
1590 1562 1658 1602 ha-

95 1623 342 1668 111bebant.
387 1623 460 1665 His
484 1625 605 1680 copiis
628 1626 751 1667 fidens
773 1626 950 1668 Achillas
973 1629 1288 1683 paucitatemque
1319 1630 1485 1670 militum
1508 1627 1656 1670 Caesa-

171 1692 226 1732 ris
250 1691 469 1745 despiciens
492 1694 709 1748 occupabat
730 1694 1015 1736 Alexandriam
1039 1704 1197 1751 praeter
1228 1712 1313 1738 eam
1336 1698 1464 1752 oppidi
1488 1704 1651 1751 partem,

173 1774 285 1812 quam
311 1757 464 1800 Caesar
487 1775 571 1801 cum
595 1762 782 1802 militibus
806 1764 977 1811 tenebat,
1003 1765 1124 1818 primo
1146 1765 1291 1818 impetu
1313 1765 1466 1806 domum
1491 1765 1573 1805 eius
1595 1765 1655 1805 in-

170 1840 353 1880 rumpere
376 1835 565 1879 cenatus,
600 1830 667 1869 sed
692 1827 844 1871 Caesar
866 1831 1065 1885 dispositis
1088 1846 1158 1886 per
1179 1833 1264 1872 uias
1288 1833 1513 1873 cohortibus
1536 1833 1656 1886 impe-

122 1892 148 1934 2
173 1901 252 1934 tum
276 1894 358 1935 eins
381 1896 583 1937 sustinuit.
628 1897 857 1952 Eodemque
890 1906 1064 1953 tempore
1096 1907 1310 1953 pugnatum
1334 1907 1393 1939 est
1414 1901 1460 1940 ad
1484 1907 1654 1953 portum,

171 1976 216 2002 ac
238 1962 353 2017 longe
376 1964 586 2004 maximam
610 1978 654 2004 ea
678 1980 742 2006 res
765 1967 894 2006 attulit
916 1967 1220 2007 dimicationem.
1277 1965 1401 2008 Simul
1423 1968 1525 2008 enim
1549 1968 1657 2008 didu-

171 2030 244 2069 ctis
268 2031 389 2084 copiis
412 2031 585 2084 pluribus
608 2033 682 2073 uiis
714 2034 983 2088 pugnabatur,
1023 2041 1062 2075 et
1091 2049 1232 2090 magna
1264 2036 1512 2076 multitudine
1544 2035 1656 2076 nauis

124 2095 149 2136 3
172 2097 310 2152 longas
334 2113 528 2153 occupare
552 2100 686 2141 hostes
711 2102 978 2153 conabantur,
1014 2117 1176 2156 quarum
1209 2111 1323 2144 erant
1343 2112 1370 2143 L
1391 2104 1540 2145 auxilio
1563 2103 1655 2143 mis-

172 2179 240 2205 sae
263 2167 309 2206 ad
332 2165 562 2221 Pompeium
585 2170 811 2223 proelioque
833 2171 872 2210 in
893 2169 1101 2212 Thessalia
1124 2172 1227 2211 facto
1250 2172 1402 2211 domum
1434 2171 1649 2221 redierant,

172 2233 263 2273 illae
287 2234 467 2275 triremes
491 2250 626 2277 omnes
650 2244 688 2277 et
710 2238 1011 2292 quinqueremes
1035 2246 1149 2294 aptae
1170 2240 1461 2293 instructaeque
1474 2238 1652 2279 omnibus

311 2338 330 2370 3
352 2342 643 2383 contempnendae
662 2352 697 2373 a.
838 2343 921 2375 haec
940 2353 960 2374 a
976 2343 994 2375 b
1015 2344 1047 2378 ι2
1065 2343 1165 2384 αἰιί”,
1189 2343 1251 2375 hae
1269 2354 1305 2375 u.
1444 2341 1653 2383 luminibus]

169 2388 308 2421 milibus
327 2400 361 2421 α.
542 2393 559 2423 5
580 2392 718 2425 licentia
736 2403 756 2424 α
771 2394 801 2425 b.
981 2395 1000 2427 6
1020 2395 1256 2427 dedidicerant
1272 2395 1399 2435 Aldus,
1421 2395 1615 2426 didicerant
1632 2406 1653 2426 α

171 2439 270 2470 ‘mss.
285 2440 476 2482 pleriqne'.
641 2444 662 2477 8
681 2443 901 2487 Cyliciaeque
926 2456 958 2477 α.
1123 2446 1341 2477 finitimarum
1360 2446 1604 2488 regionumque
1616 2456 1650 2477 α.

315 2490 333 2521 9
346 2493 442 2523 multi
456 2503 523 2525 om.
538 2495 569 2525 b.
689 2496 906 2538 dainpnatia.
1027 2498 1233 2539 exsulesque
1252 2497 1317 2539 (a).
1438 2499 1476 2531 10
1497 2498 1652 2539 fugitiuis

172 2541 318 2582 reliqui,
343 2541 565 2587 fugitiuisque
586 2556 677 2577 unus
695 2546 765 2578 det.
786 2557 821 2578 u.
989 2548 1024 2580 11
1047 2549 1194 2580 conditio
1215 2548 1281 2589 (a).
1447 2550 1474 2580 si
1494 2550 1568 2591 quis
1586 2551 1650 2589 ab,

171 2604 312 2636 quorum
332 2595 360 2626 si
380 2597 455 2637 quis
474 2607 508 2628 u.
652 2599 693 2632 12
705 2609 876 2631 consensu
895 2610 915 2631 α
929 2600 1023 2630 ‘ms-5.
1044 2601 1142 2641 mei’,
1165 2610 1332 2631 concursu
1346 2601 1459 2632 Aldus
1472 2612 1506 2633 u.

174 2646 212 2679 13
233 2647 330 2689 culpa
351 2657 416 2679 om.
442 2649 471 2679 b.
614 2650 655 2681 14
674 2660 784 2681 rerum
804 2661 825 2682 α
847 2651 943 2682 ‘vn-ss,
963 2650 1007 2683 4'.
1148 2661 1273 2682 morem
1293 2661 1313 2682 a
1335 2653 1431 2684 ίηιεε.
1452 2652 1495 2691 3’,
1516 2652 1600 2683 bona
1621 2651 1650 2682 b.

314 2699 355 2732 15
374 2701 520 2741 augendi
540 2711 608 2732 om.
631 2702 662 2732 b.
822 2702 861 2734 16
881 2702 1056 2744 expellere
1075 2712 1095 2733 α
1116 2702 1192 2734 cod.
1214 2703 1296 2735 l‘rs.
1320 2705 1337 2736 4
1356 2703 1457 2744 dett,
1480 2703 1653 2745 expellere

171 2748 256 2780 alios
275 2760 309 2781 τι.
476 2751 513 2783 17
531 2757 739 2782 consuerant
757 2763 777 2783 α
791 2753 808 2782 b
821 2763 848 2792 e,
871 2757 1124 2784 consueuerant
1141 2762 1175 2783 ιι.
1334 2753 1375 2786 18
1393 2754 1426 2785 hi
1446 2752 1576 2795 omues]
1597 2753 1654 2784 ho—

171 2801 280 2832 mines
299 2812 319 2832 a
333 2802 389 2833 be.
532 2803 574 2835 22
593 2808 732 2844 praeter
750 2813 822 2834 eam
841 2813 932 2834 uuus
951 2803 1035 2842 det„
1057 2809 1237 2846 praeterea
1255 2804 1402 2845 reliqui.
1544 2803 1586 2838 23
1605 2803 1655 2834 in—

172 2860 330 2893 rumpere
349 2863 382 2884 a.
525 2852 566 2887 26
587 2853 744 2886 diductus
765 2856 847 2885 ante
866 2863 957 2885 corr.
979 2863 1012 2885 a.
1154 2854 1196 2886 27
1217 2855 1313 2887 nauis
1332 2865 1364 2887 α.

1685 555 1701 585 0!

1692 891 1731 924 10

1692 1230 1730 1261 15

1688 1568 1731 1603 20

1684 2245 1726 2277 30
