1835 3240
706 186 816 194 -.-
878 160 1105 204 65-—

162 279 196 319 si
217 275 304 318 aliis
327 275 476 316 auxilio
497 274 702 316 uenissent
723 275 826 329 iique
848 275 943 316 uicti
966 283 1116 326 essent,
1141 278 1211 317 sed
1233 277 1321 332 quia
1341 279 1465 321 uictos
1481 283 1647 325 arbitra-

160 346 316 392 bantur,
341 342 568 396 quibuscum
592 350 802 384 steterant.
845 344 976 396 Atque
1008 343 1166 383 omnino
1197 344 1262 384 illa
1295 346 1514 399 scriptura,
1549 365 1646 403 quae

159 419 250 451 ante
271 411 414 450 Aldum
440 410 653 459 ferebatur,
678 411 915 451 auctoritate
938 411 1052 451 ualde
1075 411 1227 451 infirma
1252 411 1404 452 nititur.
1457 414 1534 454 Est
1562 417 1647 458 sine

159 479 273 518 dubio
296 479 334 518 in
358 479 588 531 quibusdam
612 479 872 518 deterioribus
895 479 1026 527 codd,
1053 492 1105 518 ex
1126 479 1292 531 integris
1315 477 1582 524 Schneiderus
1608 485 1647 524 in

157 544 288 599 Bong.
315 560 373 599 pr.
400 545 519 587 Voss.
556 560 614 599 pr.
641 545 757 598 Egm.
794 546 964 585 inueniri
988 546 1055 585 ait.
1100 544 1156 585 At
1176 546 1216 585 in
1239 544 1331 586 Par.
1358 561 1417 600 pr.
1446 546 1560 589 Vrat.
1586 565 1643 604 pr.

158 613 391 667 optimisque
415 614 653 653 deteriorum
678 612 851 665 <Dresd.
878 627 936 666 pr.
966 613 1081 653 Vrat.
1107 627 1189 654 sec.
1216 612 1348 654 Bonn.
1376 613 1559 670 Gottorp.
1585 632 1648 659 se-

156 682 324 720 cundum
356 689 504 721 certum
527 680 693 721 Whiuii
724 681 1017 733 testimonium)
1049 681 1236 734 scriptum
1261 690 1323 722 est
1357 687 1512 724 ‘eastra
1542 700 1647 726 com-

157 749 253 802 pleri
287 756 442 788 nostras
473 749 673 802 legiones'
706 748 831 788 altero
865 747 1067 798 ‘nostra'‚
1103 750 1204 801 quod
1237 751 1415 790 ‘castra'
1449 753 1643 805 sequitur,

158 818 328 856 omisso:
354 816 531 868 idemque
554 816 600 855 de
622 815 739 869 Egm.
775 823 816 856 et
836 815 954 857 Voss.
980 830 1037 869 pr.
1063 830 1116 855 ex
1139 818 1375 870 cognatione
1399 833 1535 859 eorum
1558 834 1647 861 cum

154 882 248 922 Pur.
275 897 332 936 pr.
358 890 396 922 ct
419 882 532 924 Vrat.
561 897 619 937 pr.
646 897 692 923 eo
715 884 839 936 magis
872 884 1120 924 statuendum
1145 892 1227 933 est,
1266 887 1364 938 quod
1390 901 1442 926 cx
1464 886 1580 940 Egm.
1607 896 1647 929 et

155 949 342 1004 Gottorp.
378 950 417 990 in
450 951 620 1004 exempl.
645 950 881 991 Fubriciano
912 958 1138 992 annotatum
1164 958 1247 992 erat
1283 958 1438 994 ‘eastra
1461 955 1646 1009 compleri

155 1025 307 1067 nostra,
333 1025 490 1058 nostras
513 1018 720 1071 legiones',
745 1018 840 1059 falso
859 1020 906 1058 de
924 1017 1130 1073 Gottorp.,
1156 1026 1198 1059 ut
1213 1019 1410 1062 Whittius
1433 1022 1641 1064 indicauit.

153 1083 288 1138 Itaque
311 1099 364 1124 ex
395 1085 508 1125 bonis
543 1086 655 1125 codd.
681 1101 780 1126 unus
803 1085 932 1140 Bong.
959 1100 1016 1140 pr.
1042 1087 1302 1140 relinquitur,
1338 1089 1378 1128 in
1401 1104 1476 1142 quo
1500 1105 1646 1132 uereor

154 1166 202 1192 ne
224 1153 324 1192 idem
351 1154 495 1193 factum
517 1153 582 1201 sit,
608 1155 708 1207 qued
732 1153 824 1208 mihi
848 1154 895 1194 de
917 1152 1011 1194 Par.
1038 1168 1096 1208 pr.
1121 1162 1297 1206 notatur,
1322 1163 1364 1196 ut
1393 1159 1557 1198 ‘nostra'
1581 1172 1644 1199 se-

151 1221 279 1260 cunda
308 1221 461 1261 demum
493 1235 611 1261 manu
643 1221 837 1261 adiectum
871 1222 935 1262 sit.
992 1220 1215 1263 Secundum
1250 1223 1348 1264 hanc
1382 1231 1511 1264 autem
1542 1225 1644 1267 inte-

153 1302 312 1341 grorum
337 1288 448 1328 codd.
470 1289 705 1342 scripturam
730 1289 784 1329 ita
801 1289 897 1329 hacc
920 1291 1194 1330 constituenda
1215 1305 1302 1331 esse
1325 1300 1510 1345 apparet:
1539 1299 1641 1334 ‘cum

153 1356 399 1396 multitudine
422 1362 553 1395 castra
574 1356 776 1408 compleri,
802 1358 977 1410 legiones
997 1358 1120 1411 premi
1145 1366 1184 1398 et
1206 1373 1329 1412 paene
1351 1360 1642 1403 circumuentas

155 1423 298 1473 teneri,
324 1424 497 1471 calones,
524 1423 700 1475 equites,
726 1424 942 1463 funditores
958 1455 967 1473 ,
992 1424 1186 1465 Numidas
1209 1426 1389 1466 diuersos
1413 1428 1643 1483 dissipatos-

154 1506 228 1544 que
252 1491 288 1530 in
312 1505 446 1531 omnes
470 1498 598 1543 partes
622 1491 760 1544 fugere
784 1491 1002 1532 uidisscnt'.
1045 1492 1148 1533 Nam
1172 1494 1270 1546 quod
1295 1493 1494 1535 Whiuius
1522 1497 1642 1538 edidit

155 1564 301 1598 ‘castra
325 1558 509 1609 compleri
532 1565 691 1605 nostra,
726 1558 927 1612 legiones⁷
950 1567 1064 1610 cett.,
1090 1561 1225 1600 eadem
1248 1575 1301 1601 ex
1323 1569 1432 1615 parte
1454 1563 1642 1605 uitiosum

150 1633 228 1676 est,
254 1639 329 1678 qua
355 1630 526 1664 ‘nostras
548 1624 754 1677 legiones'.

267 1689 315 1732 C.
342 1691 394 1731 27
415 1691 569 1730 initium
590 1691 631 1730 in
653 1691 818 1746 integris
841 1693 1095 1747 plurimisque
1118 1695 1229 1735 codd.
1264 1696 1319 1736 ita
1340 1697 1528 1751 scriptum
1549 1706 1637 1741 est:

154 1759 321 1800 ‘Horum
344 1760 515 1799 aduentu
537 1766 647 1799 tanta
665 1773 796 1800 rerum
815 1762 1067 1802 commutatio
1090 1769 1151 1802 est
1173 1764 1290 1813 facta,
1316 1771 1355 1804 ut
1376 1765 1500 1805 nostri
1523 1767 1640 1807 etiam

151 1828 216 1881 qui
238 1827 466 1868 uulneribus
499 1827 668 1867 confecti
690 1829 1014 1881 procubuissent,
1040 1830 1163 1870 scutis
1185 1831 1315 1871 innixi
1338 1833 1527 1886 proelium
1550 1836 1640 1875 red-

150 1896 421 1950 integrarent,
457 1901 535 1934 tum
559 1896 718 1935 calones
742 1897 973 1949 perterritos
997 1898 1130 1939 hostes
1155 1899 1369 1952 conspicati
1393 1902 1510 1941 etiam
1532 1903 1639 1944 iner-

150 1977 233 2003 mes
255 1963 417 2003 armatis
439 1970 712 2013 occurrerunt,
738 1963 888 2015 equites
912 1977 1005 2004 uero
1020 1997 1029 2015 ,
1055 1973 1096 2005 ut
1120 1968 1397 2021 turpitudinem
1422 1971 1536 2024 fugae
1558 1972 1639 2012 uir-

151 2037 231 2070 tute
255 2030 446 2078 delerent,
470 2031 650 2071 omnibus
671 2031 712 2070 in
733 2031 829 2072 locis
851 2041 1051 2086 pugnant,
1086 2049 1160 2087 quo
1192 2049 1234 2075 se
1256 2036 1483 2089 legionariis
1506 2039 1639 2080 militi-

148 2097 220 2137 bus
243 2099 517 2151 praeserrent'.
582 2098 658 2139 Hic
691 2113 760 2153 pro
789 2101 963 2152 perfeeto
997 2104 1302 2143 ‘occurrerunt'
1334 2107 1562 2146 necessario
1586 2121 1639 2149 ex

147 2165 392 2220 interpolatis
425 2167 536 2207 codd.
571 2167 715 2208 editum
748 2174 809 2207 est
850 2173 1174 2210 ‘occurrerent'z
1216 2178 1324 2212 reete
1354 2174 1455 2213 enim
1488 2175 1639 2215 monuit

146 2230 411 2274 Schneiderus
436 2234 557 2274 uerba
583 2242 707 2275 ‘tanta
729 2249 862 2276 rerum
886 2238 1139 2278 commutatio
1162 2245 1223 2278 est
1245 2240 1358 2280 facta'
1387 2242 1508 2282 nimia
1529 2256 1633 2293 esse,

147 2300 180 2340 si
206 2315 280 2341 una
304 2302 368 2342 illa
402 2316 489 2351 reS,
524 2310 565 2342 ut
592 2304 791 2343 uulnerati
824 2305 1013 2357 proelium
1046 2306 1388 2360 redintegrarent,
1422 2318 1637 2351 consecuta

145 2375 267 2408 esset.
310 2365 389 2408 Sed
411 2370 511 2422 quod
535 2385 604 2424 pro
626 2371 703 2411 illis
728 2376 922 2425 ‘pugnant
944 2373 1030 2425 quo'
1052 2373 1146 2412 item
1171 2387 1222 2413 ex
1237 2374 1483 2429 interpolatis
1507 2378 1638 2419 editur

149 2436 347 2489 ‘pugnae',
372 2444 480 2477 recte
504 2438 586 2478 fieri
608 2453 686 2478 non
709 2439 897 2479 arbitror.
962 2439 1095 2480 Verba
1126 2441 1280 2494 quidem
1315 2449 1516 2498 ‘pugnant
1548 2446 1634 2499 quo'

146 2510 281 2555 aperte
306 2503 449 2544 uitiosa
471 2512 563 2545 sunt
585 2520 661 2546 non
686 2507 811 2547 solum
836 2507 883 2547 ob
907 2508 1019 2548 uerbi
1042 2515 1191 2562 tempus
1217 2511 1486 2562 (quamobrem
1507 2513 1547 2554 in
1570 2514 1635 2554 de-

146 2571 355 2611 terioribus
378 2572 605 2624 quibusdam
629 2574 741 2613 codd.
770 2575 1039 2628 ‘pugnabant'
1063 2576 1231 2630 positum
1254 2580 1333 2631 est)
1355 2580 1424 2619 sed
1447 2581 1564 2621 etiam
1586 2581 1634 2621 ob

149 2639 397 2678 sententiam.
430 2639 577 2693 Neque
600 2642 702 2681 enim
725 2655 788 2691 eo,
814 2643 912 2694 quod
937 2643 1116 2684 omnibus
1138 2644 1234 2684 locis
1257 2647 1497 2699 pugnabant,
1523 2648 1635 2702 igno-

149 2704 303 2743 minium
328 2706 458 2746 delere
480 2715 543 2747 aut
576 2722 619 2748 se
651 2709 873 2761 legionibus
906 2712 1108 2764 praeferre
1141 2712 1292 2764 equites
1325 2704 1530 2767 poterant,
1565 2715 1633 2755 sed

148 2772 263 2822 quod,
289 2772 521 2827 ubicumque
545 2783 679 2826 erant,
705 2777 853 2831 insigni
876 2779 1023 2819 uirtute
1055 2779 1365 2832 proeliabantur.
1429 2780 1555 2836 Igitur
1583 2795 1632 2821 ne

151 2841 398 2890 ‘pugnarent'
421 2842 596 2892 quidem,
624 2843 746 2895 ‘quo'
770 2853 862 2885 cett.
890 2847 1044 2899 probari
1070 2854 1216 2900 posset.
1280 2845 1360 2888 Sed
1382 2849 1413 2888 ‘si
1441 2848 1631 2902 ‘pugnae'

188 2905 308 2938 Caesar,
331 2904 374 2931 ed.
400 2906 539 2941 Nippcrd.
1330 2913 1354 2950 5
