1835 3240
97 911 136 945 10

91 1251 131 1283 15

86 1590 129 1622 20

82 1929 125 1961 25

80 2269 122 2303 30

81 2609 122 2641 35

586 178 899 224 ANTICATO.
932 178 1254 222 EPISTOLAE
1657 179 1740 227 787

828 295 889 348 (a.
914 293 1007 345 44.)

294 360 383 402 Cio.
408 360 465 402 ad
482 359 579 401 Att.
603 361 712 410 XV,
737 360 778 410 ἴ),
803 361 851 401 2:
896 360 951 401 Vt
973 368 1014 401 tu
1036 361 1082 401 de
1106 360 1309 415 prouincia
1331 359 1443 401 Bruti
1468 370 1506 403 et
1528 362 1659 406 Cassii

174 443 244 483 per
265 429 665 478 senatusconsultum,
689 429 743 469 ita
766 428 903 468 scribit
925 436 961 469 ct
983 427 1130 469 Balbus
1153 436 1193 469 et
1216 428 1394 479 Hirtius3
1420 431 1482 482 qui
1507 433 1659 484 quidem

174 512 217 538 se
238 505 428 538 actutum.
461 496 621 536 Etenim
642 496 720 536 iam
741 496 781 535 in
806 495 1036 536 Tusculano
1060 502 1121 536 est
1143 497 1311 550 mihique
1329 527 1339 547 ,
1363 504 1406 537 ut
1427 498 1566 549 absim,
1592 515 1659 542 ue—

176 565 377 605 hementer
407 572 565 615 auctor,
600 571 639 605 et
667 563 733 603 1110
763 564 916 617 quidem
946 564 1109 618 periculi
1137 578 1277 614 causa,
1311 565 1413 618 quod
1441 566 1513 606 sibi
1543 569 1659 609 etiam

173 635 294 674 fuisse
315 633 423 673 dicit.

283 702 396 742 Idem
418 699 518 740 ibid.
533 696 576 748 6,
604 698 623 738 1
642 714 651 737 :
685 696 854 738 ‘Hirtius
870 696 1056 739 Ciceroni
1080 713 1151 739 suo
1173 713 1208 740 s.
1243 699 1353 741 Rure
1376 701 1450 741 iam
1474 703 1658 744 redierim

171 768 343 823 quaeris,
361 782 411 808 an
426 781 515 821 ego,
531 780 619 806 cum
639 780 774 806 omnes
793 767 962 816 caleant,
979 767 1175 820 ignauiter
1193 768 1334 821 aliquid
1350 769 1502 809 faciam.
1524 769 1658 812 Etiam

169 850 221 877 ex
245 836 341 876 urbe
365 850 449 876 sum
473 835 686 889 profectus.
731 833 876 875 Vtilius
900 835 1002 874 enim
1024 836 1146 875 statui
1167 836 1322 877 abesse.
1359 835 1441 878 Has
1465 838 1532 878 tibi
1553 839 1659 879 litte—

167 918 232 944 ras
264 905 403 944 exiens
439 904 480 944 in
502 902 772 943 Tusculanum
796 902 950 956 scripsi.
997 902 1092 942 Noli
1115 911 1244 944 autem
1268 917 1328 944 me
1354 912 1429 945 tam
1453 913 1656 947 strenuum

169 980 332 1026 putare,
367 978 410 1011 ut
440 971 487 1010 ad
508 969 653 1011 Nonas
685 984 903 1010 recurram.
945 969 1056 1010 Nihil
1089 971 1190 1010 enim
1213 971 1288 1011 iam
1313 972 1425 1013 uideo
1449 988 1545 1028 opus
1569 988 1657 1015 esse

169 1046 305 1080 nostra
328 1052 436 1088 cura,
463 1038 644 1092 quoniam
668 1038 865 1092 praesidia
887 1044 979 1077 sunt
1000 1038 1039 1077 in
1065 1045 1122 1078 tot
1145 1052 1268 1078 annos
1292 1041 1466 1092 prouisa.
1508 1040 1656 1084 Brutus

167 1115 207 1147 et
229 1104 394 1148 Cassius
416 1107 566 1147 utinam
581 1137 592 1156 ,
624 1120 739 1160 quam
762 1105 877 1146 facile
900 1120 922 1145 a
946 1113 983 1145 te
1006 1106 1051 1146 de
1075 1120 1135 1146 1110
1157 1106 1368 1160 impetrare
1390 1117 1578 1161 possunt,
1603 1111 1657 1151 ita

164 1190 234 1229 per
255 1183 294 1216 te
314 1182 547 1224 exorentur,
564 1189 612 1215 ne
631 1175 732 1227 quod
747 1174 910 1214 calidius
927 1175 1062 1214 ineant
1079 1173 1306 1214 consilium!
1333 1174 1531 1217 Cedentes
1551 1178 1655 1218 enim

166 1244 262 1284 baec
284 1243 341 1284 ais
364 1243 589 1297 scripsisse.
625 1241 741 1295 Quo?
774 1249 842 1283 aut
863 1243 1014 1295 quare?
1037 1241 1194 1292 Retine,
1221 1243 1386 1284 obsecro
1411 1251 1462 1293 te,
1490 1243 1650 1296 Cicero,

164 1311 252 1351 illos
286 1318 325 1350 et
355 1311 435 1351 noli
458 1311 590 1351 sinere
616 1311 709 1351 11000
734 1311 861 1349 onmia
887 1310 1038 1362 perire,
1073 1324 1171 1362 quae
1193 1311 1366 1352 funditus
1389 1313 1654 1355 mediusfidius

162 1378 326 1432 rapinis,
351 1378 559 1428 incendiis,
584 1378 767 1418 caedibus
791 1385 1084 1431 peruertnntur.
1122 1377 1311 1429 Tantum,
1332 1380 1363 1420 si
1387 1382 1475 1434 quid
1500 1382 1652 1433 timent,

165 1453 356 1497 caueant3
388 1446 482 1486 nihil
512 1453 716 1499 praeterea
749 1446 976 1485 moliantur.
1019 1444 1113 1486 Non
1145 1447 1414 1488 mediusfidius
1448 1450 1652 1490 acerrimis

163 1514 339 1554 consiliis
364 1514 447 1567 plus
471 1528 582 1567 quam
607 1514 724 1553 etiam
745 1514 1017 1563 inertissimis,
1039 1515 1244 1554 dummodo
1267 1515 1534 1569 diligentibus,
1558 1532 1653 1558 con-

161 1589 392 1635 sequentur.
427 1581 539 1622 Haec
562 1582 663 1622 enim
681 1613 691 1631 ,
717 1596 816 1635 quae
839 1583 978 1632 fluunt,
1004 1596 1073 1635 per
1094 1596 1137 1623 se
1161 1583 1340 1623 diuturna
1365 1599 1444 1625 non
1466 1593 1586 1636 suntg
1611 1587 1652 1627 in

161 1652 414 1691 contentione
437 1658 666 1704 praesentes
689 1650 736 1689 ad
760 1650 976 1690 nocendum
1000 1650 1146 1691 habent
1166 1651 1287 1693 uires.
1321 1650 1425 1705 Quid
1446 1667 1582 1707 speres
1605 1655 1652 1696 de

159 1719 253 1770 illis,
277 1720 318 1759 in
339 1718 611 1759 Tusculanum
633 1719 681 1758 ad
703 1732 763 1758 me
792 1718 949 1758 scribe'.

272 1787 385 1827 Idem
408 1787 508 1827 ibid.
533 1786 585 1835 8,
612 1786 660 1826 1:
694 1785 794 1826 Post
823 1794 927 1826 tuum
960 1786 1176 1827 discessum
1197 1786 1310 1827 binas
1332 1801 1355 1827 a
1377 1786 1529 1829 Balbo:
1555 1789 1651 1831 1111111

160 1854 276 1905 noui3
306 1854 477 1908 itemque
499 1855 546 1896 ab
569 1854 700 1896 Hirtio
716 1886 726 1906 ,
760 1855 825 1908 qui
847 1868 890 1895 se
912 1854 1049 1895 scribit
1071 1855 1327 1896 uehementer
1348 1857 1537 1898 offensum
1561 1872 1650 1900 esse

157 1922 375 1964 ueteranis.

813 1993 873 2041 (a.
895 1989 989 2042 43.)

276 2058 363 2100 Cic.
389 2059 447 2099 acl
463 2058 580 2100 Fam.
604 2058 725 2107 XII,
749 2056 790 2107 5,
815 2056 866 2097 2:
903 2057 1057 2098 Hirtius
1080 2058 1176 2099 nihil
1198 2058 1273 2098 nisi
1296 2060 1571 2113 considerate,
1608 2071 1647 2103 ut

156 2127 249 2168 mibi
272 2126 423 2168 crebris
446 2126 588 2167 litteris
612 2126 823 2179 significat,
849 2132 1010 2166 acturus
1034 2126 1257 2166 uidebatur.

271 2195 358 2237 Cic.
383 2194 494 2235 Plzz'l.
519 2194 627 2244 XII,
653 2194 693 2245 4,
718 2193 768 2235 9:
803 2193 869 2233 An
891 2208 961 2234 uos
984 2193 1035 2234 A.
1062 2194 1233 2234 Hirtium
1249 2226 1259 2245 ,
1284 2197 1645 2249 praeclarissimum

154 2263 368 2313 consulem,
395 2258 443 2301 C.
461 2259 693 2311 Caesarem,
710 2262 868 2301 deorum
892 2262 1082 2302 beneficio
1105 2269 1237 2302 natum
1260 2264 1306 2303 ad
1330 2264 1426 2304 haec
1452 2272 1641 2320 tempora,

156 2345 318 2384 quorum
340 2330 523 2384 epistolas
547 2344 654 2383 spem
678 2330 868 2370 uictoriae
890 2329 1135 2370 declarantes
1157 2331 1197 2370 111
1221 2345 1336 2371 11101111
1356 2339 1487 2384 teneo,
1510 2349 1642 2388 pacem

156 2398 259 2438 uelle
288 2399 486 2438 censetis?
516 2396 691 2438 Vincere
712 2397 766 2437 illi
790 2404 982 2451 expetunt
1003 2399 1187 2451 pacisque
1211 2399 1477 2441 dulcissimum
1501 2410 1540 2442 et
1561 2404 1643 2456 pul-

157 2465 391 2507 cherrimum
413 2480 557 2507 nomen
579 2480 657 2506 non
679 2466 878 2520 pactione,
904 2466 972 2506 sed
995 2467 1162 2507 uictoria
1184 2469 1510 2522 coucupiuerunt.

753 2548 802 2572 An
826 2548 1039 2573 CAESAREM.

267 2601 328 2655 (a.
351 2599 425 2655 46)
454 2599 543 2641 Cic.
568 2600 626 2641 ad
641 2600 759 2642 Fam.
783 2601 866 2650 IX,
885 2600 926 2651 6,
946 2600 964 2640 1
983 2618 991 2640 :
1026 2599 1125 2642 Cum
1149 2602 1214 2643 ille
1235 2603 1476 2658 scripsisset,
1498 2612 1539 2644 ut
1561 2605 1641 2658 opi-

298 2669 316 2701 3
337 2670 675 2701 senatusconsultum
700 2670 750 2701 ita
777 2670 981 2708 Victorius,
1012 2669 1099 2701 scita
1124 2671 1304 2704 Medicam
1329 2676 1364 2704 et
1387 2672 1461 2703 edd.
1487 2674 1639 2713 primae.

298 2720 354 2762 qui
370 2719 606 2760 Crmellz'nas,
628 2730 696 2751 om.
710 2720 891 2751 Medic-eus
910 2723 945 2751 et
962 2719 1040 2751 edd.
1055 2722 1210 2762 primae.
1352 2724 1371 2754 4
1385 2727 1536 2754 actutum
1556 2724 1642 2756 Cra-

155 2772 316 2812 sellinus,
339 2776 493 2803 acturum
510 2771 690 2803 Mediceus
708 2776 744 2804 et
760 2772 838 2804 edd.
855 2774 1011 2814 primae.
1178 2775 1195 2805 5
1214 2773 1347 2815 auctor]
1368 2778 1419 2805 est
1438 2784 1515 2805 cnm
1532 2774 1640 2807 Lam-

154 2825 235 2855 bino
254 2823 336 2855 add.
355 2833 452 2864 seqq.
593 2822 633 2853 15
647 2822 778 2854 retineo
797 2826 882 2854 ante
901 2831 993 2854 corr.
1013 2822 1206 2855 Medicens.
1352 2824 1388 2855 16
1403 2834 1466 2865 que
1486 2824 1637 2858 fonditus

153 2875 343 2908 Mediceus.
485 2874 526 2906 35
546 2873 627 2905 Vz‘d.
645 2883 684 2914 p.
705 2874 783 2911 783,
806 2875 836 2907 1.

1351 2928 1406 2969 50
1419 2933 1434 2951 *
