1835 3240
715 191 1107 232 -56—

175 306 393 360 lig-eretur,
426 306 495 346 sed
515 306 553 345 id
575 304 815 359 postulabat,
848 310 887 343 ut
916 303 956 341 in
980 302 1212 354 colloquium
1234 303 1412 353 ueniret,
1446 306 1546 357 quod
1576 319 1651 358 quo

176 373 331 414 facilius
351 373 594 428 impetraret,
619 373 747 412 locum
766 370 838 423 ipsi
857 368 1101 421 deligendum
1125 368 1276 421 quidem
1296 370 1559 423 relinquebat,
1583 374 1652 413 sed

175 455 255 481 non
276 440 518 495 postulabat,
549 446 592 479 ut
613 439 825 491 deligeret,
852 449 988 475 uerum
1009 442 1053 476 ut
1073 436 1333 476 constitueret
1352 437 1476 478 locum
1492 470 1502 488 ,
1537 453 1648 492 quem

174 508 414 561 delegisset&
458 507 675 546 Enimuero
699 504 793 543 nihil
814 517 908 542 sane
931 503 1145 552 referebat,
1171 503 1233 555 qui
1256 504 1362 543 locus
1386 505 1648 558 deligeretur:

174 583 214 615 at
231 590 321 616 num
340 576 426 615 ideo
446 574 572 614 nullus
591 579 676 612 erat
694 571 946 623 deligendus?
968 569 1227 623 Deligendum
1250 571 1368 611 l'uisse
1385 572 1468 625 ipse
1486 570 1651 614 Schnei-

175 644 291 683 derus
314 643 516 690 concedit,
542 648 595 689 et,
611 646 819 690 antequam
842 638 877 677 id
891 639 1030 677 factum
1049 645 1171 688 esset,
1196 653 1244 679 ne
1262 639 1302 678 in
1318 640 1550 692 colloquium
1568 641 1651 693 qui-

175 712 260 751 dem
283 710 409 750 ueniri
432 708 605 762 potuisse
627 713 802 760 apparet.
856 701 955 744 Cum
987 712 1115 745 autem
1149 707 1320 760 deligere
1351 706 1490 759 aliquis
1522 707 1649 747 locum

173 778 346 826 iubetur,
371 777 546 831 profecto
569 788 613 814 ea
635 774 717 827 ipsa
740 787 784 813 re
806 773 1026 826 postulatur
1041 804 1051 822 ,
1077 780 1139 823 ut,
1165 788 1276 826 quem
1301 774 1511 828 delegerit,
1537 775 1652 815 alteri

173 845 380 898 significet.
423 842 514 882 Nisi
538 843 656 890 forte,
682 847 724 880 ut
745 841 817 880 hoc
840 847 943 889 utar,
967 839 1005 879 11.
1031 841 1108 881 ciu.
1132 839 1176 890 I,
1207 840 1277 891 84,
1301 841 1328 882 2
1349 841 1482 882 uerbis
1517 848 1527 865 ‘
1543 842 1652 882 ueni-

172 919 236 952 tur
256 912 295 951 in
317 924 403 950 eum
425 911 567 958 locum,
593 922 704 961 quem
729 905 881 948 Caesar
901 908 1063 962 delegit'
1088 909 1278 948 declarari
1301 916 1479 963 putamus
1501 909 1542 949 in
1565 923 1652 949 eum

172 979 296 1018 locum
321 984 477 1017 uentum
500 991 604 1025 csse,
630 989 743 1029 quem
767 973 921 1016 Caesar
942 976 1149 1029 delegisset
1174 976 1343 1029 quidem,
1379 978 1446 1017 sed
1469 977 1564 1017 nulli
1598 978 1651 1018 si-

170 1046 412 1100 gnificasset.

283 1110 512 1165 Sequuntur
532 1113 605 1152 iam
630 1112 705 1152 loci
728 1113 890 1166 aliquot,
915 1112 978 1151 ubi
1002 1111 1234 1165 optimorum
1257 1112 1432 1152 codicum
1455 1113 1650 1166 scriptura

169 1181 257 1221 11100
278 1180 427 1220 reiecta
450 1187 533 1229 est,
568 1180 657 1233 quia
688 1180 830 1220 afferre
860 1180 1002 1233 aliquid
1035 1180 1264 1230 uidebatur,
1300 1180 1399 1233 quod
1431 1180 1522 1220 alibi
1550 1180 1650 1234 apud

171 1245 384 1289 Caesarem
408 1262 484 1287 non
507 1248 765 1288 inueniretur.
810 1244 922 1298 Quae
945 1261 1061 1287 causa
1085 1261 1329 1302 nequaquam
1362 1249 1505 1288 idonea
1526 1248 1650 1288 uideri

169 1316 300 1356 debet.
340 1314 446 1355 Nam
469 1315 502 1355 si
524 1316 559 1355 id
576 1345 585 1363 ‚
610 1316 710 1368 quod
734 1315 864 1368 optimi
889 1315 1044 1354 codices
1066 1315 1280 1368 praebent,
1305 1316 1404 1369 apud
1427 1315 1526 1355 alios
1548 1316 1650 1356 eius·

169 1384 255 1424 dem
277 1384 360 1424 siue
382 1383 478 1423 adeo
500 1383 706 1436 proximae
728 1383 868 1423 aetatis
891 1382 1106 1435 scriptores
1135 1382 1359 1431 inuenitur,
1393 1383 1526 1434 quidni
1549 1380 1652 1423 Cae-

167 1464 294 1490 sarem
319 1464 470 1503 quoque
492 1450 614 1490 semel
645 1451 699 1490 ita
730 1449 938 1502 scripsisse
961 1462 1096 1488 eorum
1119 1449 1296 1489 codicum
1318 1449 1543 1490 auctoritati
1567 1464 1652 1491 cre-

168 1518 332 1558 damus?
370 1516 507 1570 Itaque
528 1517 608 1567 40,
643 1516 667 1556 5
689 1530 773 1555 011111
797 1516 836 1555 in
859 1515 989 1569 Bong.
1014 1530 1074 1569 pr.
1100 1514 1192 1555 Par.
1217 1530 1276 1570 pr.
1301 1515 1419 1569 Egm.
1446 1515 1562 1557 Vrat.
1586 1531 1647 1571 pr.

168 1592 208 1625 et
227 1585 453 1626 melioribus
477 1585 718 1625 deteriorum
751 1584 925 1623 codicum
956 1584 1143 1637 scriptum
1177 1585 1229 1624 sit
1261 1590 1383 1638 ‘quos
1415 1591 1545 1624 tamen
1578 1585 1650 1625 ali-

167 1653 257 1705 quid
278 1667 374 1693 usus
396 1667 440 1693 ac
462 1652 691 1705 disciplina,
727 1664 825 1703 quae
857 1665 878 1690 a
912 1651 1022 1691 nobis
1052 1652 1320 1705 accepissent,
1354 1651 1646 1702 subleuarent',

165 1720 261 1760 illud
286 1721 413 1773 ‘quae’
436 1720 673 1772 reliquorum
698 1719 918 1771 scripturae
944 1720 1086 1771 ‘quam'
1110 1720 1407 1772 praeferendum
1431 1726 1506 1759 est.
1543 1717 1649 1760 Sane

168 1788 214 1828 de
235 1787 275 1827 b.
301 1787 378 1827 ciu.
402 1785 458 1836 II,
482 1786 523 1836 2,
550 1785 574 1825 5
609 1786 858 1839 ‘eruptiones
881 1786 1025 1825 fiebant
1046 1800 1096 1826 ex
1126 1786 1280 1840 oppido,
1306 1786 1496 1839 ignesque
1514 1787 1648 1839 aggeri

168 1861 208 1895 et
235 1855 408 1895 turribus
438 1854 733 1894 inferebantur:
777 1867 877 1906 quae
919 1854 1031 1893 l'acile
1061 1855 1186 1894 nostri
1218 1854 1360 1893 milites
1394 1853 1647 1906 repellebant'

166 1929 348 1962 neutrum
367 1921 625 1975 pronominis,
650 1927 692 1960 ut
713 1919 977 1960 Schneiderus
999 1922 1171 1970 monuit,
1207 1935 1283 1960 non
1303 1922 1350 1961 ad
1373 1920 1563 1961 uocabula
1585 1934 1649 1960 su-

167 1989 339 2043 periora,
364 1990 431 2029 sed
455 1989 499 2028 ad
524 1988 725 2028 enuntiata
741 1988 924 2027 refertur.
951 1986 1029 2027 Sed
1052 2003 1096 2028 eo
1120 1990 1221 2038 loco,
1248 2003 1359 2041 quem
1383 1988 1493 2028 initio
1517 1988 1647 2042 posui,

166 2054 381 2098 Caesarem
412 2070 524 2096 usum
557 2069 602 2095 ac
632 2055 875 2108 disciplinam
909 2069 985 2094 non
1021 2056 1067 2093 ad
1100 2070 1215 2095 unam
1248 2070 1330 2095 rem
1353 2057 1648 2108 significandam

167 2124 449 2173 coniunxisse,
495 2124 563 2163 sed
605 2123 904 2176 unumquodque
945 2122 1177 2162 uocabulum
1217 2123 1428 2175 separatim
1468 2123 1648 2176 posuisse

166 2205 351 2232 numerus
385 2190 494 2231 uerbi
527 2190 825 2230 ι3111110113101113
857 2189 1000 2229 indicio
1029 2196 1111 2238 est,
1145 2196 1184 2229 01
1214 2190 1336 2229 semel
1358 2204 1445 2230 eum
1468 2197 1647 2230 neutrum

164 2259 406 2314 pronominis
439 2259 487 2298 ad
516 2259 591 2298 duo
620 2258 809 2298 uocabula
841 2258 941 2297 alius
963 2257 1123 2309 generis
1154 2257 1335 2297 retulisse
1358 2271 1405 2297 eo
1427 2257 1554 2297 minus
1575 2258 1648 2298 mi-

164 2327 245 2367 rari
267 2326 477 2375 debemus⁷
509 2339 594 2365 cum
620 2339 665 2365 ea
686 2325 788 2365 ratio
810 2339 833 2364 a
854 2324 960 2364 nullo
982 2325 1174 2377 scriptore
1199 2338 1268 2377 pro
1291 2325 1512 2365 occasionis
1535 2325 1648 2378 eopia

164 2394 414 2446 frequentata
437 2407 527 2433 esse
550 2393 745 2433 uideatur.
809 2390 887 2431 Sed
918 2391 1018 2430 dixit
1046 2392 1099 2430 ita
1133 2389 1219 2431 Cic.
1255 2392 1301 2431 de
1324 2399 1405 2431 nat.
1432 2392 1539 2432 deor.
1565 2390 1644 2443 III,

163 2460 234 2511 24,
258 2458 310 2499 61
338 2465 348 2484 ⁴
363 2461 496 2512 quam'
521 2462 744 2512 (fortunam
767 2459 886 2510 dicit)
912 2463 1047 2498 ‘nemo
1070 2459 1116 2498 ab
1139 2458 1407 2498 inconstantia
1429 2466 1469 2499 et
1489 2459 1647 2500 temeri-

164 2535 245 2569 tate
265 2527 462 2581 seiunget,
488 2540 585 2580 quae
607 2527 723 2579 digna
744 2532 851 2566 certe
874 2540 951 2565 non
974 2533 1065 2565 sunt
1085 2526 1184 2575 deo',
1210 2524 1307 2566 Sall.
1334 2523 1424 2566 Cat.
1450 2525 1474 2567 5
1500 2527 1649 2581 ‘inopia

162 2595 221 2646 rei
252 2595 455 2636 familiaris
486 2602 526 2634 et
556 2593 798 2634 conscientia
829 2594 1044 2643 scelerum,
1078 2607 1175 2647 quae
1209 2600 1371 2647 utraque
1404 2594 1463 2634 1113
1495 2594 1647 2634 artibus

165 2663 362 2704 auxerat'.
408 2660 522 2714 Quod
545 2669 671 2702 autem
695 2676 729 2700 c.
753 2660 833 2709 44,
860 2660 911 2701 ’19
933 2661 972 2700 111
993 2660 1123 2713 Bong.
1156 2675 1215 2714 pr.
1241 2660 1358 2714 Egm.
1383 2660 1498 2701 Vrat.
1523 2675 1581 2714 pr.
1608 2668 1649 2701 et

164 2731 281 2784 longe
304 2730 480 2784 plurimis
504 2730 738 2770 deteriorum
763 2729 938 2769 codicum
962 2728 1105 2782 legitur
1134 2733 1144 2752 ‘
1161 2729 1222 2780 qui
1258 2729 1331 2768 nisi
1352 2729 1514 2768 decedat
1530 2735 1646 2780 atque

164 2799 384 2838 exercitum
407 2798 572 2838 deducat
593 2811 646 2838 ex
666 2797 725 2836 his
746 2796 999 2851 regionibus,
1035 2809 1124 2836 sese
1154 2796 1259 2835 illum
1292 2810 1370 2835 non
1402 2809 1471 2849 pro
1501 2794 1644 2842 amico,

164 2866 233 2912 sed
255 2866 366 2907 hoste
388 2865 646 2914 habiturum⁷,
672 2878 758 2905 cum
781 2864 820 2904 in
842 2863 1004 2917 reliquis
1027 2863 1138 2902 codd.
1164 2862 1215 2902 sit
1238 2862 1321 2903 ‘sed
1343 2876 1412 2916 pro
1434 2862 1583 2911 hoste'‚
1606 2861 1646 2902 id
