1835 3240
79 174 162 216 52ss
641 171 714 215 DE
746 168 936 215 BELLO
970 169 1146 216 CIVILI

153 287 294 342 quandi
310 300 426 328 causa
449 286 606 340 longius
628 301 649 327 a
672 286 812 327 castris
833 292 1129 339 processerant,
1153 284 1200 325 ab
1223 285 1416 339 equitibus
1440 285 1634 339 correptis

154 358 196 397 fit
217 356 263 397 ab
295 355 354 395 his
387 356 535 396 certior
557 352 711 394 Caesar
739 354 859 393 duces
890 352 1207 393 aduersariorum
1239 354 1395 395 silentio
1418 353 1549 407 copias
1572 367 1635 393 ca-

103 425 131 466 2
153 424 246 465 stris
269 424 451 465 educere.
478 421 565 474 Quo
589 421 748 476 cognito
770 421 922 475 signum
947 419 1028 461 dari
1051 420 1159 460 iubet
1180 427 1220 460 et
1240 435 1334 461 uasa
1356 421 1512 461 militari
1528 434 1635 461 more

151 491 406 533 conclamari.
460 489 520 530 Illi
553 489 740 529 exaudito
772 489 944 529 clamore
966 488 1105 538 ueriti,
1138 501 1188 528 ne
1218 495 1337 528 noctu
1367 488 1541 542 impediti
1562 488 1633 529 sub

151 573 272 601 onere
294 558 507 610 confligere
539 564 776 611 cogerentur
805 563 872 596 aut
901 569 951 596 ne
972 555 1019 595 ab
1041 556 1216 608 equitatu
1240 552 1428 596 Caesaris
1448 556 1488 596 in
1510 570 1631 609 angu-

153 627 238 668 stiis
263 631 519 675 tenerentur,
553 625 630 665 iter
660 625 908 679 supprimunt
936 623 1148 677 copiasque
1176 623 1216 663 in
1246 624 1388 664 castris
1419 624 1634 664 continent.

102 694 127 735 3
149 694 314 736 Postero
349 692 411 733 die
431 690 616 734 Petreius
646 707 733 733 cum
765 692 901 746 paucis
933 691 1128 744 equitibus
1151 691 1303 732 occulte
1326 691 1371 731 ad
1394 691 1637 744 exploranda

149 763 236 803 loca
259 760 535 815 proficiscitur.
588 760 675 801 Hoc
697 761 798 801 idem
823 761 864 800 fit
885 774 937 801 ex
959 760 1101 800 castris
1125 757 1328 800 Caesaris.
1384 757 1559 799 Mittitur
1579 757 1633 799 L.

102 830 130 870 4
151 829 339 871 Decidius
363 827 474 869 Saxa
496 843 582 869 cum
607 829 740 883 paucis
756 860 766 879 ‚
802 830 866 882 qui
887 828 963 868 loci
986 835 1165 868 naturam
1189 825 1412 881 perspiciat>
1459 825 1637 880 Vterque

156 898 258 938 idem
281 896 365 937 suis
387 897 611 937 renuntiat:
636 904 666 937 V
687 897 792 937 milia
814 910 997 951 passuum
1020 895 1201 950 proxima
1222 894 1468 936 intercedere
1485 894 1639 934 itineris
1672 901 1711 934 10

150 965 401 1019 campestris,
426 965 516 1005 inde
540 965 724 1019 excipere
747 965 833 1005 loca
855 978 994 1018 aspera
1017 971 1056 1004 et
1077 970 1309 1014 montuosa3
1344 962 1406 1015 qui
1440 962 1547 1016 prior
1569 961 1636 1001 lias

153 1032 357 1086 angustias
379 1034 651 1087 occupauerit,
684 1032 731 1073 ab
754 1033 826 1073 hoc
850 1032 999 1072 bostem
1023 1031 1220 1085 prohiberi
1244 1030 1338 1070 nibil
1361 1043 1448 1070 esse
1471 1029 1632 1084 negotii.

75 1101 133 1147 67
154 1099 388 1155 Disputatur
418 1101 458 1140 in
490 1101 655 1141 consilio
689 1100 735 1141 ab
757 1099 918 1140 Petreio
940 1106 1057 1152 atque
1078 1099 1247 1139 Afranio
1271 1105 1310 1138 et
1332 1104 1483 1151 tempus
1506 1098 1635 1151 profe-

152 1169 293 1209 ctionis
326 1169 545 1222 quaeritur.
596 1167 781 1221 Plerique
814 1168 1052 1215 censebant,
1096 1174 1139 1207 ut
1177 1174 1296 1207 noctu
1326 1165 1403 1205 iter
1433 1166 1632 1205 facerent:

101 1237 130 1278 2
152 1251 266 1291 posse
289 1236 396 1290 prius
419 1237 465 1276 ad
489 1237 694 1290 angustias
718 1235 861 1285 ueniri,
887 1248 999 1288 quam
1023 1234 1253 1275 sentiretur.
1315 1232 1412 1282 Alii,
1438 1232 1537 1285 quod
1560 1232 1637 1286 pri—
1670 1240 1709 1273 15

151 1305 211 1344 die
234 1311 352 1343 noctu
375 1304 660 1344 conclamatum
684 1309 790 1344 esset
812 1303 850 1342 in
874 1300 1062 1343 Caesaris
1086 1301 1244 1350 castris,
1270 1299 1490 1354 argumenti
1508 1314 1636 1341 sume-

102 1371 127 1413 3
150 1372 246 1412 bant
275 1372 362 1412 loeo
395 1386 473 1411 non
506 1385 621 1425 posse
661 1372 758 1412 clam
793 1370 911 1411 exiri.
966 1368 1236 1411 Circumfundi
1269 1376 1389 1409 noctu
1421 1367 1637 1421 equitatum

150 1437 339 1480 Caesaris
373 1446 490 1492 atque
522 1440 652 1480 omnia
684 1440 770 1480 loca
802 1446 918 1492 atque
949 1439 1092 1479 itinera
1125 1437 1332 1486 obsidere3
1368 1442 1636 1488 nocturnaque

149 1508 299 1562 proelia
323 1521 410 1548 esse
433 1508 620 1558 uitanda,
656 1508 758 1564 quod
788 1507 1023 1562 perterritus
1054 1506 1168 1546 miles
1197 1506 1238 1546 in
1261 1505 1366 1545 ciuili
1389 1504 1637 1545 dissensione

103 1574 132 1616 4
153 1576 284 1617 timori
307 1575 431 1629 magis
455 1591 569 1630 quam
591 1577 775 1630 religioni
799 1575 1008 1616 consulere
1030 1574 1296 1614 consueuerit.
1321 1573 1377 1613 At
1398 1573 1523 1613 lucem
1538 1571 1638 1612 mul-
1668 1579 1711 1612 20

151 1651 231 1684 tum
255 1657 324 1698 per
345 1657 388 1684 se
412 1645 598 1698 pudorem
623 1645 793 1685 omnium
817 1644 957 1690 oculis,
983 1643 1141 1682 multum
1166 1643 1283 1683 etiam
1307 1640 1548 1681 tribunorum
1566 1639 1638 1679 mi-

150 1712 263 1752 litum
286 1719 325 1752 et
348 1714 619 1753 centurionum
643 1713 905 1766 praesentiam
928 1711 1107 1761 adferre3
1143 1710 1283 1763 quibus
1317 1708 1435 1749 rebus
1458 1707 1636 1748 coerceri

102 1779 127 1820 5
149 1780 294 1820 milites
317 1786 356 1821 et
376 1780 416 1820 in
439 1781 563 1821 officio
587 1780 779 1821 contineri
803 1779 971 1820 soleant.
1007 1776 1140 1831 Quare
1163 1777 1268 1818 omni
1289 1776 1444 1816 ratione
1465 1789 1556 1816 esse
1576 1775 1636 1815 iu-

148 1848 276 1889 terdiu
299 1849 650 1903 perrumpendum:
677 1848 751 1888 etsi
774 1847 903 1901 aliquo
927 1853 1086 1900 accepto
1110 1846 1361 1892 detrimento,
1387 1852 1517 1884 tamen
1532 1856 1638 1883 sum-

103 1915 130 1957 6
151 1930 214 1956 ma
237 1916 438 1956 exercitus
461 1916 572 1957 salua
593 1917 748 1966 locum,
786 1930 898 1969 quem
922 1921 1072 1969 petant,
1100 1914 1184 1967 capi
1207 1926 1338 1967 posse.
1382 1910 1494 1951 Haec
1515 1910 1638 1950 uincit

150 1985 190 2024 in
213 1984 379 2024 consilio
402 1984 615 2034 sententia,
640 1991 679 2024 et
701 1984 825 2037 prima
848 1984 934 2024 luce
956 1982 1144 2036 postridie
1167 1980 1412 2021 constituunt
1424 1978 1633 2033 proficisci.

74 2051 132 2097 68
154 2049 307 2092 Caesar
335 2052 554 2106 exploratis
583 2052 812 2106 regionibus
844 2052 1001 2091 albente
1033 2049 1142 2091 caelo
1174 2062 1310 2090 omnes
1342 2048 1473 2101 copias
1496 2045 1636 2087 castris

151 2120 278 2160 educit
301 2134 521 2174 magnoque
544 2120 713 2160 circuitu
735 2119 841 2160 nullo
865 2126 973 2160 certo
995 2119 1138 2159 itinere
1151 2117 1369 2158 exercitum
1384 2115 1505 2155 ducit.
1529 2112 1636 2153 Nam

152 2202 252 2241 quae
274 2188 418 2229 itinera
440 2188 487 2228 ad
510 2188 701 2229 Hiberum
723 2195 841 2242 atque
864 2185 1104 2241 Octogesam
1127 2184 1375 2240 pertinebant
1407 2181 1547 2222 castris
1570 2181 1638 2220 ho-

295 2257 310 2289 1
332 2257 478 2299 correpti
496 2258 562 2289 ab.
724 2258 746 2292 2
764 2257 888 2289 castris
906 2266 975 2288 om.
997 2256 1027 2287 b.
1192 2254 1210 2286 3
1229 2251 1391 2285 militaria
1409 2261 1504 2283 more
1519 2260 1539 2281 α
1554 2260 1571 2280 c
1588 2252 1633 2290 et,

149 2309 213 2348 qui
228 2317 321 2339 more
339 2318 448 2350 supet·
465 2318 558 2340 vers.
579 2308 694 2348 habet,
718 2309 748 2340 b.
906 2307 944 2340 10
964 2306 1170 2338 intercidere
1188 2315 1208 2336 a
1228 2307 1393 2344 itemque,
1410 2305 1512 2344 puto,
1537 2302 1632 2332 ‘mss.

150 2356 195 2398 5’,
216 2368 304 2399 quos
326 2358 412 2390 aad.
434 2359 648 2390 intercedere
667 2358 797 2389 habere
816 2360 882 2389 az't.
1027 2356 1068 2389 12
1087 2355 1268 2398 prohibere
1286 2364 1306 2385 a
1322 2354 1416 2385 ‘tn-ss.
1430 2354 1502 2384 mei
1518 2362 1635 2383 omues

143 2412 292 2450 praeter
310 2408 426 2441 Voss!
570 2410 609 2442 13
629 2409 670 2440 ab
690 2409 824 2440 Petreio
844 2412 945 2450 atque
964 2418 985 2439 α
998 2408 1027 2448 b,
1048 2417 1067 2438 a
1087 2405 1222 2438 Petreio
1242 2410 1276 2436 et
1293 2414 1329 2436 u.
1471 2403 1511 2435 15
1530 2402 1636 2434 senti-

149 2467 245 2492 retur
263 2472 280 2492 ο
298 2465 334 2493 et
351 2463 370 2493 2
389 2461 492 2501 dett„
515 2461 727 2493 sentirentur
744 2460 890 2501 reliqui.
1050 2458 1089 2491 16
1109 2458 1141 2489 in
1161 2467 1230 2489 om.
1250 2467 1271 2488 α
1284 2457 1316 2488 b.
1473 2455 1634 2487 Caesaris

149 2512 274 2544 castris
293 2522 326 2553 α,
347 2513 469 2544 castris
489 2512 651 2544 Caesaris
670 2512 749 2544 edd.
906 2510 946 2543 17
965 2510 1118 2552 equitatu
1141 2509 1171 2540 b.
1330 2508 1371 2540 18
1390 2512 1492 2550 atque
1510 2507 1638 2540 itinera

149 2565 184 2594 2¹11
204 2573 320 2604 marg.
343 2564 375 2594 b.
517 2564 676 2595 obsidere
693 2574 714 2594 a
728 2563 745 2594 b
759 2573 787 2602 c,
810 2561 960 2593 obsideri
974 2572 1008 2592 u.
1147 2560 1190 2593 20
1205 2559 1424 2591 consueuerit
1438 2569 1470 2600 α,
1492 2568 1635 2591 consue·

149 2615 202 2647 uit
221 2614 397 2656 ‘reliqui'5
417 2615 592 2646 consuerit
610 2615 631 2649 2
649 2614 736 2646 dett.
757 2624 793 2645 u.
934 2613 976 2644 ad
995 2613 1105 2643 lucem
1124 2610 1227 2642 codd.
1380 2611 1422 2642 22
1441 2610 1579 2642 adferre
1598 2620 1632 2641 α.

293 2666 469 2698 coherceri
487 2676 521 2697 a.
662 2666 704 2698 23
725 2676 800 2697 esse
820 2675 888 2697 om.
911 2665 942 2696 b.
1083 2663 1125 2695 24
1146 2662 1330 2705 aliquando
1349 2673 1383 2703 a,
1403 2663 1579 2705 aliquanto
1599 2663 1631 2694 b.

294 2717 438 2760 accepta
457 2728 491 2749 a.
633 2718 674 2751 25
695 2718 803 2748 uincit
823 2717 1072 2754 Louaniensis,
1093 2715 1223 2746 euincit
1241 2724 1261 2745 a
1276 2715 1316 2754 ὸς
1337 2715 1442 2746 euicit
1460 2725 1489 2745 c.

155 2771 198 2803 ‘2ss
215 2770 359 2803 consilio
381 2770 478 2801 ‘mssa
498 2769 639 2808 omnes',
661 2769 806 2800 concilio
825 2768 889 2809 (a).
1029 2767 1279 2798 sententiarum
1299 2776 1333 2797 a.
1472 2766 1516 2800 27
1530 2765 1631 2798 coelo

151 2822 216 2863 (α).
352 2821 395 2855 28
414 2829 602 2861 magnoque
622 2819 654 2850 in
675 2819 820 2851 circuitu
840 2830 868 2849 e.
1011 2818 1105 2850 ducit
1122 2818 1250 2858 Aldus,
1272 2817 1418 2849 edueita
1432 2818 1489 2849 bc.

153 2883 228 2905 nam
248 2881 332 2914 quae
353 2872 411 2913 bc,
432 2880 575 2913 namque
594 2880 628 2902 α,
767 2870 809 2905 29
830 2868 999 2912 Hyberum
1018 2879 1051 2901 α.
1193 2867 1374 2910 Otogesam
1392 2878 1425 2900 a.

1664 563 1682 595 <31

1667 1917 1687 1952 10

1692 1918 1710 1949 ιμ’(
