1835 3240
75 922 115 955 10

76 1261 113 1293 15

71 2279 112 2312 30

550 191 734 235 COMM.
760 193 818 235 III
840 192 963 236 CAP.
988 192 1188 236 39—42.
1632 194 1713 238 585

155 308 327 362 inpulsas
358 306 534 347 uectibus
563 308 602 347 in
625 308 852 349 interiorem
886 316 1032 363 partem
1065 308 1255 348 traduxit.
1308 306 1366 347 Ita
1397 322 1445 348 ex
1471 318 1635 363 utraque

153 382 263 430 parte
285 388 404 414 naues
426 375 564 428 longas
587 376 800 429 adgressus
817 407 826 425 ‚
862 391 959 429 quae
992 383 1106 417 erant
1127 376 1320 428 deligatae
1342 376 1387 414 ad
1413 382 1554 416 terram
1579 386 1635 417 at—

153 456 227 496 que
248 443 387 482 inanes
403 473 412 491 ‚
440 449 500 481 1111
524 457 576 483 ex
598 443 656 483 his
680 443 869 492 abduxit,
896 445 1065 497 reliquas
1088 443 1275 483 incendit.
1342 442 1426 483 Hoc
1449 446 1630 484 confecto
1656 452 1679 487 5

152 509 309 564 negotio
325 508 372 549 D.
400 508 579 550 Laelium
602 511 648 550 ab
663 509 840 550 Asiatica
865 512 991 551 classe
1015 511 1220 550 abductum
1244 511 1418 566 reliquit,
1444 512 1506 564 qui
1532 526 1635 551 eom-

153 585 305 618 meatus
338 576 492 617 Bullide
524 585 640 630 atque
668 577 856 618 Amantia
897 579 1084 631 inportari
1124 579 1162 618 in
1195 578 1372 632 oppidum
1414 579 1633 632 prohibeat.

152 645 238 699 lpse
261 643 419 686 Lissum
444 646 639 699 profectus
663 659 784 685 naues
808 646 1012 686 onerarias
1035 653 1136 686 XXX
1159 660 1180 685 a
1203 645 1259 685 M.
1277 645 1452 686 Antonio
1474 646 1634 686 relictas

150 713 255 753 intra
279 721 429 766 portum
454 726 664 765 aggressus
688 727 823 753 omnes
846 714 1045 764 incendit3
1078 712 1239 753 Lissum
1264 727 1493 767 expugnare
1516 727 1634 754 cona-
1655 713 1683 753 6

151 788 212 821 tus
236 781 535 821 defendentibus
558 781 709 821 ciuibus
731 780 946 831 Romanis,
973 781 1037 834 qui
1061 781 1143 820 eius
1167 789 1387 822 conuentus
1411 789 1538 829 eraut,
1564 781 1637 820 mi-

148 848 376 901 litibusque,
401 863 498 902 quos
522 849 706 901 praesidii
729 863 848 889 causa
870 849 1033 888 miserat
1055 846 1232 897 Caesar,
1270 850 1436 889 triduum
1459 855 1634 890 moratus

148 917 279 969 paucis
302 917 341 956 in
364 917 654 970 oppugnatione
677 917 832 957 amissis
855 930 899 956 re
920 916 1064 956 infecta
1086 915 1176 955 inde
1199 916 1394 957 discessit.

263 981 438 1032 Caesar,
477 991 679 1037 postquam
702 983 931 1037 Pompeium
955 983 1003 1023 ad
1024 983 1286 1036 Asparagium
1312 998 1401 1024 esse
1424 985 1629 1034 cognouit,
1654 984 1709 1029 41

147 1051 282 1091 eodem
306 1066 392 1091 cum
416 1051 597 1091 exercitu
620 1052 819 1104 profectus
842 1058 1069 1105 expugnato
1092 1051 1131 1090 in
1154 1051 1299 1092 itinere
1322 1053 1461 1105 oppido
1478 1051 1634 1092 Parthi-

148 1133 285 1158 norum
301 1149 310 1166 ,
343 1119 383 1159 in
406 1133 480 1171 quo
501 1117 713 1172 Pompeius
737 1119 971 1172 praesidium
997 1119 1187 1169 habebat,
1213 1120 1329 1159 tertio
1353 1121 1412 1160 die
1436 1121 1475 1159 in
1498 1118 1633 1159 Mace-

147 1187 301 1226 doniam
335 1187 380 1226 ad
403 1185 632 1240 Pompeium
663 1188 842 1240 peruenit
870 1187 1061 1240 iuxtaque
1090 1201 1176 1227 eum
1200 1194 1332 1227 castra
1355 1187 1484 1241 posuit
1507 1193 1546 1227 et
1566 1201 1634 1240 po-

147 1254 283 1294 stridie
307 1254 459 1294 eductis
472 1255 650 1294 omnihus
674 1255 795 1308 copiis
818 1255 903 1295 acie
925 1255 1116 1294 instructa
1140 1256 1376 1295 decernendi
1399 1261 1633 1308 potestatem

149 1320 336 1376 Pompeio
360 1322 463 1362 fecit.
511 1322 587 1362 vbi
610 1323 714 1363 illum
739 1324 821 1363 suis
844 1323 941 1363 locis
963 1336 1005 1362 se
1030 1330 1164 1363 tenere
1187 1324 1492 1371 animaduertit,
1518 1323 1632 1362 redu·
1654 1321 1683 1363 2

148 1397 210 1429 cto
233 1390 270 1429 in
294 1397 420 1430 castra
444 1392 626 1431 exercitu
657 1391 758 1431 aliud
789 1391 863 1431 sibi
887 1391 1093 1431 consilium
1119 1392 1345 1444 capiendum
1371 1390 1630 1430 existimauit.

148 1456 285 1510 ltaque
307 1466 465 1512 postero
497 1460 557 1499 die
581 1459 762 1499 omnibus
785 1459 905 1512 copiis
930 1473 1071 1513 magno
1094 1460 1259 1499 circuitu
1283 1459 1421 1498 difficili
1446 1465 1633 1512 angusto—
1656 1457 1682 1498 3

149 1540 222 1580 que
263 1527 408 1566 itinere
441 1525 730 1580 Dyrrhachium
764 1528 962 1580 profectus
1004 1534 1066 1567 est
1105 1541 1268 1580 sperans
1300 1525 1528 1580 Pompeium
1569 1532 1635 1565 aut

144 1592 433 1647 Dyrrhachium
467 1594 645 1647 compelli
676 1601 743 1634 aut
774 1594 820 1634 ab
853 1608 898 1634 co
930 1595 1139 1634 intercludi
1173 1609 1312 1648 posse,
1348 1595 1447 1647 quod
1479 1607 1635 1633 omnem

146 1669 405 1702 commeatum
437 1663 636 1714 totiusque
665 1662 757 1702 belli
788 1669 1014 1716 apparatum
1040 1676 1086 1701 eo
1109 1662 1365 1711 contulisset3
1403 1669 1443 1701 ut
1473 1661 1630 1701 accidit.

144 1728 356 1783 Pompeius
380 1730 481 1769 enim
506 1730 629 1783 primo
651 1730 840 1783 ignorans
865 1730 948 1769 eius
971 1730 1192 1779 consilium,
1218 1731 1317 1782 quod
1343 1731 1499 1770 diuerso
1522 1729 1568 1768 ab
1588 1743 1632 1769 ea
1654 1728 1681 1768 4

144 1798 306 1850 regione
328 1798 470 1837 itinere
493 1799 709 1851 profectum
734 1797 904 1847 uidebat,
929 1797 1122 1850 angustiis
1145 1798 1200 1837 rei
1227 1798 1505 1838 frumentariae
1528 1811 1632 1836 com-

146 1866 296 1918 pulsum
331 1866 564 1906 discessisse
593 1866 870 1915 existimabat3
906 1872 1042 1918 postea
1076 1879 1146 1918 per
1176 1866 1449 1919 exploratores
1483 1865 1633 1905 certior

94 1941 108 1948 ⁸
142 1935 266 1974 sactus
299 1941 455 1987 postero
488 1933 549 1973 die
582 1941 711 1973 castra
741 1933 865 1973 mouit
899 1933 1084 1973 breuiore
1112 1934 1255 1973 itinere
1287 1947 1330 1974 se
1362 1946 1573 1973 occurrere
1596 1932 1631 1972 ei

144 2015 260 2054 posse
283 2015 462 2055 sperans.
509 1999 623 2053 Quod
655 2002 738 2040 fore
770 2001 989 2054 suspicatus
1013 1998 1167 2041 Caesar
1196 2001 1417 2054 militesque
1447 2001 1631 2040 adhorta-
1654 1997 1678 2039 5

147 2077 225 2119 tus,
253 2077 292 2109 ut
314 2083 438 2122 aequo
461 2070 591 2109 animo
614 2069 788 2109 laborem
824 2070 999 2117 ferrent,
1034 2082 1154 2122 parua
1187 2076 1295 2121 parte
1328 2069 1457 2108 noctis
1489 2068 1632 2108 itinere

144 2137 370 2177 intermisso
395 2151 510 2177 mane
531 2136 826 2192 Dyrrhachium
848 2137 972 2186 uenit,
998 2150 1084 2176 eum
1108 2136 1271 2190 primum
1296 2149 1435 2189 agmen
1455 2134 1633 2188 Pompeii

144 2205 281 2258 procul
304 2212 558 2254 cerneretur,
587 2212 701 2257 atque
724 2204 774 2243 ihi
799 2211 930 2244 castra
953 2204 1098 2257 posuit.
1142 2202 1354 2256 Pompeius
1386 2203 1627 2243 interclusus
1647 2202 1706 2247 42

145 2271 410 2327 Dyrrhachio,
436 2273 498 2312 ubi
523 2273 762 2327 propositum
788 2279 924 2312 tenere
946 2286 1022 2311 non
1047 2272 1193 2324 potuit⁷
1227 2272 1398 2312 seeundo
1422 2285 1514 2311 usus
1538 2285 1632 2310 con-

147 2340 233 2380 silio
257 2341 357 2381 edito
380 2341 484 2388 loco,
509 2341 571 2394 qni
596 2341 816 2394 appellatur
837 2339 959 2381 Petra
980 2340 1204 2393 aditumque
1227 2340 1341 2379 habet
1364 2339 1529 2379 nauibus
1552 2351 1630 2378 mc-

292 2479 303 2510 vl
328 2479 478 2520 inpulsas
498 2490 530 2510 a.
675 2478 735 2520 ita]
757 2484 792 2510 ut
810 2479 894 2511 add.
916 2479 947 2510 ὑ.
1104 2479 1124 2510 2
1143 2478 1328 2518 adgressus
1348 2487 1381 2508 α.
1540 2475 1632 2507 dele-

146 2534 244 2570 gatae
263 2540 296 2560 a.
437 2531 455 2562 3
475 2531 618 2562 adduxit
636 2541 657 2561 α-
678 2532 772 2562 (ηιες.
795 2531 838 2562 6’.
980 2534 999 2562 4
1019 2529 1151 2561 Lclium
1170 2539 1204 2560 α.
1349 2530 1366 2559 5
1384 2528 1513 2559 ssullidc
1529 2532 1631 2569 atque

145 2581 300 2612 Amantia
317 2581 553 2622 Vascosanus,
577 2583 708 2614 Biblide
720 2588 822 2624 atque
844 2581 1018 2613 Mantinea
1032 2582 1132 2613 codd.
1274 2581 1439 2622 inportari
1452 2591 1483 2611 (ι.

148 2631 325 2673 prohibeat
343 2642 418 2672 ego,
440 2633 642 2673 prohibebat
659 2634 759 2665 codd.
780 2634 819 2664 P.
844 2633 919 2665 lit.
1063 2634 1082 2665 8
1102 2632 1248 2674 ciuibus]
1269 2643 1341 2664 enm
1361 2642 1395 2663 a.
1540 2631 1577 2661 12
1599 2631 1630 2660 iu

146 2692 213 2713 om.
235 2692 267 2713 a.
410 2682 622 2715 Partiuorum
641 2695 662 2715 a
683 2686 778 2715 ‘msa
801 2684 939 2724 qm'(l(l.'
1086 2684 1125 2716 13
1146 2685 1177 2715 iu
1197 2687 1278 2714 ante
1297 2682 1531 2714 Macedoniam
1559 2692 1628 2712 om.

146 2733 247 2764 codd.
266 2736 410 2773 praeter
428 2743 538 2765 unum
556 2735 626 2766 dec.
771 2736 808 2767 15
830 2735 986 2766 instituta
1007 2735 1038 2765 b.
1184 2735 1222 2767 16
1241 2735 1388 2766 animum
1408 2733 1559 2763 aduertit
1578 2731 1633 2773 (a)

146 2787 179 2814 et
198 2793 273 2814 enm
295 2793 363 2814 uno
382 2782 453 2814 det.
475 2793 510 2814 u.
691 2785 731 2817 17
751 2785 954 2827 capiundum
974 2796 1020 2816 θυι*
1038 2786 1057 2816 2
1076 2785 1163 2816 dett.
1186 2796 1219 2816 η.
1364 2782 1629 2815 19οἰιϊ3οΙιίυιιι

144 2844 164 2864 α
183 2837 220 2865 et
237 2833 411 2874 deinceps,
433 2835 644 2875 ubicumque
664 2838 795 2867 tacebo.
914 2836 957 2868 20
972 2841 1009 2868 ut
1026 2836 1067 2867 al)
1087 2847 1125 2867 eo
1144 2846 1178 2867 α.
1280 2835 1319 2869 21
1343 2845 1381 2864 (30
1401 2844 1421 2864 α
1442 2834 1537 2864 ‘msam
1554 2833 1631 2874 ple<

145 2889 246 2927 rique
265 2885 513 2927 antiquiores',
536 2886 563 2917 is
582 2896 620 2917 eo
640 2887 714 2918 cod.
740 2888 923 2919 ciacconii
941 2898 974 2918 u.
1118 2887 1155 2919 31
1172 2887 1389 2927 auditumque
1408 2895 1439 2915 a.
