1835 3240
89 144 171 186 288
620 141 693 184 DE
725 141 915 185 BELLO
948 142 1195 187 GALLICO

165 265 241 306 est,
266 253 439 313 reliquit,
464 256 590 297 omnis
610 258 754 298 alarios
777 258 817 297 in
839 264 1052 310 conspectu
1074 258 1243 299 hostium
1265 271 1334 313 pro
1356 258 1496 299 castris
1520 257 1644 299 mino-

163 325 272 365 ribus
285 324 505 375 constituit,
530 326 630 379 quod
652 325 779 364 minus
801 324 1048 365 multitudine
1070 326 1234 366 militum
1253 326 1559 380 legionariorum
1575 340 1645 380 pro

164 392 333 433 hostium
357 407 520 433 numero
543 393 714 442 ualebat,
749 399 792 432 ut
813 392 860 432 ad
882 393 1051 447 speciem
1075 392 1208 433 alariis
1230 399 1438 444 uteretur3
1471 394 1555 447 ipse
1575 394 1644 434 tri-

116 460 144 502 2
164 460 255 515 plici
276 460 471 501 instructa
492 460 576 501 acie
598 473 719 512 usque
741 460 788 499 ad
810 466 942 500 castra
964 460 1132 501 hostium
1156 461 1341 502 accessit.
1374 460 1477 501 Tum
1494 461 1645 501 demum

164 530 393 570 necessario
426 527 615 568 Germani
646 541 737 567 suas
770 528 902 580 copias
931 527 1072 568 castris
1102 529 1325 569 eduxerunt
1355 529 1648 582 generatimque
1671 537 1688 568 5

167 597 459 637 constituerunt
479 595 637 650 paribus
659 595 880 636 interuallis
897 627 907 645 ,
939 595 1122 637 Harudes
1137 627 1147 646 ,
1182 594 1477 646 Marcomanos,
1503 596 1649 637 Tribo-

166 678 230 705 ces
247 694 256 712 ,
291 662 550 717 Vangiones,
573 660 791 714 Nemetes,
818 661 1030 715 Sedusios,
1056 662 1236 715 Sueuos,
1263 677 1495 717 omnemque
1525 664 1648 704 aciem

168 745 278 772 suam
310 731 413 771 redis
447 737 487 771 et
517 731 641 771 carris
673 731 1040 782 circumdederunt,
1073 746 1122 772 ne
1145 745 1220 785 qua
1242 745 1332 786 spes
1353 731 1393 771 in
1416 732 1508 786 fuga
1528 731 1651 772 relin-

117 798 143 839 3
165 806 367 853 queretur.
420 796 482 837 Eo
515 798 696 838 mulieres
728 799 1020 852 imposuerunt,
1065 814 1165 852 quae
1198 800 1238 839 in
1269 799 1458 853 proelium
1492 799 1646 853 profici-

163 873 320 907 scentes
343 865 469 919 passis
490 865 669 906 manibus
691 866 828 907 flentes
850 867 1117 920 inplorabant,
1142 881 1190 907 ne
1203 867 1298 908 sein
1320 868 1553 908 seruitutem
1566 864 1648 906 Ro-

87 934 144 978 52
167 935 292 974 manis
325 934 542 974 traderent.
597 931 751 974 Caesar
781 935 948 988 singulis
980 934 1203 988 legionibus
1236 936 1411 989 singulos
1433 935 1584 988 legatos
1607 941 1646 974 et

165 1007 416 1054 quaestorem
439 1001 643 1056 praefecit,
669 1002 723 1042 uti
747 1016 814 1043 eos
837 1002 948 1043 testis
971 1017 1066 1044 suae
1089 1003 1254 1056 quisque
1276 1003 1435 1043 uirtutis
1453 1003 1644 1053 haberet3

114 1068 142 1109 2
162 1068 245 1122 ipse
267 1082 286 1108 a
312 1068 452 1109 dextro
475 1083 615 1118 cornu,
640 1071 740 1123 quod
763 1084 847 1110 eam
871 1078 1019 1124 partem
1038 1071 1196 1111 minime
1209 1071 1358 1110 firmam
1372 1070 1543 1111 hostium
1557 1084 1646 1110 esse

115 1135 140 1176 3
163 1137 521 1188 animaduerterat,
555 1137 744 1191 proelium
774 1139 981 1179 commisit.
1034 1137 1096 1179 Ita
1124 1139 1250 1179 nostri
1280 1138 1429 1178 acriter
1448 1139 1489 1179 in
1511 1138 1644 1178 hostes

163 1205 278 1258 signo
301 1206 390 1246 dato
412 1206 598 1260 impetum
630 1207 834 1256 fecerunt,
869 1207 998 1259 itaque
1030 1206 1163 1247 hostes
1192 1213 1356 1261 repente
1385 1206 1645 1259 celeriterque

161 1280 466 1327 procurrerunt,
500 1280 543 1313 ut
573 1273 738 1327 spatium
769 1274 845 1327 pila
874 1274 914 1314 in
943 1274 1076 1314 hostes
1109 1275 1328 1315 coniciendi
1359 1288 1438 1314 non
1469 1274 1642 1314 daretur.

111 1339 335 1381 4Reiectis
367 1340 454 1394 pilis
487 1341 703 1381 comminus
733 1341 872 1394 gladiis
894 1349 1107 1395 pugnatum
1138 1349 1212 1382 est.
1256 1341 1311 1380 At
1332 1339 1523 1381 Germani
1545 1341 1646 1381 cele-

159 1408 259 1448 riter
280 1421 331 1448 ex
355 1408 640 1448 consuetudine
662 1422 731 1448 sua
755 1408 947 1462 phalange
970 1411 1073 1450 sacta
1094 1410 1261 1463 impetus
1283 1408 1499 1464 gladiorum
1526 1422 1645 1449 exce-

114 1473 139 1515 5
160 1483 318 1530 perunt.
362 1474 529 1530 Reperti
559 1483 650 1516 sunt
681 1476 890 1530 conplures
921 1477 1047 1517 nostri
1078 1477 1248 1528 milites,
1284 1477 1410 1531 quiin
1431 1477 1645 1531 phalangas

160 1544 361 1584 insilirent
402 1550 440 1583 et
478 1550 589 1584 scuta
623 1544 803 1584 manibus
834 1546 1076 1586 reuellerent
1107 1553 1145 1586 et
1176 1547 1344 1599 desuper
1376 1545 1644 1585 uulnerarent.

111 1610 139 1651 6
162 1609 262 1652 Cum
285 1611 454 1652 hostium
477 1612 580 1652 acies
603 1626 625 1652 a
647 1612 811 1653 sinistro
834 1627 957 1653 cornu
979 1614 1092 1667 pulsa
1113 1621 1228 1667 atque
1250 1614 1290 1654 in
1305 1614 1433 1667 fugam
1451 1625 1645 1652 conuersa

160 1686 290 1731 esset,
322 1694 343 1719 a
378 1680 521 1720 dextro
553 1694 677 1721 cornu
708 1681 966 1722 uehementer
997 1682 1243 1723 multitudine
1273 1695 1434 1722 suorum
1466 1686 1644 1721 nostram

306 1794 319 1826 1
342 1794 488 1837 reliquid
511 1796 550 1827 C.
702 1797 810 1828 omnis
828 1798 952 1829 ABE.
1105 1797 1255 1829 halarios
1275 1798 1318 1829 A.
1457 1796 1478 1828 2
1498 1794 1583 1837 quod
1603 1794 1643 1825 P.

156 1845 366 1887 Bsunutc'us,
387 1857 449 1888 quo
469 1848 570 1879 codd.
591 1848 631 1879 P.
653 1849 707 1881 58.
842 1860 900 1891 pro
920 1859 987 1881 om.
1011 1850 1041 1881 b.
1173 1850 1192 1881 4
1213 1847 1358 1890 demum]
1377 1858 1459 1879 uero
1476 1857 1543 1888 pro
1563 1855 1642 1877 nar.

161 1899 244 1930 lect.
268 1899 308 1930 C.
465 1900 483 1931 6
503 1900 730 1933 instituerunt
750 1902 804 1933 C?
822 1901 852 1934 ‘3
871 1901 949 1933 alii'
969 1904 1003 1932 et
1020 1911 1067 1932 m.
1087 1911 1155 1932 seo.
1178 1901 1219 1932 B.
1359 1899 1498 1942 paribus
1518 1897 1642 1938 ΑΒΕ,

158 1949 365 1992 paribusque
384 1950 413 1981 B
431 1950 565 1982 diserto
586 1954 717 1982 testim.
739 1951 802 1993 (f)
823 1962 856 1983 u.
1019 1952 1151 1983 Arudes
1173 1951 1318 1982 Orosius
1337 1950 1404 1991 VI,
1426 1950 1458 1982 7.

161 2000 397 2033 Marcomannos
418 2002 463 2033 ‘A
481 2005 514 2033 et
533 2002 620 2043 alz‘i',
641 2001 901 2034 Marcomannos
920 2003 950 2034 B
971 2003 1154 2044 ίςιιιῖιίαηιζ·
1175 2001 1385 2034 Marcomani
1413 2001 1558 2033 Orosius
1576 2000 1647 2032 Ha-

163 2054 360 2093 uercampz',
379 2052 441 2084 sed
451 2051 685 2085 Marcomoues
704 2053 781 2085 cod.
796 2053 1102 2095 Langobardieas,
1118 2052 1352 2085 Mat-comunes
1364 2052 1546 2084 Portensz's
1565 2062 1644 2083 cum

158 2104 373 2145 Freculpho.
514 2104 679 2137 Triboces
697 2106 833 2147 ABE,
854 2105 1020 2137 Tribocos
1040 2106 1178 2147 C?sct
1193 2115 1239 2137 m.
1259 2115 1327 2136 sec.
1348 2104 1378 2136 B
1396 2106 1550 2144 itemque
1569 2102 1645 2134 Tri-

160 2156 235 2187 boci
257 2155 418 2188 orosius.
582 2157 599 2189 7
619 2156 814 2198 Vangiones
828 2182 836 2198 ,
864 2157 1023 2190 Nemetes
1043 2168 1109 2189 om.
1134 2158 1165 2189 b.
1331 2156 1493 2188 Sedusios
1513 2166 1580 2187 om.
1604 2156 1621 2186 b
1635 2180 1644 2195 ,

159 2206 293 2238 Edures
314 2206 460 2238 Orosius
478 2207 739 2249 Hauercampt,
767 2211 831 2249 quz'
858 2211 975 2240 lamen
1002 2211 1038 2240 in
1068 2209 1231 2240 omnibns
1259 2208 1359 2240 codd.
1381 2218 1401 2239 α
1419 2217 1454 2239 se
1473 2206 1644 2239 consultis

159 2257 292 2289 Eduses
311 2258 463 2288 inuenit.
651 2258 782 2290 Suebos
799 2260 926 2292 ΑΒΗ.
1103 2259 1123 2291 8
1142 2259 1233 2291 redis
1251 2259 1410 2300 ADEf,
1431 2258 1547 2290 rhedis
1568 2256 1642 2297 (B).

304 2308 322 2340 9
350 2308 397 2350 in]
417 2309 458 2340 ad
489 2310 520 2340 b.
675 2310 935 2353 proficiscentes
962 2311 1205 2353 ³-1BD(E)s;
1233 2311 1491 2354 proficiscentes
1517 2310 1644 2342 milites

163 2361 216 2393 C?
235 2360 252 2391 b
266 2370 282 2390 c
295 2370 330 2399 e,
362 2363 396 2391 ct
415 2360 541 2392 milites
561 2362 596 2392 in
614 2361 644 2392 B
661 2372 730 2394 sec.
750 2373 797 2394 771.
817 2373 896 2404 sup.
918 2373 1010 2395 uers.
1026 2366 1163 2406 posuit.
1305 2363 1345 2395 10
1364 2361 1488 2405 passis]
1516 2361 1644 2403 passim

158 2414 214 2453 D,
235 2412 395 2454 expansis
414 2413 452 2453 b3
482 2414 610 2455 sparsis
636 2424 797 2455 suprasc.
819 2417 856 2447 in
886 2416 925 2447 C.
1104 2415 1259 2447 manibus
1284 2414 1357 2446 AB
1371 2413 1539 2446 CDEab
1553 2413 1642 2454 des,

161 2462 316 2495 crinibus
335 2473 410 2494 cum
427 2466 554 2504 paucis
566 2467 734 2505 pessimis
752 2476 788 2497 u.
929 2466 1148 2509 inplorabant
1169 2466 1211 2497 B.
1393 2464 1434 2497 12
1453 2464 1563 2502 testis,
1583 2465 1646 2496 secl

161 2524 239 2546 cum
259 2524 276 2545 e
295 2514 443 2556 superi,
464 2515 507 2545 A.
570 2515 609 2547 13
629 2526 705 2547 esse
724 2518 836 2548 om.B
852 2517 936 2549 CD.
1046 2517 1084 2550 14
1102 2517 1248 2548 animuin
1267 2516 1512 2558 aduerteretf,
1534 2516 1643 2547 animo

161 2565 364 2597 aduerterat
383 2566 415 2596 b.
602 2566 642 2598 16
660 2573 949 2609 procucurrerunt
965 2569 1010 2600 D.
1177 2574 1213 2600 ut
1231 2569 1272 2600 ad
1291 2568 1436 2611 spatium
1459 2569 1497 2600 C.

161 2615 355 2647 coniciendi
375 2615 471 2646 ‘mss.
493 2618 528 2646 et
543 2618 705 2658 semper',
727 2619 931 2650 coniiciendi
951 2620 1021 2659 (Β).
1183 2620 1221 2652 17
1250 2618 1404 2661 reiectis]
1434 2618 1566 2650 relictis
1585 2619 1603 2650 b
1622 2619 1645 2650 d

161 2671 200 2698 ct
211 2677 280 2709 pro
305 2677 384 2698 nar.
406 2667 486 2698 leet.
510 2668 537 2698 C
555 2671 593 2698 ec
613 2679 659 2700 m.
679 2680 746 2700 sec.
768 2672 804 2701 in
823 2680 938 2712 marg.
959 2672 1001 2703 B.
1191 2672 1229 2703 19
1256 2672 1435 2713 conplures
1456 2671 1498 2702 B.

163 2718 288 2751 milites
307 2730 375 2751 om.
398 2720 429 2751 b.
569 2720 754 2762 phalangas
774 2723 806 2753 A
818 2722 920 2764 (BD)
933 2723 979 2763 Ε,
999 2723 1203 2765 phalangam
1225 2725 1251 2756 C
1267 2727 1281 2755 ?
1300 2725 1366 2765 bs,
1385 2724 1587 2766 phalangem
1606 2724 1641 2756 d.

306 2770 349 2804 20
369 2775 403 2802 et
421 2770 532 2813 scuta]
553 2776 586 2803 ct
605 2782 672 2803 om.
696 2773 729 2803 b.
896 2774 936 2809 21
968 2773 1045 2815 suga
1065 2775 1107 2806 21.
1288 2775 1468 2818 conuersa]
1488 2777 1643 2809 coniecta

166 2823 281 2856 Ooeon.
303 2827 339 2856 et
355 2833 401 2855 m.
422 2834 489 2855 sce.
511 2826 546 2855 in
566 2834 679 2866 marg.
702 2825 742 2856 B.

1682 873 1720 905 10

1678 1212 1717 1244 15
