1835 3240
89 149 172 191 344
608 145 683 189 DE
714 144 903 188 BELLO
936 143 1186 188 GALLICO

165 275 218 302 ex
241 259 382 301 castris
405 260 650 310 uiderentur,
675 266 785 300 tanta
806 264 1019 311 tempestas
1042 258 1169 298 subito
1192 265 1327 299 coorta
1350 265 1438 308 est,
1471 265 1515 298 ut
1536 257 1643 299 nulla

166 342 301 369 earum
323 342 477 369 cursum
500 335 637 368 tenere
658 332 807 380 posset,
843 325 912 365 scd
933 325 1034 364 aliae
1057 325 1192 365 eodem
1211 356 1220 375 ,
1243 326 1346 366 unde
1369 333 1482 366 erant
1514 326 1644 380 prose—

166 403 270 446 ctae,
294 396 555 444 referrentur,
581 394 677 434 aliae
690 393 738 432 ad
758 392 985 432 inferiorem
1000 399 1149 447 partem
1171 392 1338 442 insulae,
1363 400 1536 446 quaeest
1556 406 1645 446 pro-

119 462 145 504 3
167 463 252 518 pius
275 463 368 503 solis
392 475 589 510 occasum,
615 473 756 513 magno
779 459 840 498 sui
863 473 949 499 cum
972 459 1145 513 periculo
1168 459 1439 510 deicerentur3
1467 474 1564 513 quae
1587 466 1646 499 ta-

165 544 257 570 men
278 530 434 571 ancoris
456 528 570 568 iactis
593 542 676 567 cum
699 526 878 567 fluctibus
901 515 1205 581 complerentur,
1230 527 1454 567 necessario
1477 528 1641 568 aduersa

92 598 150 642 29
173 605 288 638 nocte
309 598 350 638 in
372 598 489 636 altum
513 601 723 649 prouectae
742 594 1009 635 continentem
1033 595 1245 648 petierunt.
1280 592 1427 634 Eadem
1446 601 1560 634 nocte
1582 608 1646 634 ac-

169 665 286 714 cidit,
320 671 362 703 ut
383 669 489 703 esset
508 663 601 702 luna
623 663 737 716 plena
752 694 762 714 ,
799 663 864 716 qui
895 664 976 703 dies
999 662 1214 703 maritimos
1236 668 1369 701 aestus
1392 660 1584 701 maximos
1605 661 1648 701 in

119 731 147 773 2
170 729 332 772 Oceano
355 732 509 771 efficere
532 732 754 781 consueuit,
779 730 1004 783 nostrisque
1025 730 1062 770 id
1085 737 1172 770 erat
1192 728 1450 782 incognitum.
1487 726 1547 768 Ita
1568 742 1649 768 uno

167 807 344 852 tempore
367 804 406 838 et
426 797 565 851 longas
587 811 724 846 naues,
749 797 887 851 quibus
903 795 1054 838 Caesar
1066 797 1283 838 exercitum
1306 795 1651 849 transportandum

171 872 383 906 curauerat
404 878 578 918 quasque
597 865 637 904 in
659 865 809 905 aridum
833 865 1104 915 subduxerat,
1136 871 1270 904 aestus
1291 864 1581 917 compleuerat,
1613 869 1653 903 et

171 933 390 982 onerarias,
417 946 517 986 quae
539 933 587 973 ad
608 946 775 973 ancoras
800 940 912 973 eraut
934 932 1149 985 deligatae,
1175 939 1387 985 tempestas
1409 929 1649 979 adflictabat,

169 1014 294 1054 neque
316 1000 391 1040 ulla
415 1000 562 1040 nostris
594 999 758 1040 facultas
791 1007 857 1040 aut
888 1000 1183 1040 administrandi
1207 1006 1273 1039 aut
1294 998 1512 1039 auxiliandi
1535 996 1652 1037 daba-

123 1066 148 1108 3
171 1074 249 1107 tur.
281 1065 557 1121 Compluribus
580 1067 745 1107 nauibus
768 1067 902 1107 fractis
924 1068 1097 1120 reliquae
1120 1081 1206 1106 cum
1230 1074 1364 1107 essent
1385 1066 1559 1112 funibus,
1584 1078 1653 1104 an-

172 1135 276 1175 coris
298 1135 537 1188 reliquisque
559 1134 814 1175 armamentis
836 1134 992 1174 amissis
1016 1135 1062 1174 ad
1086 1122 1348 1188 nauigandum
1371 1134 1547 1182 inutiles,
1572 1145 1654 1171 ma-

173 1217 271 1256 gna,
304 1203 342 1243 id
375 1203 475 1256 quod
497 1216 661 1243 necesse
684 1209 771 1243 erat
792 1202 996 1251 accidere,
1028 1202 1149 1241 totius
1182 1201 1383 1241 exercitus
1414 1199 1654 1253 perturbatio

123 1270 150 1310 4
172 1272 274 1310 facta
298 1278 370 1310 est.
406 1268 549 1322 Neque
561 1270 663 1309 enim
686 1283 807 1310 naues
823 1275 937 1309 erant
957 1269 1072 1318 aliae,
1098 1268 1236 1320 quibus
1258 1268 1453 1321 reportari
1476 1272 1653 1320 possent,

172 1344 212 1378 et
234 1338 364 1377 onmia
387 1338 576 1385 deerant,
603 1350 702 1389 quae
725 1337 772 1376 ad
793 1336 1026 1376 reficiendas
1050 1349 1172 1375 naues
1195 1342 1308 1375 erant
1329 1334 1440 1384 usui,
1467 1341 1531 1383 et,
1556 1332 1658 1385 quod

172 1405 352 1445 omnibus
375 1404 580 1444 constabat
610 1404 774 1443 hiemari
796 1403 836 1443 in
859 1402 986 1443 Gallia
1009 1410 1191 1457 oportere
1207 1433 1217 1453 ,
1256 1403 1492 1442 frumentum
1524 1400 1585 1440 his
1615 1399 1658 1439 in

97 1473 157 1518 30
177 1473 275 1513 locis
297 1472 335 1512 in
360 1472 526 1512 hiemem
548 1472 747 1525 prouisum
771 1485 849 1511 non
873 1478 973 1511 erat.
1038 1468 1190 1523 Quibus
1221 1469 1339 1510 rebus
1361 1468 1529 1523 cognitis
1551 1466 1657 1521 prin-

172 1541 278 1595 cipes
301 1539 550 1590 Britanniae,
576 1539 641 1592 qui
663 1545 750 1593 post
771 1538 959 1592 proelium
981 1538 1028 1578 ad
1050 1535 1265 1578 Caesarem
1289 1542 1573 1585 conuenerant,
1596 1534 1657 1575 in-

171 1615 234 1648 ter
255 1621 297 1648 se
319 1608 545 1657 conlocuti,
569 1621 653 1647 cum
677 1607 828 1660 equites
851 1613 890 1646 et
911 1620 1033 1646 naues
1056 1613 1095 1646 et
1117 1607 1351 1646 frumentum
1375 1603 1567 1645 Romanis
1591 1602 1657 1642 de-

174 1689 262 1716 esse
283 1675 564 1728 intellegerent
594 1682 634 1715 et
664 1674 901 1728 paucitatem
935 1673 1100 1713 militum
1123 1687 1175 1712 ex
1197 1679 1416 1713 castrorum
1438 1669 1658 1723 exiguitate

176 1749 478 1796 cognoscerent,
505 1756 603 1795 quae
626 1743 698 1782 hoc
720 1748 835 1782 erant
856 1741 972 1781 etiam
994 1740 1240 1795 angustiora,
1265 1739 1366 1792 quod
1389 1738 1475 1778 sine
1496 1737 1659 1791 impedi-

127 1809 156 1851 2
176 1811 318 1850 mentis
341 1807 494 1851 Caesar
514 1809 690 1863 legiones
712 1815 1079 1862 transportauerat,
1114 1808 1299 1861 optimum
1330 1807 1436 1846 factu
1470 1818 1559 1845 esse
1590 1804 1658 1843 du-

174 1885 323 1918 xerunt
344 1877 559 1918 rebellione
593 1877 696 1917 facta
727 1878 922 1916 frumento
951 1882 1246 1928 commeatuque
1267 1880 1426 1914 nostros
1449 1870 1660 1926 prohibere

177 1951 216 1986 et
236 1959 318 1985 rem
340 1945 381 1985 in
402 1945 568 1985 hiemem
591 1945 805 1998 producere
820 1975 830 1994 ,
867 1944 968 1997 quod
997 1944 1056 1983 his
1079 1943 1274 1997 superatis
1297 1948 1366 1981 aut
1385 1940 1515 1980 reditu
1535 1940 1660 1979 inter-

177 2013 297 2054 clusis
320 2012 515 2053 neminem
548 2019 686 2065 postea
712 2011 803 2052 belli
825 2011 1019 2051 inferendi
1041 2024 1161 2050 causa
1182 2010 1224 2050 in
1246 2008 1493 2050 Britanniam
1514 2005 1660 2047 transi-

176 2088 308 2122 turum
332 2079 594 2121 confidebant.
656 2077 792 2132 Itaque
823 2092 960 2119 rursus
983 2078 1253 2118 coniuratione
1275 2078 1378 2116 facta
1399 2074 1585 2129 paulatim
1608 2086 1662 2113 ex

370 2169 384 2201 1
406 2168 518 2200 subito
539 2171 722 2209 tempestas
742 2166 773 2197 b.
948 2165 1114 2207 quohorta
1133 2164 1258 2196 deletis
1277 2173 1320 2205 qu
1339 2165 1375 2194 et
1390 2172 1407 2193 c
1424 2170 1586 2203 suprase.
1605 2159 1657 2200 Β,

178 2226 253 2254 orta
274 2222 303 2253 b.
447 2221 465 2253 3
486 2220 683 2252 referentur
700 2219 743 2250 B.
884 2218 1015 2259 propie,
1034 2227 1196 2258 suprasc.
1216 2225 1330 2258 prope,
1351 2214 1395 2246 A.
1546 2213 1567 2244 4
1586 2221 1660 2243 cum

179 2265 330 2318 periculo
350 2273 449 2314 suis.
591 2271 826 2312 &deicerentur
844 2269 916 2300 AD
927 2269 1011 2310 Es)
1031 2268 1270 2299 deiecerentur
1286 2267 1316 2298 B
1332 2266 1372 2298 C.
1522 2264 1539 2295 5
1560 2273 1660 2294 aneo-

178 2326 227 2357 ris
245 2326 335 2365 AB,
357 2323 517 2356 anchoris
537 2333 571 2353 H.
736 2321 754 2352 6
773 2319 1015 2361 petiueruntf.
1193 2318 1234 2349 10
1253 2316 1484 2359 compleuerat
1500 2314 1565 2346 Απ
1583 2315 1662 2354 (qui

180 2377 373 2408 secundam
396 2375 483 2407 Ond.
500 2383 558 2415 pr.
578 2383 624 2404 m.
645 2370 731 2412 0771.)
751 2371 921 2411 BCDE,
944 2370 1136 2412 complebat
1156 2370 1173 2401 b
1187 2369 1312 2411 edes.
1455 2367 1491 2398 11
1514 2375 1660 2398 ancoras

180 2428 265 2459 AB.
405 2425 605 2457 adflictabat
622 2422 824 2464 ABCDs.
965 2421 1006 2455 12
1025 2431 1135 2462 nequa
1154 2421 1224 2452 ulla
1242 2420 1284 2451 B.
1438 2417 1477 2450 13
1497 2427 1570 2448 cum
1588 2417 1662 2459 plu-

182 2479 275 2510 ribus
295 2479 327 2510 A
340 2479 370 2509 Β
384 2478 411 2510 C
425 2477 486 2518 ef.
633 2484 706 2505 cum
725 2484 793 2505 om.
813 2473 875 2515 es.
1017 2473 1151 2503 ancoris
1170 2472 1255 2504 AB.
1390 2470 1431 2502 14
1450 2470 1661 2511 reliquisque

183 2540 251 2562 om.
274 2530 304 2560 b.
446 2529 485 2559 15
505 2528 538 2559 id
557 2538 625 2559 om.
644 2526 680 2567 s.
826 2523 867 2556 17
888 2533 993 2554 naues
1012 2528 1110 2554 erant
1128 2521 1219 2563 usui]
1238 2531 1294 2553 eas
1313 2520 1389 2552 usui
1408 2526 1487 2552 sunt.
1506 2522 1523 2552 b
1538 2521 1659 2563 edes.

328 2581 367 2613 18
385 2580 528 2611 hiemari
546 2590 566 2611 α
579 2580 596 2610 b
610 2590 626 2609 c
639 2579 707 2619 es,
729 2578 879 2608 hiemare
899 2575 1043 2615 reliqui.
1207 2574 1246 2606 19
1266 2573 1298 2604 in
1319 2572 1427 2603 hieme
1448 2572 1517 2604 Cb.

181 2633 225 2670 20
244 2637 320 2675 post
337 2632 502 2674 proelium
524 2631 650 2662 sactum
669 2630 710 2660 ad
730 2639 789 2668 ea,
811 2637 896 2669 quae
918 2627 1069 2658 iusserat
1087 2624 1232 2665 Caesar,
1255 2623 1412 2655 facienda
1432 2627 1665 2655 conuenerant

185 2687 203 2717 b
216 2685 338 2726 edes.
478 2683 516 2717 21
541 2681 710 2714 conlocuti
729 2680 802 2712 AB
818 2679 888 2720 Cf.
1038 2687 1111 2709 cum
1131 2682 1165 2708 et
1182 2676 1359 2718 equitess.
1514 2675 1558 2710 23
1577 2684 1664 2718 quae

183 2735 261 2778 hoc]
281 2735 358 2777 quia
377 2733 508 2775 haecs.
686 2729 923 2772 inpedimentis
934 2729 972 2770 f.
1156 2727 1198 2759 24
1220 2726 1346 2759 factum
1364 2726 1520 2758 BCDb.

184 2788 226 2821 26
246 2787 297 2818 his
315 2786 395 2826 Ef5
413 2785 479 2816 hiis
497 2784 551 2824 D,
571 2783 613 2815 iis
633 2783 679 2822 (A
690 2782 732 2821 B)
747 2781 786 2813 C.
950 2778 992 2813 ‘27
1011 2778 1196 2810 Brittaniam
1215 2778 1258 2810 B.
1398 2778 1442 2812 28
1460 2776 1666 2810 confitebant

185 2849 230 2870 m.
250 2848 302 2880 pr.
326 2838 366 2869 B.
509 2843 642 2866 rursum
665 2832 705 2864 C.

1673 535 1692 566 υῐ

1683 869 1725 902 10

1690 1205 1728 1238 15

1689 1539 1733 1575 20

1689 1876 1732 1912 25
