1835 3240
716 194 1114 234 —52—.„

176 324 287 365 puam
308 316 373 349 res
395 309 632 362 compositae
655 307 818 347 consilio
840 305 885 345 ab
909 305 1013 344 omni
1035 312 1144 357 parte
1167 305 1396 356 laudabili',
1431 314 1469 345 et
1494 311 1503 329 ί
1520 307 1558 346 ἰιι
1581 306 1649 345 ali-

175 392 248 431 qua
271 376 394 431 parte’
419 377 482 416 uel
505 376 559 415 ‘in
583 375 748 426 aliquam
772 373 931 426 partem'
956 369 1098 412 Cicero
1121 385 1189 424 pro
1210 370 1329 412 Font.
1359 359 1433 423 14,
1471 372 1521 412 31
1558 379 1568 397 ⁴
1584 388 1649 427 po-

175 453 321 486 stremo
344 444 427 497 ipse
450 457 536 482 eum
561 443 595 480 iu
614 440 790 480 omnibus
814 440 917 479 uitae
941 439 1114 492 partibus
1139 440 1308 492 integer,
1332 446 1411 479 tum
1435 441 1474 480 in
1486 454 1529 480 rc
1551 441 1651 480 mili-

175 513 251 554 tari
274 510 546 557 exercitatus',
572 508 717 548 adAtt.
740 505 818 556 XI,
842 505 883 555 (i,
909 506 935 545 2
959 505 1175 547 ‘Brundisii
1199 507 1327 546 iacere
1348 506 1389 546 in
1411 521 1545 547 omnes
1564 521 1652 560 par-

177 589 234 622 tes
257 587 318 621 est
338 576 593 625 molestum'3
627 573 787 615 Caelius
818 575 864 613 ad
887 571 974 615 Cic.
998 572 1112 615 Fam.
1138 572 1260 623 VIII,
1296 573 1343 613 ll
1362 604 1373 621 ‚
1406 574 1432 614 4
1464 575 1654 628 ‘denique

176 649 276 688 malo
309 648 349 686 in
379 647 476 685 hanc
506 650 651 697 partem
686 655 847 690 errare,
881 649 947 690 ut,
983 656 1081 695 quae
1112 656 1191 682 non
1213 642 1437 692 desideras,
1471 642 1650 691 audias’;

177 714 344 768 Quintil.
376 711 440 760 X,
478 711 522 759 1,
552 708 606 749 26
637 709 697 748 ‘si
729 722 892 749 necesse
925 716 986 749 est
1013 709 1053 749 in
1075 710 1238 750 alteram
1261 723 1395 750 errare
1416 708 1584 762 partem'
1617 714 1655 748 et

177 786 213 836 ξ.
239 781 292 822 64
328 779 557 834 ‘praecipua
588 784 721 816 tamen
752 776 844 816 eius
868 777 908 816 in
931 777 1211 818 commonenda
1232 777 1487 818 miseratione
1509 776 1651 824 uirtus,

176 857 218 889 ut
239 849 391 901 quidam
412 846 451 886 in
481 846 551 885 hac
584 858 670 884 cum
700 851 810 898 parte
833 844 1012 884 omnibus
1034 846 1118 885 eius
1141 846 1271 899 operis
1293 844 1520 885 auctoribus
1542 856 1654 897 prae-

177 917 341 957 serant'.

286 982 403 1022 Initio
426 995 460 1020 e.
484 979 510 1020 8
532 980 626 1020 haec
647 980 854 1033 leguntur:
887 978 1073 1021 ‘Interea
1103 994 1149 1020 ea
1171 980 1326 1034 legione
1343 1011 1353 1030 ,
1387 993 1499 1032 quam
1522 991 1653 1018 seeum

177 1051 340 1090 habehat
355 1080 364 1097 ,
399 1047 687 1099 militibusque,
723 1047 785 1100 qui
810 1060 861 1087 ex
883 1047 1084 1101 prouincia
1106 1054 1398 1095 conuenerant,
1423 1062 1446 1086 a
1467 1047 1554 1086 lacu
1574 1044 1655 1086 Le-

176 1132 316 1158 manno
333 1148 342 1166 ,
374 1116 437 1169 qui
470 1116 508 1155 iu
543 1116 683 1155 llmneu
705 1114 939 1155 Rhodanum
963 1115 1111 1162 influit,
1143 1116 1190 1155 ad
1213 1122 1383 1154 montem
1405 1112 1560 1163 Iuram,
1591 1113 1655 1165 qui

179 1187 273 1225 lines
296 1183 568 1237 Sequanorum
593 1183 639 1222 ab
663 1182 860 1223 Heluetiis
883 1183 1043 1231 diuidit,
1076 1183 1182 1223 milia
1213 1196 1398 1237 passuum
1431 1182 1563 1222 decem
1587 1194 1656 1220 no-

177 1268 262 1294 uem
291 1266 442 1292 murum
475 1252 513 1290 in
546 1250 786 1290 altitudinem
818 1250 954 1302 pedum
984 1250 1154 1290 sedecim
1188 1252 1408 1303 fossamque
1441 1249 1653 1304 perducit'.

179 1320 258 1361 Sed
281 1335 364 1359 cum
389 1325 591 1359 constaret
620 1318 747 1357 lacum
768 1316 1014 1356 Lemannum
1046 1331 1125 1356 non
1156 1318 1322 1358 influere
1343 1319 1383 1358 in
1403 1317 1655 1367 Rhodanum,

176 1389 242 1428 sed
268 1388 497 1427 Rhodanum
523 1400 590 1439 per
612 1386 736 1424 lacum
761 1384 978 1438 perfluere,
1012 1385 1178 1424 incisum
1209 1385 1302 1424 illud
1336 1385 1423 1437 ‘qui
1454 1385 1493 1424 in
1516 1384 1659 1423 flumen

180 1456 407 1495 Rhodanum
431 1454 576 1494 inssuit'
606 1453 653 1492 ab
686 1452 866 1492 omnibus
890 1459 1046 1504 praeter
1067 1449 1353 1492 Schneiderum
1382 1465 1451 1505 pro
1474 1458 1658 1505 corrupto

176 1524 346 1563 habitum
379 1529 452 1563 est.
498 1521 535 1561 Is
559 1523 610 1562 ita
635 1520 820 1560 defendit.
866 1519 1162 1567 ‘Rhodanum',
1190 1520 1337 1572 inquit,
1373 1524 1477 1559 ‘non
1501 1519 1658 1559 misceri

178 1593 262 1631 lacu
284 1591 489 1631 Lemanno
512 1588 724 1643 geographi
749 1594 962 1627 testantur.
1015 1586 1151 1639 Itaque
1182 1587 1321 1626 exiens
1345 1600 1465 1639 aquas
1489 1586 1574 1626 eius
1596 1600 1659 1626 se-

179 1674 265 1699 eum
289 1659 442 1698 trahere
466 1665 506 1697 et
527 1658 634 1697 lacus
657 1656 697 1695 in
721 1655 843 1708 ipsum
867 1656 1029 1694 influere
1061 1654 1250 1694 uidetur'.
1302 1652 1363 1693 Ita
1392 1660 1510 1707 puto:
1556 1650 1658 1693 Cae-

178 1727 256 1766 sari
280 1726 477 1774 nimirum,
503 1738 588 1763 eum
607 1726 780 1764 locorum
799 1722 967 1762 habitum
987 1722 1244 1770 describeret,
1270 1722 1358 1774 quid
1377 1721 1546 1760 ludibrio
1565 1734 1659 1760 ocu-

179 1796 302 1834 lorum
327 1793 529 1833 uideretur
548 1792 655 1841 fieri,
682 1805 784 1840 non,
809 1790 897 1843 quid
920 1790 1054 1839 fieret,
1081 1790 1284 1829 dicendum
1309 1796 1409 1829 erat.
1453 1787 1508 1827 Et
1529 1794 1659 1827 tamen

179 1862 267 1914 quid
299 1875 345 1900 ea
376 1873 438 1899 res
470 1860 517 1899 ad
549 1859 802 1899 munitionem
827 1857 1011 1898 Caesaris
1040 1857 1290 1910 pertinebat?
1349 1853 1548 1908 Corrupta
1569 1868 1659 1895 esse

179 1931 273 1969 haec
296 1928 415 1968 uerba
442 1934 550 1967 recte
582 1926 804 1980 superiores
826 1926 1123 1974 iudicauerunt,
1156 1925 1225 1964 sed
1257 1922 1567 1964 emendationem
1592 1936 1660 1962 ne-

179 2010 251 2049 que
274 1996 328 2035 illi
360 1996 596 2035 inuenerunt
618 2008 744 2047 neque
767 1994 858 2033 mihi
879 1994 1054 2047 reperire.
1077 1992 1255 2044 contigit.
1292 1990 1396 2031 Nam
1411 1990 1598 2031 Glareani
1622 1998 1662 2029 et,

182 2063 362 2102 Rhenani
395 2063 662 2102 coniecturam
707 2067 844 2115 ‘quem
876 2061 1016 2100 flumen
1047 2059 1280 2099 Rhodanum
1310 2058 1455 2098 influit'
1485 2058 1660 2111 pluribus

181 2131 401 2171 nominibus
433 2131 617 2170 uitiosam
647 2144 735 2170 essc
768 2127 1033 2169 Schneiderus
1066 2125 1362 2167 demonstrauit.
1426 2124 1468 2165 Id
1509 2132 1659 2165 certum

181 2206 266 2248 est,
317 2197 377 2237 his
418 2198 548 2237 uerbis
590 2198 705 2236 situm
747 2196 973 2236 munitionis
1020 2194 1244 2235 accuratius
1283 2194 1402 2233 fuisse
1442 2193 1657 2233 delinitum.

183 2265 319 2319 Itaque
361 2273 451 2314 aut,
492 2279 565 2317 qua
609 2265 752 2304 flumen
783 2263 998 2304 Rhodanus
1032 2263 1190 2307 flueret,
1232 2267 1321 2310 aut,
1364 2275 1438 2313 qua
1476 2260 1576 2299 idem
1608 2273 1660 2299 ex

182 2336 266 2374 lacu
290 2333 526 2386 proflueret,
560 2347 711 2372 murum
742 2332 969 2386 perductum
1002 2344 1091 2370 esse
1115 2327 1266 2370 Caesar
1287 2329 1580 2368 demonstrasse
1601 2326 1661 2366 ni-

182 2402 308 2441 detur.

297 2465 347 2508 C.
383 2466 450 2516 17,
481 2467 507 2507 2
537 2464 801 2507 Schneiderus
831 2467 886 2506 ita
917 2465 1059 2506 edidit:
1101 2463 1210 2503 ‘Hos
1246 2462 1433 2503 seditiosa
1455 2469 1569 2513 atque
1592 2461 1661 2500 im—

184 2535 304 2590 proba
325 2534 505 2574 oratione
527 2535 813 2574 multitudinem
836 2534 1061 2582 deterrere,
1100 2545 1149 2571 ne
1173 2532 1409 2570 frumentum
1431 2530 1659 2568 conferant:

185 2604 284 2657 quod
307 2608 510 2657 praestare
541 2601 702 2651 debeat,
737 2601 769 2641 si
799 2601 873 2640 iam
906 2601 1163 2654 principatum
1188 2596 1340 2637 Galliae
1373 2596 1551 2637 obtinere
1584 2610 1663 2636 non

184 2671 357 2724 possint„
383 2667 584 2710 Gallorum
608 2682 719 2720 quam
742 2667 1011 2707 Romanorum
1032 2666 1195 2719 imperia
1217 2666 1416 2718 perferre;
1449 2676 1573 2716 neque
1595 2663 1664 2702 du-

184 2739 311 2778 bitare
333 2737 524 2785 debeant,
550 2735 657 2788 quin,
682 2735 715 2774 si
738 2734 941 2775 Heluetios
964 2733 1239 2788 superauerint
1259 2730 1454 2780 Romani,
1479 2744 1555 2770 una
1579 2744 1665 2770 eum

186 2807 336 2859 reliqua
360 2803 486 2844 Gallia
509 2802 683 2843 Haeduis
704 2802 924 2843 libertatem
947 2801 1027 2841 sint
1048 2800 1250 2854 erepturi'.
1293 2797 1338 2838 In
1360 2799 1419 2838 his
1444 2804 1664 2851 ‘praestare

188 2873 343 2914 debeat*
375 2873 421 2912 de
445 2871 634 2924 Herzogii
665 2871 890 2911 coniectura
920 2869 1086 2922 positum
1110 2874 1193 2908 est:
1230 2868 1269 2907 in
1302 2867 1500 2907 codicibus
1522 2865 1666 2918 legitur
