1835 3240
621 157 806 201 COMM.
831 157 889 200 ΙΙΙ
912 155 1035 200 CAP.
1060 156 1205 197 7—9.
1662 154 1746 196 567

189 281 434 330 conspectum
459 273 595 314 uenire
617 280 752 326 posset

188 461 377 502 Discessu
398 458 663 499 Liburnarum
687 472 737 498 ex
760 456 918 511 Illyrico
941 455 998 497 M.
1016 455 1210 497 Octauius
1233 470 1318 495 cnm
1342 456 1405 505 iis,
1432 469 1528 508 quas
1552 456 1667 495 habe·
1691 458 1716 501 9

142 539 160 570 5
192 529 273 578 bat,
300 528 466 569 nauibus
490 525 656 567 Salonas
680 525 872 579 peruenit.
912 524 969 565 Ibi
993 524 1198 564 concitatis
1217 522 1409 563 Dalmatis
1433 523 1673 575 reliquisque

113 875 153 909 10

113 1552 156 1586 20

116 1892 158 1925 25

118 2227 159 2259 30

188 597 367 637 barbaris
400 594 528 636 Issam
559 609 581 634 a
613 591 801 633 Caesaris
833 594 1005 633 amicitia
1039 592 1206 641 auertit3
1247 598 1482 632 conuentum
1514 588 1672 630 Salonis
1693 590 1720 630 2

188 679 274 704 cum
308 678 435 717 neque
466 660 814 716 pollicitationibus
847 674 972 713 neque
1006 660 1302 701 denuntiatione
1334 658 1497 713 periculi
1520 672 1673 712 permo-

185 747 278 773 nere
302 738 455 785 posset,
481 729 662 784 oppidum
686 742 910 782 oppugnare
933 728 1119 768 instituit.
1182 726 1257 766 Est
1278 734 1407 767 antem
1432 726 1610 780 oppidum
1634 733 1673 766 et

187 800 261 840 loci
285 807 425 839 natura
447 805 484 837 et
507 798 604 837 colle
627 797 832 837 munitum.
877 794 957 836 Sed
980 795 1163 836 celeriter
1193 796 1302 835 ciues
1327 794 1495 835 Romani
1526 793 1667 847 ligneis
1691 792 1715 833 3

186 868 336 908 effectis
360 866 531 906 turribus
555 866 613 905 his
637 879 726 905 sese
748 864 974 904 munierunt
995 871 1048 913 et,
1074 876 1160 902 cum
1184 870 1319 902 essent
1340 863 1482 902 infirmi
1504 863 1552 902 ad
1574 861 1674 902 resi-

186 935 366 976 stendum
390 940 546 987 propter
567 933 801 987 paucitatem
836 932 1035 971 hominum
1058 930 1208 970 crebris
1231 931 1401 970 confecti
1424 930 1670 978 uulneribus,

186 1004 232 1043 ad
255 1009 476 1042 extremum
499 1001 688 1040 auxilium
719 1000 1008 1040 descenderunt
1037 1012 1256 1050 seruosque
1278 1012 1413 1038 omnes
1436 998 1604 1051 puberes
1627 998 1673 1037 li-

186 1070 428 1110 berauernnt
450 1076 488 1108 et
509 1067 722 1122 praesectis
745 1067 915 1107 omnium
940 1066 1144 1106 mulierum
1169 1066 1345 1105 crinibus
1369 1072 1561 1106 tormenta
1580 1066 1672 1106 effc-

187 1144 337 1179 cerunt.
368 1135 545 1189 Quorum
569 1136 727 1189 cognita
751 1136 946 1175 sententia
962 1133 1154 1175 Octauius
1178 1134 1304 1187 quinis
1328 1121 1469 1173 cassris
1492 1133 1671 1186 oppidum
1694 1134 1721 1173 4

189 1205 444 1247 circumdedit
474 1212 589 1258 atque
622 1219 698 1245 nno
732 1211 906 1258 tempore
939 1203 1141 1243 obsidione
1165 1210 1203 1242 et
1226 1201 1581 1256 oppugnationibus
1605 1214 1672 1240 cos

188 1287 364 1327 premere
388 1273 527 1326 coepit.
558 1271 619 1313 Illi
643 1273 772 1313 omnia
795 1272 942 1326 perpeti
967 1271 1089 1325 parati
1114 1270 1284 1310 maxime
1305 1283 1327 1309 a
1350 1283 1393 1309 re
1418 1268 1674 1308 frumentaria
1696 1266 1720 1307 5

189 1341 434 1381 laborabant.
481 1338 556 1381 Cui
589 1341 646 1381 rei
677 1341 807 1381 missis
840 1340 886 1380 ad
911 1337 1128 1380 Caesarem
1160 1337 1301 1392 legatis
1332 1336 1524 1377 auxilium
1557 1336 1604 1376 ab
1629 1350 1674 1376 eo

192 1409 400 1463 petebant3
426 1408 590 1461 reliqna,
615 1416 657 1448 ut
679 1415 877 1463 poterant,
904 1408 1148 1447 incommoda
1171 1420 1240 1460 per
1261 1419 1303 1446 se
1326 1404 1589 1444 sustinebant.
1622 1403 1676 1444 Et
1697 1403 1722 1443 6

189 1478 305 1530 longo
329 1477 563 1530 interposito
598 1477 723 1530 spatio
756 1491 841 1516 cum
873 1475 1110 1515 diuturnitas
1134 1473 1439 1528 oppugnationis
1463 1472 1675 1527 neglegen-

190 1545 309 1585 tiores
334 1543 579 1585 Octanianos
603 1545 825 1594 effecisset,
862 1545 963 1584 nacti
987 1543 1236 1584 occasionem
1260 1541 1464 1582 meridiani
1489 1540 1674 1593 temporis

190 1613 367 1653 discessu
389 1627 523 1653 eornm
547 1613 677 1666 pueris
700 1612 1005 1665 mulieribusque
1037 1612 1077 1651 in
1112 1625 1221 1651 muro
1245 1608 1470 1664 dispositis,
1508 1622 1557 1648 ne
1587 1608 1676 1660 qnid

191 1681 412 1721 cotidianae
435 1681 732 1721 consuetudinis
756 1681 1075 1728 desideraretur,
1114 1679 1188 1732 ipsi
1219 1678 1459 1717 manufacta
1491 1690 1576 1715 cum
1608 1676 1673 1724 iis,

191 1762 286 1801 quos
310 1762 435 1802 nuper
458 1749 659 1802 [maximi]
685 1749 953 1788 liberauerant
970 1779 979 1797 ‚
1012 1748 1050 1787 in
1083 1746 1265 1800 proxima
1290 1744 1433 1785 Octaui
1466 1752 1596 1783 castra
1619 1744 1677 1782 in-

194 1824 397 1870 ruperunt.
452 1816 524 1857 His
548 1817 784 1871 expugnatis
808 1817 944 1856 eodem
969 1817 1114 1869 impetu
1137 1816 1263 1855 altera
1286 1820 1378 1853 sunt
1398 1811 1553 1861 adorti,
1587 1811 1676 1850 inde
1698 1810 1723 1850 7

192 1885 307 1924 tertia
329 1892 368 1924 et
389 1893 528 1937 quarta
551 1892 589 1925 et
612 1885 793 1938 deinceps
817 1885 966 1937 reliqua
988 1884 1246 1936 omnibusque
1269 1895 1336 1922 cos
1350 1880 1493 1920 castris
1517 1880 1677 1932 expule-

193 1959 284 1992 runt
306 1960 344 1992 ct
366 1967 507 2006 magno
531 1967 693 1992 numero
727 1954 935 1992 interfecto
969 1953 1141 2005 reliquos
1173 1958 1290 2003 atque
1322 1950 1446 2003 ipsum
1470 1946 1677 1989 Octauium

193 2021 233 2060 iu
265 2035 385 2060 naues
419 2022 632 2073 confugere
672 2026 903 2074 coegerunt.
971 2019 1044 2060 Hic
1078 2020 1151 2060 fuit
1182 2016 1482 2073 oppugnationis
1526 2015 1674 2055 exitus.
1699 2013 1726 2054 8

196 2087 351 2141 lamque
377 2089 496 2128 hiems
519 2089 870 2142 adpropinquabat,
896 2096 936 2128 et
960 2089 1077 2128 tantis
1101 2086 1345 2127 detrimentis
1370 2084 1538 2136 receptis
1558 2081 1679 2123 Octa-

194 2156 281 2196 uius
306 2157 508 2210 desperata
542 2158 831 2211 oppugnatione
855 2156 982 2210 oppidi
1004 2155 1296 2211 Dyrrhachium
1332 2165 1421 2193 sese
1443 2153 1489 2192 ad
1512 2151 1679 2205 Pompe-

194 2220 271 2259 ium
293 2221 454 2274 recepit.

340 2294 354 2326 1
377 2299 594 2336 conspectum
607 2295 626 2325 2
639 2294 740 2333 dell.7
764 2294 975 2336 complexum
996 2295 1142 2336 reliqui.
1284 2292 1469 2325 Lacunam
1487 2302 1551 2333 ego
1569 2293 1683 2332 signi—

184 2345 314 2384 ficum:
336 2346 373 2376 P.
400 2347 474 2378 159.
589 2348 606 2378 4
621 2350 702 2377 anie
723 2347 877 2377 discessu
900 2347 1058 2377 ‘uidetur
1076 2357 1150 2376 exse
1169 2349 1242 2387 post
1263 2347 1296 2375 ι’11
1317 2344 1357 2375 c'.
1500 2343 1627 2375 Illirico
1646 2353 1680 2375 a.

339 2407 413 2427 cnm
434 2397 484 2429 his
503 2408 537 2429 α.
739 2397 757 2428 ὃ
781 2397 884 2427 issam
907 2398 944 2428 P.
965 2397 1164 2436 illamtlizts,
1190 2396 1322 2427 Hissani
1342 2405 1362 2425 a
1384 2395 1480 2426 ‘mss.
1497 2393 1682 2435 plert'que'.

197 2443 278 2475 Vid.
302 2446 332 2477 b.
352 2448 460 2479 Alea«.
482 2449 537 2486 47,
559 2449 590 2481 3.
754 2447 790 2480 10
813 2448 863 2478 his
884 2458 902 2478 (ι
923 2448 998 2479 eod.
1019 2447 1100 2479 Vrs.
1122 2447 1200 2478 edd.
1222 2450 1305 2478 ante
1327 2446 1412 2478 Alci.
1433 2448 1479 2485 (is
1497 2449 1532 2476 et
1550 2446 1685 2486 reliqui

199 2499 283 2526 ante
302 2498 396 2529 Scal.
417 2502 516 2539 om),
539 2500 580 2530 iis
600 2499 764 2540 Scaliger
784 2510 817 2530 11.
965 2500 1002 2530 12
1022 2499 1167 2530 bubcres
1186 2509 1220 2530 α.
1372 2498 1408 2530 17
1429 2498 1482 2529 cui
1503 2498 1550 2529 rei
1569 2498 1682 2528 missis

199 2558 275 2588 ego,
296 2550 351 2590 qui
370 2552 522 2583 remissis
542 2552 658 2589 cocld.,-
680 2562 782 2593 qnare
803 2551 916 2582 missis
935 2551 1071 2582 Brutus
1092 2561 1127 2582 ιι.
1282 2549 1321 2581 18
1342 2549 1551 2580 incommoda
1573 2559 1630 2590 per
1650 2559 1684 2579 se

199 2608 231 2638 α,
254 2609 313 2640 per
330 2610 364 2631 se
384 2602 591 2634 incommoda
604 2602 680 2633 cdd.
827 2603 863 2635 10
879 2602 1170 2643 neglegentiores,
1191 2612 1259 2632 ‘non
1281 2600 1422 2640 neglig„
1443 2604 1509 2631 aet
1528 2602 1685 2631 ubicum-

199 2660 264 2690 que
284 2653 416 2684 tacebo.
556 2656 594 2687 21
619 2654 784 2696 depositis
803 2664 836 2684 (ι.
980 2655 1022 2685 ‘22
1040 2665 1115 2685 cum
1135 2655 1185 2685 his
1204 2664 1238 2685 α.
1386 2653 1427 2687 723
1448 2654 1622 2684 maximia
1636 2653 1652 2682 b
1666 2664 1683 2681 {t

201 2700 235 2740 cl,
255 2702 350 2742 quod
368 2705 467 2735 uncis
485 2705 637 2744 seclusi}-
657 2704 882 2735 manumissos
903 2715 937 2735 υ.
958 2704 998 2735 Ρ.
1025 2704 1096 2736 175.
1253 2704 1428 2735 Octauia.
1592 2702 1684 2733 inru-

202 2760 323 2797 perunt
340 2765 373 2787 α.
514 2758 555 2791 25
576 2757 730 2789 omnibus
750 2768 808 2788 eos
829 2758 859 2789 b.
1000 2757 1044 2789 28
1064 2757 1193 2799 hiemps
1213 2767 1247 2789 α.
1390 2754 1685 2796 adpropinquabat

200 2819 234 2840 a.
377 2809 524 2851 receptis
543 2819 564 2841 a
585 2809 759 2850 ί1·οΙι”(μιι”1
786 2809 936 2852 acceptis
955 2809 1030 2842 cod.
1053 2809 1133 2842 Vrs.
1157 2820 1190 2841 u.
1348 2807 1390 2838 ‘29
1411 2806 1626 2837 Dirrachium
1646 2815 1679 2837 a.

346 2871 380 2891 se
402 2860 431 2891 b.
574 2861 614 2893 30
635 2861 754 2904 recipit
773 2871 807 2894 a.
