1835 3240
871 163 923 202 7⁶2
987 185 1094 191 ffl-

161 281 344 336 antiquos
366 285 405 319 et
425 278 599 330 integros
623 276 734 316 codd.
761 290 838 316 non
862 274 1062 323 habemus,
1089 275 1182 314 haec
1205 273 1419 313 auctoritas
1442 270 1639 311 desidera-

161 356 249 388 tur:
273 361 352 388 uno
375 353 502 385 tamen
524 344 625 394 loeo,
651 343 688 383 b.
715 343 792 383 eiu.
818 342 862 392 I,
885 341 962 390 36,
995 341 1015 380 1
1044 341 1226 380 ‘classem
1249 352 1399 391 quoque
1422 352 1559 379 uersus
1583 337 1639 377 di-

162 414 332 456 mittunt'
356 413 544 466 scriptum
567 418 622 451 est
647 411 686 450 in
708 409 823 450 Leid.
850 423 895 462 pr
919 425 929 457 ς
953 407 996 457 Ι,
1020 406 1088 456 25,
1114 406 1155 446 6.
1180 405 1234 454 II,
1258 406 1299 455 8,
1325 405 1364 445 3.
1391 406 1427 444 b.
1453 405 1541 444 Afr.
1566 404 1636 452 24,

161 481 186 523 3
209 481 304 521 nihil
326 494 379 520 ex
400 480 512 519 bonis
535 478 646 518 codd.
672 484 848 524 notatur,
872 476 946 514 nisi
970 474 1068 526 quod
1091 473 1260 512 secundo
1283 473 1368 511 loco
1390 470 1536 511 inpar.
1556 484 1637 510 sec.

163 556 203 589 et
222 547 338 588 Leid.
373 561 431 600 pr.
466 560 545 585 uox
575 544 762 597 ‘quoquo'
797 542 1002 582 omittitur.
1046 539 1112 578 Ex
1143 540 1229 579 aliis
1262 539 1518 591 scriptoribus
1541 539 1640 591 apud

162 615 326 657 Vitruu.
352 611 464 662 VIII,
494 612 532 662 l,
555 611 581 651 4
605 617 772 663 ‘quoque
797 609 947 648 uersus'
971 613 1182 646 annotatur
1204 620 1256 645 ex
1277 605 1409 644 codice
1436 603 1641 644 Cottouia-

163 698 230 733 no,
256 697 317 736 ap.
344 678 500 721 Colum.
527 680 572 718 de
594 678 678 718 arb.
703 677 744 723 4,
769 675 793 715 3
816 689 868 714 ex
890 674 1098 714 collatione
1120 671 1320 721 Politiani,
1346 670 1643 726 ap.Apul.Me-

163 757 259 790 tam.
284 748 338 796 II,
361 748 403 797 2,
429 762 465 800 p.
491 745 545 786 88
568 744 670 786 Oud.
697 758 750 783 ex
770 740 949 782 Fuxensi
972 747 1011 779 et
1033 739 1178 779 omisso
1203 739 1390 779 ‘uersum'
1414 754 1466 779 ex
1488 738 1644 792 Lipsia-

165 833 231 868 n0,
256 823 422 868 utroque
445 812 656 853 deteriore.
699 809 879 862 Reliquis
902 807 1015 855 lociS,
1040 807 1104 860 qui
1127 807 1219 847 mihi
1242 809 1324 847 noti
1346 814 1452 857 sunt,
1483 805 1574 848 Cat..
1601 807 1646 846 de

163 898 208 925 re
230 892 329 925 rust.
354 881 420 931 15,
444 880 564 922 Varr.
591 879 637 918 de
659 892 701 917 re
723 883 821 916 rust.
847 874 890 926 I,
918 874 993 924 10,
1017 874 1058 924 2,
1086 873 1171 915 Cic.
1196 873 1300 915 Phil.
1324 873 1386 914 IX
1418 882 1524 914 extr.
1540 905 1549 923 ,
1576 871 1648 915 Vi·

164 960 271 993 truu.
295 949 350 1000 II,
374 948 414 998 3,
440 948 480 988 3.
505 945 580 993 ΙΙΙ,
606 945 648 995 5,
673 944 713 984 3.
738 942 813 992 lV,
840 943 879 993 1,
908 941 972 982 11.
997 941 1051 992 V,
1079 942 1118 992 1,
1142 941 1182 982 9.
1207 941 1264 992 X,
1292 942 1359 992 14,
1388 941 1407 982 1
1433 950 1471 982 et
1491 942 1541 991 2,
1568 939 1648 982 Co-

164 1021 259 1061 lum.
284 1017 338 1067 V,
365 1016 412 1067 1,
439 1016 477 1056 5.
504 1011 625 1061 VIII,
651 1010 699 1060 3,
723 1011 764 1052 2.
789 1009 875 1060 XI,
900 1010 949 1060 2,
973 1008 1053 1060 28,
1079 1010 1124 1050 (10
1146 1010 1230 1049 arb.
1254 1009 1325 1060 27,
1348 1010 1390 1060 2,
1416 1009 1534 1063 Apul.
1559 1008 1648 1050 Me-

164 1094 260 1127 tam.
284 1082 406 1133 VIII,
430 1082 500 1130 27,
525 1096 562 1136 p.
588 1079 670 1121 580
691 1077 816 1127 Oud.,
840 1076 1066 1133 Symmach.
1092 1092 1153 1131 ep.
1178 1076 1219 1127 I,
1244 1077 1270 1117 4
1293 1078 1379 1118 sine
1401 1077 1479 1117 ulla
1502 1077 1648 1117 discre-

164 1152 296 1208 pantia
321 1150 503 1204 ‘quoquo'
528 1148 671 1190 editur.
704 1144 820 1199 Quod
836 1146 877 1187 in
894 1152 1003 1186 tanta
1024 1145 1250 1186 criticorum
1273 1147 1485 1186 securitate
1507 1145 1649 1184 mirum

162 1220 288 1261 uideri
310 1233 387 1259 non
409 1217 537 1258 debet.

279 1285 328 1328 C.
352 1285 406 1327 24
430 1283 583 1326 Caesar
602 1282 727 1323 refert
747 1280 968 1334 Aquitanos
985 1311 995 1331 ,
1026 1280 1205 1334 quamuis
1227 1279 1311 1319 sine
1334 1279 1505 1333 periculo
1529 1292 1571 1319 se
1593 1279 1651 1319 di-

165 1355 380 1396 micaturos
403 1367 490 1393 cum
513 1348 662 1391 Crasso
685 1350 1008 1398 existimassent,
1042 1355 1173 1388 tamen
1194 1347 1408 1387 intercluso
1431 1353 1651 1386 commeatu

163 1422 367 1462 Romanos
390 1421 436 1460 ad
458 1419 628 1473 inopiam
651 1417 833 1471 redigere
866 1428 988 1468 eaque
1019 1429 1062 1456 re
1092 1415 1271 1468 recipere
1302 1427 1391 1454 sese
1424 1420 1582 1453 coactos
1611 1413 1652 1452 in

163 1490 306 1531 itinere
328 1487 535 1542 impeditos
558 1485 704 1526 adoriri
727 1484 927 1524 maluisse.
990 1482 1144 1523 Deinde
1179 1482 1274 1522 haec
1306 1483 1346 1521 in
1368 1482 1479 1521 codd.
1504 1481 1653 1534 scripta

165 1564 278 1598 sunt:
319 1555 424 1595 ‘Hoc
446 1554 613 1595 consilio
634 1553 797 1607 probato
819 1551 866 1591 ab
889 1550 1049 1590 ducibus
1072 1549 1270 1604 productis
1292 1548 1561 1589 Romanorum
1585 1562 1651 1587 co-

165 1626 239 1680 piis
262 1638 351 1665 sese
374 1623 515 1663 eastris
539 1621 742 1661 tenebant.
805 1618 892 1658 Hae
924 1631 967 1658 re
998 1624 1201 1671 perspecta
1232 1613 1430 1665 Crassus,
1464 1629 1549 1654 eum
1581 1629 1653 1655 sua

167 1691 416 1733 cunctatione
447 1697 562 1742 atque
594 1687 777 1741 opinione
810 1685 1024 1725 timidiores
1057 1685 1188 1724 hostes
1218 1690 1376 1723 nostros
1407 1683 1548 1722 milites
1572 1683 1653 1721 ala-

168 1760 318 1800 criores
339 1758 386 1797 ad
410 1756 657 1811 pugnandum
681 1754 920 1803 effecissent,
945 1759 1062 1805 atque
1075 1752 1247 1791 omnium
1262 1764 1379 1790 uoces
1403 1751 1651 1798 audirentur,

169 1826 370 1881 expectari
394 1825 537 1864 diutius
561 1837 638 1862 non
661 1828 843 1875 oportere
858 1851 868 1870 ,
901 1821 994 1872 quin
1023 1820 1068 1859 ad
1092 1826 1223 1859 castra
1245 1819 1390 1866 iretur,
1424 1818 1654 1857 cohortatus

169 1908 264 1935 suos
297 1892 475 1933 omnihus
518 1889 764 1944 cupientibus
805 1889 851 1927 ad
894 1887 1063 1927 hostium
1105 1894 1236 1926 castra
1275 1885 1513 1925 contendit'.
1577 1883 1654 1923 Hic

170 1961 292 2002 uerba
317 1964 420 2000 <cum
439 1958 687 1999 cunctatione
709 1970 781 1996 sua
803 1962 915 2008 atque
940 1954 1122 2007 opinione
1146 1954 1362 1994 timidiores
1388 1953 1533 1992 hostes’
1557 1958 1650 1992 cett.

169 2026 487 2082 inexplicabilem
509 2025 651 2065 hahent
673 2024 957 2064 difficultatem.
1020 2021 1204 2061 Hostium
1228 2021 1330 2060 enim
1353 2021 1481 2073 aliqua
1504 2019 1650 2072 opinio,

171 2111 247 2150 qua
270 2094 485 2136 timidiores
510 2094 602 2133 facti
626 2098 774 2141 essent,
799 2091 975 2144 intellegi
999 2103 1075 2130 non
1098 2095 1240 2142 potest,
1267 2088 1406 2141 quippe
1427 2100 1522 2139 quos
1546 2086 1655 2126 nulla

171 2179 224 2205 ex
244 2171 354 2218 parte
378 2162 532 2202 timidos
556 2162 675 2200 fuisse
698 2173 733 2198 c.
757 2158 828 2210 25,
863 2159 882 2198 1
908 2158 1128 2199 luculenter
1150 2155 1392 2195 declaretur:
1429 2162 1438 2178 ⁴
1454 2169 1539 2194 cum
1561 2154 1654 2194 item

171 2232 218 2273 ab
240 2231 418 2271 hostibus
441 2236 670 2269 constanter
691 2241 735 2267 ac
758 2241 835 2267 non
858 2226 992 2266 timide
1013 2223 1283 2278 pugnaretur'.
1316 2221 1455 2262 Potius
1479 2222 1537 2262 his
1559 2221 1655 2275 ipsis

170 2300 305 2341 uerbis
328 2297 467 2351 eapitis
489 2294 542 2337 25
561 2296 854 2335 demonstratur
865 2292 1077 2333 Caesarem
1102 2293 1173 2331 hoc
1196 2292 1297 2340 loeo,
1324 2291 1369 2330 de
1393 2304 1467 2342 quo
1488 2289 1655 2344 agimus,

172 2367 393 2421 Aquitanos
417 2364 572 2404 timidos
595 2363 701 2403 uisos
725 2375 812 2402 esse
834 2360 1026 2401 Romanis
1050 2359 1237 2399 militibus
1262 2358 1521 2410 significasse.
1575 2355 1656 2396 Ita-

176 2449 251 2489 que
274 2432 541 2474 Schneiderus
563 2430 618 2470 ita
639 2430 706 2469 illa
728 2430 846 2469 uerba
871 2428 1091 2468 conuertit:
1125 2427 1202 2466 ‘die
1224 2426 1332 2466 ihrer
1352 2429 1556 2479 zogerung·
1579 2423 1657 2463 und

176 2503 244 2543 der
265 2501 451 2553 meinung
472 2498 626 2551 zut'olge
649 2498 910 2537 furehtsamer
938 2495 1203 2551 gewordenen
1233 2493 1390 2533 feinde'.
1454 2489 1532 2531 Sed
1563 2505 1656 2530 eun-

176 2570 347 2611 ctatione
370 2582 441 2607 sua
464 2566 634 2606 timidior
652 2579 729 2604 non
752 2564 909 2613 dicitur,
934 2578 1047 2616 quem
1071 2561 1304 2602 timidiorem
1327 2567 1369 2599 tu
1392 2558 1475 2599 eius
1498 2566 1657 2598 cuncta-

177 2638 285 2679 tione
308 2641 523 2676 commotus
546 2634 685 2674 credas
701 2663 711 2682 ,
748 2632 816 2672 sed
838 2632 901 2684 qui
924 2645 966 2672 re
989 2644 1084 2671 uera
1106 2630 1188 2684 ipse
1211 2628 1461 2667 cunctatione
1484 2627 1657 2666 timidior

177 2707 305 2746 factus
328 2710 402 2745 est.
427 2701 580 2742 Deinde
602 2714 687 2740 cum
710 2700 806 2739 haee
820 2699 960 2739 uerba:
989 2697 1254 2739 ‘cunctatione
1276 2710 1347 2736 sua
1368 2702 1483 2748 atque
1505 2694 1656 2747 opinio-

177 2786 227 2814 ne
248 2770 488 2812 timidiores'
520 2769 730 2809 coniuncta
760 2766 1065 2815 existimantur,
1102 2765 1231 2818 opinio
1263 2763 1489 2804 necessario
1513 2776 1657 2803 eorun-

179 2841 265 2881 dem
295 2837 558 2892 intellegenda
588 2843 671 2887 est,
705 2848 870 2889 quorum
900 2833 1097 2875 cunetatio
1129 2839 1239 2882 erat,
1274 2831 1346 2872 hoc
1378 2837 1437 2872 est
1468 2830 1653 2871 hostium.
