1835 3240
105 937 145 970 10

107 1278 145 1310 15

106 1616 149 1650 20

112 2293 153 2325 30

553 202 738 246 COMM.
763 202 821 245 ΙΙΙ
844 201 968 245 CAP.
993 199 1194 243 59—62.
1647 201 1728 243 595

175 336 224 362 ex
256 319 468 360 domestico
499 317 642 358 iudicio
674 325 787 371 atque
816 316 933 358 animi
957 314 1196 356 conscientia
1219 314 1515 368 intellegebant.
1561 313 1650 368 Quo
1673 314 1697 355 3

173 389 318 443 pudore
342 387 496 426 adducti
520 394 558 426 et
580 387 749 427 fortasse
772 399 849 425 non
871 399 914 425 se
936 383 1112 433 liberari,
1139 382 1207 423 sed
1229 382 1268 422 in
1292 382 1395 422 aliud
1419 389 1567 436 tempus
1590 398 1651 424 re-

173 455 327 496 seruari
359 454 539 494 arbitrati
571 454 773 494 discedere
805 467 824 492 a
859 452 971 492 nobis
1004 459 1042 492 et
1071 465 1210 491 nouam
1242 457 1432 504 temptare
1456 450 1650 489 fortunam

174 536 374 575 nouasque
406 522 598 562 amicitias
631 520 805 575 experiri
839 521 1143 560 constituerunt.
1187 516 1241 558 Et
1272 532 1357 558 cum
1379 518 1513 571 paucis
1537 517 1654 557 collo·
1676 518 1703 557 4

177 591 255 631 cuti
286 589 492 630 clientibus
523 590 628 639 suis,
661 588 799 641 quibus
830 593 980 627 tantum
1005 587 1157 626 facinus
1180 585 1422 626 committere
1443 584 1655 634 audebant,

175 659 338 713 primum
363 658 492 698 conati
524 664 615 697 sunt
646 657 885 710 praefectum
919 655 1091 707 equitum
1136 651 1184 694 C.
1220 652 1466 694 Volusenum
1506 652 1657 692 interfi-

175 740 280 776 cere,
309 735 349 766 ut
371 733 506 781 postea
527 725 627 765 bello
651 724 831 764 confecto
855 722 1053 775 cognitum
1078 727 1151 770 est,
1171 729 1211 761 ut
1233 736 1318 761 cum
1341 734 1505 761 munere
1527 719 1656 774 aliquo

179 795 398 848 perfugisse
421 794 467 834 ad
493 791 716 846 Pompeium
742 791 994 840 uiderentur3
1030 795 1233 843 postquam
1256 789 1292 828 id
1315 788 1507 829 difficilius
1529 788 1656 828 uisum
1680 786 1704 828 5

178 869 262 911 cst,
297 876 422 915 neque
446 861 612 901 facultas
636 859 858 914 perficiendi
883 858 1072 907 dabatur⁷
1098 870 1210 909 quam
1233 856 1424 897 maximas
1449 863 1661 910 potuerunt

180 930 362 984 pecunias
386 929 565 977 mutuati,
583 928 745 982 proinde
767 941 812 967 ac
834 926 914 966 suis
937 925 1169 965 satisfacere
1193 931 1230 964 et
1252 925 1428 964 fraudata
1448 925 1661 965 restituere

177 998 350 1044 uellent,
385 997 517 1036 multis
552 995 740 1048 coc‘mptis
764 993 872 1046 equis
896 994 942 1033 ad
965 991 1197 1046 Pompeium
1219 992 1463 1032 transierunt
1485 1006 1569 1032 cnm
1592 991 1656 1042 iis,

177 1079 274 1118 quos
298 1064 356 1104 sui
381 1063 536 1104 consilii
560 1063 769 1117 participes
794 1061 1002 1103 habebant.
1039 1059 1150 1114 Quos
1173 1058 1399 1113 Pompeius‚
1426 1060 1527 1112 quod
1550 1066 1659 1100 erant
1684 1058 1735 1103 61

178 1133 345 1173 honesto
378 1133 465 1172 loco
505 1131 587 1171 nati
619 1138 660 1171 et
688 1131 873 1171 instructi
904 1129 1124 1170 liberaliter
1154 1141 1374 1182 magnoque
1407 1128 1594 1167 comitatu
1625 1134 1663 1167 et

180 1202 311 1241 multis
342 1199 528 1240 iumentis
562 1206 753 1240 uenerant
784 1199 935 1252 uirique
966 1198 1089 1238 fortes
1121 1196 1367 1236 habebantur
1397 1195 1495 1235 etin
1514 1195 1663 1235 honore

178 1270 276 1323 apud
293 1266 505 1309 Caesarem
532 1268 701 1316 fuerant,
728 1267 906 1320 quodque
929 1281 1075 1306 nouum
1099 1272 1138 1305 et
1160 1271 1316 1319 praeter
1338 1263 1662 1303 consuetudinem

181 1337 391 1383 acciderat,
416 1336 542 1375 onmia
566 1349 635 1375 sua
658 1335 853 1390 praesidia
877 1334 1142 1375 circumduxit
1163 1340 1277 1386 atque
1300 1331 1529 1371 ostentauit.
1559 1330 1663 1371 Nam
1685 1331 1713 1371 2

181 1413 271 1445 ante
302 1405 337 1444 id
362 1412 511 1458 tempus
535 1418 648 1444 nemo
671 1411 736 1444 aut
758 1404 869 1444 miles
892 1410 959 1443 aut
981 1416 1100 1456 eques
1123 1417 1143 1442 a
1168 1398 1343 1442 Caesare
1366 1400 1411 1438 ad
1435 1397 1665 1452 Pompeium

183 1473 410 1522 transierat,
428 1487 511 1512 cum
536 1487 659 1526 paene
682 1473 826 1512 cotidie
848 1486 869 1511 a
886 1471 1071 1525 Pompeio
1095 1470 1142 1510 ad
1156 1466 1370 1510 Caesarem
1393 1467 1661 1522 perfugercnt,

182 1541 297 1594 uulgo
332 1554 426 1581 uero
459 1541 632 1581 uniuersi
668 1541 706 1580 in
729 1539 853 1594 Epiro
877 1547 992 1592 atque
1014 1537 1174 1578 Aetolia
1199 1535 1411 1589 conscripti
1433 1535 1577 1575 milites
1601 1549 1666 1575 ea-

181 1622 344 1662 rumque
376 1609 580 1662 regionum
612 1608 808 1655 omnium,
843 1621 942 1660 quae
974 1621 996 1646 a
1019 1603 1195 1647 Caesare
1226 1605 1480 1645 tenebantur.
1526 1599 1606 1643 Sed
1629 1602 1666 1643 hi
1689 1601 1714 1642 3

183 1677 350 1730 cognitis
382 1677 562 1717 omnibus
596 1677 714 1717 rebus
732 1707 741 1725 ,
777 1691 847 1716 seu
872 1676 961 1729 quid
983 1676 1020 1715 in
1044 1673 1326 1714 munitionibus
1350 1673 1563 1726 perfectum
1588 1685 1667 1712 non

183 1751 292 1794 erat,
329 1758 399 1784 sen
432 1745 522 1797 quid
555 1759 573 1784 a
608 1744 862 1798 peritioribus
893 1743 951 1784 rei
983 1742 1163 1782 militaris
1195 1740 1409 1780 desiderari
1442 1738 1665 1788 uidebatur,

186 1813 504 1866 temporibusque
535 1826 668 1852 rerum
701 1819 740 1852 et
762 1812 899 1866 spatiis
921 1812 1097 1851 locorum
1116 1841 1126 1860 ,
1161 1808 1426 1849 custodiarum
1450 1806 1561 1846 uaria
1584 1806 1670 1846 dili-

185 1880 319 1934 gentia
341 1880 630 1930 animaduersa,
651 1887 766 1934 prout
788 1880 975 1933 cuiusque
998 1893 1151 1926 eorum,
1169 1877 1232 1930 qui
1255 1876 1424 1927 negotiis
1441 1882 1668 1929 praeerant,

184 1956 251 1988 aut
273 1955 412 1988 natura
435 1955 500 1988 aut
521 1949 690 1989 studium
716 1949 892 1998 serebat,
927 1948 1023 1988 llaec
1047 1947 1093 1987 ad
1117 1944 1344 1999 Pompeium
1368 1943 1498 1984 omnia
1523 1944 1673 1984 detule-

184 2023 291 2056 runt.
337 2013 489 2068 Quibus
521 2017 587 2057 ille
622 2017 789 2071 cognitis
813 2015 1111 2069 eruptionisque
1133 2014 1208 2054 iam
1233 2020 1324 2052 ante
1348 2019 1461 2065 capto
1485 2012 1666 2062 consilio,
1689 2011 1747 2056 62

188 2090 228 2123 ut
251 2084 558 2124 demonstratum
583 2092 656 2134 cst,
685 2085 900 2139 tegimenta
922 2083 1045 2136 galeis
1068 2082 1210 2121 milites
1235 2095 1286 2120 ex
1310 2079 1517 2120 uiminibns
1541 2080 1672 2120 facere

186 2158 299 2204 atque
335 2166 518 2205 aggerem
551 2153 657 2192 iubet
680 2159 942 2206 comportare.
989 2150 1062 2191 His
1086 2150 1234 2204 paratis
1258 2148 1374 2188 rebus
1397 2161 1578 2201 magnum
1603 2162 1674 2187 nu·
1695 2147 1721 2186 *2

186 2233 333 2259 merum
357 2219 453 2260 lenis
477 2228 699 2261 armaturae
722 2227 760 2260 et
781 2219 1076 2273 sagittariorum
1099 2229 1363 2271 aggeremque
1382 2229 1536 2256 omnem
1555 2223 1674 2256 noctu

185 2286 224 2327 in
256 2288 420 2341 scaphas
453 2296 492 2328 et
521 2303 645 2329 naues
676 2289 874 2329 actuarias
897 2287 1050 2341 inponit
1071 2293 1110 2326 et
1132 2286 1177 2326 de
1199 2285 1325 2325 media
1350 2291 1464 2324 nocte
1487 2284 1673 2325 cohortes

190 2362 247 2394 LX
277 2368 327 2395 ex
350 2357 534 2396 maximis
558 2357 700 2397 castris
724 2356 1008 2410 praesidiisque
1032 2355 1217 2395 deductas
1240 2353 1285 2392 ad
1310 2366 1394 2392 eam
1418 2360 1567 2407 partem
1591 2367 1675 2392 mu-

189 2422 379 2463 nitionum
411 2425 538 2475 ducit,
575 2439 674 2478 quae
706 2425 955 2479 pertinebant
976 2425 1022 2464 ad
1047 2437 1154 2463 mare
1176 2420 1483 2476 longissimeque
1505 2435 1525 2461 a
1550 2422 1676 2461 maxi-

332 2551 351 2582 2
370 2552 516 2584 liberare
535 2563 569 2583 a.
786 2553 805 2584 4
824 2552 994 2583 amicitias
1015 2551 1165 2594 experiri
1184 2561 1218 2590 (ι,
1240 2548 1390 2591 experiri
1409 2547 1579 2580 amicitias
1598 2549 1675 2580 edd.

334 2604 513 2636 collocutis
533 2616 566 2636 a.
709 2604 727 2636 6
748 2604 954 2636 interfecere
974 2608 1057 2635 ante
1076 2613 1168 2635 corr.
1190 2613 1223 2633 a.
1378 2600 1398 2631 8
1418 2600 1554 2631 facilius
1575 2611 1594 2631 (1
1609 2602 1626 2631 b
1646 2604 1679 2631 el

193 2663 237 2682 ''¹-
255 2662 313 2693 ἢν.
335 2664 363 2683 c.
509 2656 547 2687 10
567 2656 707 2698 proinde
731 2654 886 2695 ‘omncs'‚
910 2656 1050 2697 perinde
1071 2654 1139 2696 (a).
1285 2652 1319 2684 11
1344 2662 1417 2682 cum
1434 2652 1486 2682 his
1500 2662 1533 2682 α.

199 2704 234 2734 15
256 2702 394 2734 fuerunt
415 2704 511 2736 “mss,
532 2706 575 2737 θ’.
724 2706 759 2737 16
775 2709 859 2747 post
878 2706 1048 2748 praesidia
1066 2706 1198 2746 repetit
1213 2713 1319 2735 suaa.
1463 2702 1502 2733 18
1516 2712 1600 2743 pene
1615 2703 1677 2737 (a).

338 2756 379 2789 &20
400 2756 452 2787 hic
470 2767 504 2787 α.
643 2758 685 2789 23
705 2759 935 2790 custodiarum
956 2768 1031 2798 ego,
1054 2758 1085 2789 in
1106 2756 1338 2788 custodiarum
1358 2765 1377 2784 a
1391 2754 1408 2784 b
1422 2753 1494 2785 cd:
1515 2758 1548 2784 ct
1567 2758 1677 2783 custo—

198 2806 329 2836 diarum
349 2817 382 2836 11.
525 2807 614 2838 uiria
632 2818 652 2838 α
667 2809 730 2848 bd,
750 2809 804 2839 nir
823 2819 934 2840 uacuo
953 2810 1072 2851 spatio
1091 2809 1295 2848 eaecipienlc
1313 2816 1342 2835 c.
1485 2804 1526 2834 ‘25
1548 2804 1680 2834 detule-

200 2862 276 2888 rant
294 2868 313 2888 (ι
336 2860 431 2888 ἤνιδε.
449 2857 613 2899 plerique
631 2863 667 2889 et
684 2860 924 2891 vetuslz'ores'.
1067 2860 1110 2892 28
1130 2858 1224 2888 iubct
1243 2859 1456 2897 comportare
1475 2866 1506 2889 ιι,
1530 2867 1681 2898 compor-

198 2914 270 2941 tare
290 2910 381 2941 iubet
401 2909 477 2940 edd.
645 2911 850 2952 comparatis
871 2912 900 2942 b.
1072 2911 1113 2942 30
1132 2909 1262 2951 inponit
1281 2918 1314 2938 (ι.
1455 2907 1493 2939 31
1518 2907 1573 2950 es]
1595 2913 1629 2940 et
1646 2919 1679 2940 a.

1396 2961 1481 3003 38*
