1835 3240
75 144 159 187 554
644 144 719 187 DE
750 144 939 188 BELLO
972 143 1147 188 CIVILI

152 257 272 298 nione
293 270 381 298 esse
403 258 568 306 confido,
594 266 739 312 quanto
761 259 856 298 haec
879 258 1124 300 dissimulare
1147 267 1186 300 et
1208 261 1408 311 occultari,
1435 277 1547 315 quam
1564 276 1633 316 per

106 324 133 365 6
155 339 226 366 nos
250 326 471 366 confirmari
494 327 695 380 praestet?
735 326 800 365 An
824 340 917 376 non,
944 327 996 366 uti
1019 329 1196 381 corporis
1219 329 1410 379 uulnera,
1435 330 1488 370 ita
1513 344 1630 370 exer-

152 393 251 434 citus
274 394 518 434 incommoda
549 400 640 433 sunt
672 394 868 446 tegenda,
906 408 955 434 ne
988 408 1096 448 spem
1129 395 1369 436 aduersariis
1391 398 1631 450 augeamus?

104 460 131 501 7
150 459 207 500 At
229 460 370 510 etiam,
404 468 445 500 ut
474 460 599 499 media
629 467 744 501 nocte
765 461 1081 514 proficiscamur,
1113 463 1285 513 addunt,
1320 478 1394 516 quo
1425 465 1628 514 maiorem,

151 529 284 578 credo,
308 528 504 567 licentiam
527 527 719 578 habeant,
744 529 807 581 qui
831 543 994 583 peccare
1017 537 1222 570 conentur.
1283 529 1465 584 Namque
1497 533 1627 572 huius-

151 597 254 636 modi
275 610 340 636 res
363 602 431 634 aut
453 594 600 648 pudore
622 603 688 636 aut
711 603 816 636 metu
841 604 1046 648 tenentur,
1073 598 1209 650 quibus
1231 598 1349 638 rebus
1363 613 1446 638 nox
1461 601 1632 640 maxime

104 662 131 705 8
152 663 380 704 aduersaria
405 669 481 703 est.
527 660 661 715 Quare
686 677 810 717 neque
832 665 928 704 tanti
952 679 1037 705 sum
1059 665 1201 716 animi,
1237 673 1279 705 ut
1300 666 1386 706 sine
1409 680 1478 720 spe
1501 675 1632 708 castra

152 731 408 785 oppugnanda
432 744 629 781 censeam,
655 746 782 785 neque
806 732 901 771 tanti
926 732 1094 782 timoris,
1120 740 1161 773 ut
1183 734 1265 787 ipse
1288 733 1489 784 deficiam,
1516 742 1632 788 atque

151 799 283 839 omnia
304 798 411 852 prius
435 799 674 852 experienda
696 799 866 839 arbitror
887 813 1104 853 magnaque
1137 815 1187 841 ex
1219 809 1329 854 parte
1364 801 1441 841 iam
1472 816 1533 842 me
1557 816 1634 842 una

74 866 129 910 32
151 867 351 906 uobiscum
375 867 420 906 de
442 879 485 906 re
507 867 691 907 iudicium
715 868 907 908 facturum
932 868 1114 908 confido'.
1154 868 1329 909 Dimisso
1353 870 1517 910 consilio
1541 884 1634 910 con-

149 934 295 973 tionem
319 935 486 974 aduocat
507 935 684 975 militum.
729 932 1037 986 Commemorat,
1064 951 1140 989 quo
1162 937 1214 976 sit
1235 950 1369 977 eorum
1393 951 1487 977 usus
1505 937 1633 978 studio

150 1002 197 1041 ad
220 998 437 1042 Corfinium
462 1000 637 1053 Caesar,
674 1010 716 1043 ut
748 1017 927 1057 magnam
959 1011 1105 1057 partem
1129 1002 1265 1044 Italiae
1296 1004 1485 1045 beneficio
1519 1012 1633 1058 atque

101 1070 128 1111 2
150 1070 384 1110 auctoritate
415 1084 550 1110 eorum
584 1085 693 1111 suam
725 1071 877 1111 fecerit.
935 1071 1035 1113 ‘Vos
1074 1072 1174 1112 enim
1208 1079 1458 1126 uestrumque
1489 1074 1633 1112 factum

150 1138 311 1188 omnia',
336 1138 477 1191 inquit,
504 1138 703 1193 ‘deinceps
726 1140 932 1194 municipia
956 1147 1047 1180 sunt
1069 1147 1204 1180 secuta
1220 1172 1230 1190 ,
1256 1155 1382 1193 neque
1406 1141 1490 1181 sine
1513 1154 1633 1180 cansa

151 1212 190 1245 et
222 1202 374 1246 Caesar
405 1206 640 1245 amicissime
682 1207 727 1247 de
769 1207 880 1247 uobis
911 1214 949 1248 et
979 1208 1033 1246 itti
1066 1208 1303 1261 grauissime
1342 1209 1631 1248 iudicauerunt.

147 1270 358 1325 Pompeius
384 1273 484 1312 enim
510 1274 614 1312 nullo
639 1274 786 1326 proelio
809 1275 941 1328 pulsus
967 1276 1088 1315 uestri
1125 1276 1216 1315 sacti
1240 1276 1479 1328 praeiudicio
1502 1276 1633 1315 demo-

148 1346 210 1379 tus
233 1338 345 1379 ltalia
369 1341 566 1391 excessit,
594 1337 746 1381 Caesar
768 1356 843 1392 me,
870 1356 981 1395 quem
1004 1342 1076 1382 sibi
1100 1343 1344 1383 carissimum
1369 1343 1518 1393 habuit,
1545 1357 1634 1397 pro-

145 1407 315 1447 uinciam
340 1405 514 1448 Siciliam
539 1416 654 1461 atque
677 1410 877 1460 Africam,
917 1412 1001 1451 sine
1025 1411 1162 1464 quibus
1187 1411 1318 1450 urbem
1343 1418 1460 1463 atque
1481 1409 1632 1450 Italiam

99 1473 124 1514 3
147 1476 247 1515 tueri
272 1490 350 1515 non
373 1482 515 1528 potest,
542 1484 699 1517 uestrae
721 1477 809 1518 fidei
834 1478 1040 1519 commisit.
1089 1478 1265 1529 Adsunt,
1291 1479 1353 1531 qui
1378 1493 1448 1518 uos
1473 1478 1634 1518 horten-

148 1549 226 1593 tur,
252 1550 294 1583 ut
315 1557 336 1583 a
360 1543 471 1583 nobis
495 1544 740 1585 desciscatis.
777 1544 881 1598 Quid
903 1547 1005 1587 enim
1029 1554 1088 1587 est
1109 1546 1185 1587 illis
1210 1548 1395 1601 optatius,
1421 1560 1531 1599 qnam
1556 1560 1634 1587 uno

147 1617 323 1665 tempore
353 1619 391 1652 et
424 1626 495 1652 nos
527 1612 813 1654 circumuenire
845 1622 884 1654 et
913 1629 982 1655 uos
1006 1616 1157 1655 nefario
1180 1616 1332 1656 scelere
1355 1614 1633 1669 obstringere?

100 1677 127 1717 4
149 1686 217 1718 aut
246 1679 336 1732 quid
366 1680 457 1720 irati
479 1680 640 1734 grauius
664 1681 710 1720 de
732 1682 845 1721 uobis
868 1683 1019 1723 sentire
1042 1691 1222 1736 possunt,
1249 1697 1361 1736 quam
1387 1690 1429 1722 ut
1451 1696 1517 1723 eos
1542 1695 1631 1735 pro-

147 1747 263 1796 datis,
289 1748 350 1800 qui
374 1763 417 1788 se
442 1748 550 1788 uobis
574 1749 702 1788 omnia
727 1749 869 1790 debere
890 1751 1079 1800 iudicant,
1104 1751 1142 1790 in
1167 1765 1300 1790 eorum
1318 1757 1546 1803 potestatem
1566 1764 1634 1789 ue-

99 1812 124 1852 5
148 1815 293 1864 niatis,
329 1816 390 1869 qui
425 1830 468 1855 se
500 1830 568 1869 per
590 1830 660 1855 uos
683 1817 833 1870 perisse
857 1818 1117 1858 existimant?
1158 1819 1223 1858 An
1254 1832 1349 1858 uero
1380 1818 1420 1857 in
1444 1816 1634 1870 Hispania

144 1895 209 1922 res
231 1890 363 1935 gestas
389 1881 574 1924 Caesaris
598 1898 675 1923 uon
699 1884 892 1925 audistis?
913 1886 1009 1926 duos
1032 1886 1163 1940 pulsos
1187 1887 1387 1927 exercitus
1404 1915 1414 1934 ,
1450 1885 1545 1924 duos
1568 1899 1633 1924 su-

145 1957 303 2003 peratos
327 1951 461 2000 duces,
488 1952 583 1991 duas
605 1959 786 2005 receptas
810 1954 1059 2006 prouincias?
1083 1954 1178 1993 haec
1199 1961 1285 1994 acta
1301 1953 1435 1994 diebus
1448 1960 1524 2000 XL,
1550 1952 1633 2005 qui-

98 2015 125 2056 6
146 2017 216 2057 bus
238 2018 276 2057 in
300 2025 550 2072 conspectum
575 2019 893 2061 aduersariorum
916 2022 1073 2062 uenerit
1095 2019 1273 2062 Caesar?
1329 2022 1411 2072 An,
1437 2021 1500 2074 qui
1523 2021 1634 2060 inco-

144 2085 269 2126 lumes
293 2087 483 2127 resistere
507 2101 582 2126 non
605 2095 833 2140 potuerunt,
859 2090 998 2142 perditi
1014 2090 1232 2130 resistant?
1255 2103 1324 2129 uos
1339 2089 1632 2129 autemincerta

143 2153 310 2194 uictoria
325 2152 539 2195 Caesarem
555 2155 681 2195 secuti
704 2156 911 2197 diiudicata
934 2157 1010 2197 iam
1034 2157 1122 2198 hetti
1147 2158 1303 2197 fortuna
1326 2157 1470 2196 uictum
1492 2169 1632 2208 sequa-

97 2219 122 2260 7
146 2221 270 2272 mini,
314 2237 400 2263 cum
432 2223 556 2263 uestri
589 2224 702 2263 officii
744 2225 915 2277 praemia
949 2225 1149 2278 percipere
1184 2224 1389 2264 debeatis?
1438 2222 1632 2264 Desertos

146 2288 246 2328 enim
270 2303 313 2330 se
337 2305 382 2330 ac
404 2291 579 2345 proditos
603 2304 623 2330 a
647 2291 759 2331 uobis
781 2292 917 2332 dicunt
931 2299 970 2333 et
983 2292 1125 2347 prioris
1139 2293 1377 2333 sacramenti
1392 2291 1630 2331 mentionem

291 2463 302 2494 1
327 2463 388 2493 hoe
410 2463 441 2493 b.
584 2463 753 2495 occultari
772 2464 822 2504 (a)
839 2464 868 2503 b,
891 2465 1065 2497 occultare
1085 2475 1118 2496 u.
1259 2465 1279 2497 2
1299 2464 1481 2505 praestetb
1495 2464 1511 2493 5
1526 2463 1628 2503 dem,

146 2517 299 2553 praestat
318 2514 367 2553 (a)
389 2513 435 2553 (ss
454 2518 589 2555 prest.).
732 2516 752 2546 4
770 2519 805 2545 at
822 2515 948 2555 Aldus,
970 2520 1029 2547 aut
1047 2515 1148 2547 codd.
1291 2515 1330 2546 10
1350 2514 1546 2545 concionem
1566 2513 1629 2554 (a).

292 2563 331 2595 14
351 2563 462 2593 omnia
483 2564 592 2604 inquit
611 2574 631 2594 α
649 2562 730 2604 (secl
747 2564 890 2606 inquid),
912 2565 1021 2607 inquit
1040 2565 1151 2596 omnia
1170 2564 1246 2596 edd.
1390 2565 1428 2596 15
1445 2563 1631 2595 ainirissis-

145 2624 196 2645 me
215 2624 248 2645 a.
391 2615 574 2654 gauissime
593 2617 654 2646 ab.
808 2616 847 2648 17
865 2618 1074 2658 prouinciam
1094 2627 1114 2648 a
1135 2617 1218 2647 ‘mei
1235 2617 1277 2657 4⁹,
1300 2617 1575 2659 prouinciamque
1595 2626 1629 2647 u.

292 2667 330 2699 18
350 2666 482 2708 urbem]
502 2668 594 2699 urbs.
617 2667 647 2698 ὃ.
668 2671 750 2698 onte
769 2678 861 2699 corr.
882 2679 916 2699 α.
1123 2669 1162 2701 19
1182 2670 1322 2709 adsunt]
1344 2669 1440 2700 nobis
1459 2668 1541 2699 add.
1561 2678 1580 2699 α
1596 2663 1627 2699 b.

289 2720 331 2751 ‘20
351 2720 538 2762 discedatis
559 2720 591 2751 b.
821 2721 862 2752 24
882 2720 1025 2762 periisse
1047 2721 1174 2753 Graeu.
1197 2725 1233 2753 ef
1247 2724 1322 2753 sino
1340 2723 1574 2753 annotatione
1592 2730 1629 2752 u.

291 2769 485 2813 Hispaniam
508 2771 538 2801 b.
678 2770 722 2802 27
741 2775 957 2812 conspectum
976 2772 995 2803 4
1013 2772 1115 2814 dett„
1138 2778 1321 2816 conspectu
1342 2773 1484 2814 reliqui.

145 2823 188 2855 ‘28
207 2822 339 2855 incerta
358 2823 482 2864 Aldus,
504 2827 599 2855 certa
617 2833 637 2854 α
659 2823 754 2854 ιλ17133.
768 2822 959 2864 plurimi'.

1667 877 1707 909 10

1669 1216 1707 1247 15

1664 2231 1706 2263 30
