1835 3240
71 867 112 899 10

75 1204 115 1236 15

77 1540 120 1575 20

549 133 734 177 COMM.
760 131 840 174 IIII
871 129 996 174 CAP.
1019 130 1221 174 29—33.
1615 130 1696 172 345

147 254 286 297 eastris
309 249 510 291 discedere
533 263 578 288 ac
600 262 693 289 suos
716 248 814 288 clam
837 261 889 288 ex
919 245 1026 299 agris
1057 244 1248 284 deducere
1281 250 1509 296 coeperunt.
1572 243 1628 284 At
1646 242 1699 287 31

145 319 321 369 Caesar,
361 318 436 357 etsi
470 316 640 357 nondum
671 330 806 356 eorum
837 313 1001 355 consilia
1035 317 1301 366 cognouerat,
1341 317 1471 349 tamen
1503 318 1542 350 et
1573 324 1626 351 ex

144 394 287 428 euentu
308 385 467 426 nauium
489 398 649 425 suarum
672 391 711 424 et
733 398 785 424 ex
807 397 869 432 eo,
895 382 997 435 quod
1023 380 1177 421 obsides
1201 378 1292 418 dare
1314 377 1623 427 intermiserant,

145 456 230 495 fore
251 454 305 504 id,
332 453 433 507 quod
455 452 611 502 accidit,
637 450 925 504 suspicabatur.
975 447 1114 502 Itaque
1137 447 1184 487 ad
1206 458 1342 486 omnes
1365 458 1478 484 casus
1501 444 1626 484 subsi-
1649 446 1675 486 2

147 523 208 563 dia
239 520 495 575 conparabat.
555 518 661 559 Nam
694 525 732 558 et
763 519 998 557 frumentum
1031 530 1082 556 ex
1115 515 1220 568 agris
1254 513 1398 554 cotidie
1427 512 1467 551 in
1500 517 1631 551 castra

145 590 375 630 conferebat
398 595 436 628 et
458 601 556 641 quae
580 585 827 641 grauissnme
849 584 1028 624 adflictae
1051 589 1166 622 erant
1187 596 1325 631 naues,
1351 594 1485 621 earum
1508 585 1631 618 mate-

145 658 205 698 ria
226 664 345 712 atque
367 670 459 696 aere
482 655 529 695 ad
550 654 720 706 reliquas
753 652 986 692 reficiendas
1022 650 1206 690 utebatur
1228 657 1266 690 et
1288 663 1385 702 quae
1408 647 1456 688 ad
1477 660 1544 687 eas
1566 659 1630 686 res

145 731 259 765 erant
281 724 368 764 usui
391 737 443 764 ex
465 720 685 762 continenti
709 719 938 773 conportari
957 718 1132 758 iubebat.
1196 716 1347 769 Itaque,
1373 730 1459 756 cum
1481 726 1631 755 summo
1653 711 1678 752 3

146 792 275 831 studio
298 805 316 831 a
341 789 527 830 militibus
550 788 911 837 administraretur,
934 793 1000 826 XII
1023 785 1189 825 nauibus
1211 785 1382 835 amissis,
1406 781 1568 834 reliquis
1589 787 1634 820 ut

144 858 324 912 nauigari
347 856 547 897 commode
570 862 728 909 posset,
764 854 908 894 effecit.
952 852 1056 893 Dum
1080 867 1125 893 ea
1148 860 1363 907 geruntur,
1398 851 1553 904 legione
1576 862 1629 889 ex
1649 846 1709 892 32

147 925 432 966 consuetudine
466 938 542 964 una
566 924 844 963 frumentatum
867 921 1012 969 missa,
1038 934 1136 974 quae
1159 920 1428 974 appellabatur
1449 917 1630 972 septima,

146 1007 272 1045 neque
294 993 373 1032 ulla
394 992 442 1033 ad
465 991 501 1031 id
524 998 675 1044 tempus
698 990 789 1030 belli
812 989 1035 1043 suspicione
1058 989 1318 1041 interposita,
1344 1001 1429 1027 cum
1454 999 1543 1039 pars
1566 985 1636 1024 ho-

147 1061 294 1101 minum
316 1060 356 1100 in
380 1059 485 1114 agris
507 1064 746 1108 remaneret,
772 1071 863 1111 pars
887 1058 1005 1097 etiam
1026 1056 1066 1096 in
1090 1063 1223 1096 castra
1245 1055 1478 1102 uentitaret,
1502 1053 1547 1103 ii,
1572 1052 1637 1105 qui

148 1143 218 1182 pro
240 1128 364 1182 portis
388 1133 604 1167 castrorum
628 1126 668 1166 in
691 1125 863 1165 statione
887 1131 1022 1174 erant,
1056 1122 1223 1165 Caesari
1246 1122 1529 1163 nuntiauerunt
1552 1120 1637 1173 pul-

147 1210 279 1236 uerem
302 1195 506 1244 maiorem,
532 1208 647 1247 quam
671 1193 916 1234 consuetudo
939 1194 1076 1242 ferret,
1101 1192 1141 1231 in
1165 1206 1210 1231 ea
1233 1197 1342 1245 parte
1355 1188 1498 1238 uideri,
1523 1201 1640 1240 quam

148 1264 189 1303 in
213 1270 360 1316 partem
393 1262 495 1316 legio
518 1262 595 1302 iter
617 1261 792 1302 fecisset.
837 1259 991 1301 Caesar
1021 1261 1085 1308 id,
1120 1259 1221 1313 quod
1253 1265 1362 1309 erat,
1396 1256 1636 1310 suspicatus,
1657 1253 1686 1295 2

152 1330 296 1384 aliquid
317 1330 410 1370 noui
433 1344 455 1369 a
476 1329 655 1369 barbaris
678 1329 814 1368 initum
840 1329 1011 1379 consilii,
1039 1328 1220 1368 cohortes
1239 1358 1248 1377 ,
1275 1340 1374 1380 quae
1396 1326 1436 1365 in
1457 1323 1640 1364 stationi-

152 1398 223 1438 bus
246 1405 375 1448 erant,
400 1412 531 1438 secum
555 1397 690 1437 ineam
714 1403 863 1450 partem
886 1397 1094 1450 proficisci,
1120 1410 1173 1436 ex
1193 1395 1356 1447 reliquis
1380 1393 1474 1433 duas
1496 1392 1537 1432 in
1559 1398 1640 1431 sta-

152 1467 298 1506 tionem
322 1466 505 1506 cohortes
528 1465 760 1514 succedere,
785 1464 957 1516 reliquas
980 1464 1124 1504 armari
1149 1472 1189 1503 et
1210 1461 1416 1503 confestim
1437 1473 1525 1500 sese
1547 1458 1640 1499 sub-

151 1533 262 1586 sequi
284 1533 414 1574 iussit.
469 1530 569 1574 Cum
605 1532 717 1586 paulo
740 1532 896 1585 longius
928 1545 951 1571 a
976 1531 1117 1571 castris
1147 1529 1433 1583 processisset,
1468 1541 1562 1568 suos
1592 1526 1639 1567 ab
1661 1525 1686 1566 3

154 1601 331 1641 hostibus
354 1601 477 1653 premi
500 1607 615 1652 atque
637 1613 755 1653 aegre
777 1599 974 1639 sustinere
997 1605 1035 1638 et
1061 1599 1241 1638 conferta
1262 1597 1419 1650 legione
1442 1610 1494 1636 ex
1517 1594 1641 1635 omni—

153 1668 224 1708 hus
247 1667 424 1720 partibus
447 1666 524 1706 tela
548 1666 675 1706 conici
697 1665 991 1704 animaduertit.
1026 1663 1129 1704 Nam
1153 1665 1255 1720 quod
1278 1665 1383 1703 omni
1405 1678 1457 1703 ex
1478 1662 1640 1715 reliquis
1661 1661 1689 1701 4

153 1735 328 1789 partibus
352 1735 530 1774 demesso
553 1734 750 1773 frumento
773 1746 863 1786 pars
887 1746 963 1772 una
986 1738 1072 1772 erat
1092 1732 1265 1785 reliqua,
1297 1731 1485 1785 suspicati
1507 1731 1642 1770 hostes

154 1803 228 1842 huc
250 1809 406 1842 nostros
430 1815 518 1841 esse
540 1808 733 1841 uenturos
756 1807 874 1840 noctu
896 1800 936 1840 in
958 1799 1068 1840 siluis
1092 1799 1356 1850 delituerant3
1389 1806 1469 1839 tum
1493 1799 1643 1853 disper-
1664 1795 1689 1837 5

154 1883 219 1910 sos
242 1870 429 1924 depositis
452 1870 572 1910 armis
606 1870 648 1910 in
678 1868 860 1909 metendo
893 1874 1102 1922 occupatos
1125 1867 1256 1908 subito
1279 1867 1406 1908 adorti
1428 1867 1561 1922 paucis
1582 1866 1644 1907 in-

156 1938 335 1978 terfectis
358 1938 531 1992 reliquos
554 1937 718 1978 incertis
741 1936 943 1977 ordinibus
966 1936 1313 1990 perturbauerant,
1338 1935 1645 1988 simulequitatu

159 2012 274 2059 atque
297 2006 445 2047 essedis
469 2005 824 2046 circumdederant.
877 2002 1015 2045 Genus
1038 2005 1110 2044 hoc
1134 2010 1194 2044 est
1216 2018 1268 2044 ex
1291 2004 1441 2044 essedis
1473 2015 1641 2058 pugnae.
1665 2000 1722 2045 33

157 2071 294 2114 Primo
324 2088 394 2128 per
416 2087 551 2114 omnes
574 2080 706 2128 partes
728 2074 977 2127 perequitant
999 2080 1037 2114 et
1068 2072 1147 2113 tela
1178 2073 1380 2113 coniciunt
1410 2078 1527 2125 atque
1558 2071 1644 2125 ipso

303 2161 318 2193 1
340 2160 394 2203 ac]
414 2161 705 2202 autABCDE,
728 2160 874 2203 ethes.
1046 2160 1086 2191 ad
1108 2159 1235 2192 Caesar
1255 2160 1297 2192 B.
1475 2160 1556 2192 2ex
1575 2168 1644 2190 om.

158 2212 204 2244 D.
360 2212 377 2243 5
398 2212 608 2253 conparabat
624 2212 667 2243 B.
820 2212 838 2243 6
858 2210 1071 2251 grauissume
1090 2211 1133 2242 B.
1299 2211 1457 2243 adflictae
1474 2210 1548 2242 AB
1561 2210 1645 2242 CD.

302 2263 322 2294 8
342 2261 396 2303 ex]
417 2262 449 2293 in
471 2262 502 2293 b.
726 2262 939 2305 (conportari
958 2262 1003 2303 B)
1029 2262 1219 2304 comparari
1240 2262 1257 2293 b
1271 2261 1363 2303 def.
1571 2269 1647 2291 cum

163 2323 289 2345 summo
317 2314 391 2346 AB
406 2314 674 2356 CDEf‘mss.
696 2314 767 2356 12’,
796 2325 870 2346 cum
894 2315 927 2346 id
952 2325 1079 2346 summo
1099 2325 1133 2346 u.
1338 2314 1356 2346 9
1377 2313 1553 2345 duodecim
1574 2311 1647 2354 (B).

307 2366 347 2399 10
365 2367 487 2409 possit,
509 2367 609 2398 efficit
630 2368 659 2398 b.
803 2367 841 2399 11
864 2377 930 2398 una
949 2377 1017 2398 om.
1040 2367 1072 2398 b.
1211 2366 1478 2408 apellabaturf,
1503 2364 1653 2407 appella-

165 2421 220 2448 tur
239 2418 270 2449 b.
412 2418 451 2451 13
470 2419 503 2450 in
523 2419 649 2449 castris
666 2419 707 2450 E.
851 2419 874 2449 ii
892 2418 965 2450 Al)
981 2418 1035 2459 Ε,
1055 2419 1064 2449 i
1084 2418 1136 2457 B,·
1157 2417 1238 2460 his.
1382 2418 1438 2459 qui
1465 2427 1525 2459 por
1543 2415 1650 2459 portis

166 2478 213 2499 m.
231 2479 286 2510 pr.
305 2470 346 2501 B.
492 2470 533 2502 14
551 2470 797 2501 nuntiauerunt
815 2470 845 2502 B
859 2470 929 2501 CD
942 2470 972 2501 E
989 2469 1199 2511 ‘pler-z'que’,
1221 2469 1510 2501 renuntiauerunt
1528 2467 1621 2509 (Aa)
1636 2470 1652 2498 Ζ)

160 2520 217 2560 fu
235 2519 296 2562 (—
313 2522 493 2554 ciauerunt
511 2522 607 2562 (B)).
783 2521 822 2553 16
843 2521 932 2553 inter
951 2520 1093 2552 fecisset
1110 2524 1193 2552 ante
1214 2531 1307 2552 corr.
1327 2522 1369 2552 Β.
1530 2519 1570 2551 17
1589 2519 1651 2550 ali-

168 2571 311 2613 quidque
329 2574 374 2604 D.
486 2584 608 2605 nouum
629 2575 660 2605 b.
798 2574 840 2606 18
859 2584 902 2605 ex
920 2573 1063 2615 reliquis
1083 2574 1167 2605 duas
1185 2574 1317 2613 ABE,
1340 2573 1424 2604 duas
1444 2583 1486 2605 ex
1505 2572 1650 2613 reliquis

171 2622 337 2663 C?esu:
358 2624 454 2655 ‘mss-
475 2636 595 2657 omnes
615 2627 699 2658 duas
718 2636 759 2658 ex
779 2626 919 2668 reliquis
939 2626 999 2656 uel
1017 2636 1056 2657 ex
1076 2625 1219 2668 reliquis
1239 2626 1355 2657 duas'.
1473 2625 1513 2657 19
1533 2625 1653 2656 cohor-

172 2672 445 2714 tesABCDE,
467 2685 535 2706 om.
557 2677 641 2718 bes.
806 2687 843 2708 se
862 2676 1072 2717 subsequis.
1237 2676 1276 2710 21
1301 2680 1460 2707 conserta
1477 2676 1506 2706 b.

171 2725 213 2756 ‘22
232 2725 377 2757 animum
395 2727 591 2770 aduertits-
753 2732 796 2766 23
816 2741 882 2764 una
900 2733 1026 2775 parss.
1189 2732 1231 2766 26
1251 2732 1540 2774 perturbaueruut
1555 2727 1649 2768 Ebs.

313 2778 354 2809 27
375 2777 490 2819 atque]
509 2790 551 2811 ex
569 2781 651 2813 add.
673 2781 704 2813 b.
912 2783 1213 2815 circumdederunt
1232 2784 1270 2823 b,
1293 2783 1591 2815 circumdauerant
1608 2780 1650 2812 A.

316 2827 358 2860 28
377 2828 531 2869 equitant
551 2831 581 2863 b.
