1835 3240
103 142 186 186 636
628 142 801 186 BELLI
821 141 1226 184 ALEXANDRINI

180 256 398 311 documque
419 257 500 297 fors
524 256 734 307 obtulerat,
765 256 1086 311 procurrentibus
1109 263 1148 297 et
1169 257 1460 312 erumpentibus
1483 256 1660 298 Alexan-

181 324 305 365 drinis
335 339 490 366 manum
516 356 525 365 .
554 356 562 365 .
592 355 601 365 .
629 355 638 364 .
664 323 942 377 comprehendi
971 324 1134 364 multum
1167 325 1348 378 operibus
1383 356 1391 365 .
1420 356 1428 364 .
1457 355 1466 365 .
1496 356 1504 365 .
1531 331 1567 364 et
1599 338 1662 364 ar-

131 392 159 433 2
181 392 362 433 dentibus
385 393 521 434 studiis
544 392 709 432 militum
725 423 734 441 ,
760 405 833 431 nec
856 392 1057 445 diuulgata
1079 389 1266 432 Caesaris
1289 392 1458 433 hortatio
1480 391 1662 445 subsequi

177 460 377 516 legionum
400 468 468 501 aut
488 459 660 499 laborem
683 466 750 499 aut
770 460 965 513 pugnandi
988 466 1142 513 poterat
1164 459 1415 513 cupiditatem
1430 491 1440 509 ,
1472 467 1514 500 ut
1534 460 1659 513 magis

178 528 402 570 deterrendi
432 535 470 568 et
502 527 729 567 continendi
759 540 782 567 a
811 526 1158 580 periculosissimis
1189 535 1324 568 essent
1346 527 1658 568 dimicationibus

100 595 158 641 23
176 611 288 651 quam
311 595 500 636 incitandi
522 595 569 635 ad
591 594 855 649 pugnandum.
898 594 1180 645 Alexandrini,
1206 610 1292 635 cum
1313 594 1515 635 Romanos
1538 604 1578 637 et
1597 610 1660 637 se·

178 664 315 705 eundis
348 663 466 703 rebus
498 663 723 703 confirmari
755 670 794 703 et
816 663 992 704 aduersis
1014 663 1174 703 incitari
1196 663 1376 704 uiderent
1397 677 1523 717 neque
1546 664 1663 705 ullum

176 732 269 773 belli
300 731 458 771 tertium
481 744 614 771 casum
637 738 826 782 nossent,
860 746 936 785 quo
960 738 1122 786 possent
1143 745 1231 773 esse
1252 731 1447 772 firmiores
1464 762 1474 781 ,
1506 738 1550 771 ut
1571 746 1663 772 con-

177 800 328 841 iectura
361 799 547 852 consequi
577 813 810 853 possumus,
845 806 912 839 aut
944 799 1131 840 admoniti
1162 814 1184 840 a
1214 800 1321 855 regis
1343 799 1503 849 amicis,
1539 799 1664 853 quiin

181 865 369 908 Caesaris
392 874 506 908 erant
528 867 750 921 praesidiis,
766 873 832 907 aut
854 881 927 907 suo
950 867 1081 922 priore
1103 868 1268 908 consilio
1290 881 1360 922 per
1376 867 1552 908 occultos
1570 881 1668 908 nun-

177 936 254 976 tios
276 935 361 991 regi
384 935 547 990 probato
569 935 721 990 legatos
745 936 792 976 ad
815 933 1032 977 Caesarem
1052 936 1247 977 miserunt
1261 967 1271 987 ‚
1307 943 1350 976 ut
1371 936 1584 976 dimitteret
1604 949 1668 976 re-

129 1003 157 1045 2
177 1017 264 1058 gem
297 1004 543 1057 transireque
575 1004 623 1044 ad
653 1017 747 1044 suos
778 1010 1003 1058 pateretur:
1038 1011 1215 1059 paratam
1246 1005 1348 1045 euim
1380 1003 1667 1044 multitudinem

178 1086 268 1113 esse
299 1073 517 1112 confectam
550 1073 679 1113 taedio
711 1072 863 1126 puellae
885 1071 1086 1113 fiduciaria
1108 1071 1374 1113 dominatione
1395 1071 1668 1113 crudelissima

129 1139 155 1181 3
178 1139 420 1195 Ganymedis
443 1141 574 1181 facere
596 1141 649 1191 id,
668 1141 769 1194 quod
791 1154 866 1180 rex
887 1140 1144 1194 imperasset3
1169 1155 1245 1193 quo
1268 1140 1303 1180 si
1324 1146 1486 1180 auctore
1507 1139 1548 1179 in
1563 1136 1667 1179 Cae-

177 1209 279 1249 saris
313 1209 426 1248 fidem
448 1208 737 1261 amicitiamque
762 1207 917 1248 uenturi
940 1214 1076 1248 essent
1091 1238 1100 1255 ‚
1133 1208 1278 1248 nullius
1301 1207 1464 1261 periculi
1487 1207 1668 1247 timorem

101 1276 160 1322 24
177 1276 416 1317 multitudini
448 1277 532 1316 sore
563 1276 868 1330 impedimento,
903 1290 978 1328 quo
1011 1275 1139 1315 minus
1175 1288 1218 1316 se
1250 1275 1453 1316 dederent.
1496 1272 1665 1324 Caesar,

179 1344 254 1385 etsi
285 1344 462 1384 fallacem
485 1351 642 1397 gentem
665 1357 896 1399 semperque
920 1344 996 1384 alia
1018 1343 1282 1397 cogitantem,
1319 1344 1397 1384 alia
1418 1342 1668 1384 simulantem

177 1412 278 1453 bene
311 1412 509 1466 cognitam
539 1412 731 1462 habebat,
767 1419 899 1452 tamen
921 1412 1142 1466 petentibus
1165 1412 1258 1453 dare
1280 1412 1437 1452 ueniam
1463 1410 1558 1451 utile
1580 1423 1669 1451 esse

128 1480 157 1522 2
177 1480 329 1530 statuit,
355 1480 473 1535 quod,
498 1480 532 1521 si
554 1494 629 1534 quo
652 1487 765 1535 pacto
788 1480 984 1521 sentirent
1007 1495 1070 1532 ea,
1098 1494 1196 1534 quae
1218 1479 1486 1535 postularent,
1513 1492 1668 1519 mansu-

176 1563 263 1589 rum
285 1549 326 1589 in
348 1549 422 1590 fide
444 1548 646 1590 dimissum
668 1563 802 1603 regem
826 1548 1038 1599 credebat,
1073 1549 1135 1589 sin
1149 1580 1160 1598 ,
1184 1549 1224 1589 id
1246 1549 1347 1602 quod
1367 1548 1491 1604 magis
1512 1548 1669 1589 illorum

179 1624 345 1658 naturae
377 1617 665 1668 conueniebat,
700 1617 836 1658 ducem
869 1618 917 1658 ad
946 1616 1089 1658 bellum
1120 1617 1335 1671 gerendum
1365 1631 1502 1671 regem
1524 1616 1669 1657 habere

178 1686 351 1737 uellent,
385 1685 623 1740 splendidius
646 1693 764 1742 atque
785 1686 990 1727 honestius
1013 1700 1056 1726 se
1078 1693 1216 1726 contra
1238 1699 1372 1739 regem
1394 1699 1508 1738 quam
1530 1691 1669 1725 contra

131 1751 157 1794 3
179 1768 445 1795 conuenarum
468 1768 513 1795 ac
535 1755 790 1808 fugitiuorum
811 1768 969 1795 inanum
992 1754 1132 1794 bellum
1155 1767 1243 1794 esse
1266 1760 1484 1808 gesturum.
1531 1751 1671 1806 Itaque

177 1836 312 1877 regem
336 1822 580 1872 cohortatus,
605 1830 649 1862 ut
670 1823 897 1863 consuleret
917 1835 1041 1877 regno
1063 1828 1229 1876 paterno
1245 1853 1255 1872 ,
1291 1828 1473 1876 parceret
1493 1820 1671 1874 praecla-

178 1890 359 1931 rissimae
381 1890 556 1945 patriae,
586 1904 684 1944 quae
706 1891 882 1945 turpibus
900 1891 1094 1931 incendiis
1113 1897 1152 1930 et
1167 1890 1293 1930 ruinis
1312 1896 1420 1930 esset
1438 1890 1669 1939 deformata,

180 1958 288 1999 ciues
319 1972 413 1999 suos
445 1959 609 2013 primum
641 1959 690 1999 ad
718 1960 929 1999 sanitatem
959 1964 1192 2008 reuocaret,
1228 1957 1366 1998 deinde
1396 1963 1668 2007 conseruaret‚

180 2026 294 2067 fidem
316 2027 457 2081 populo
478 2026 662 2068 Romano
684 2026 835 2081 sibique
857 2033 1106 2082 praestaret,
1140 2040 1225 2066 cum
1246 2026 1333 2080 ipse
1354 2033 1504 2066 tantum
1528 2025 1563 2066 ei
1586 2039 1672 2066 cre-

182 2094 320 2146 deret,
346 2102 389 2135 ut
410 2095 458 2136 ad
479 2095 613 2137 hostes
637 2102 810 2136 armatos
833 2110 921 2137 eum
942 2094 1142 2145 mitteret,
1168 2095 1309 2135 dextra
1330 2094 1509 2135 dextram
1530 2101 1672 2134 tenens

133 2161 160 2202 4
182 2163 379 2205 dimittere
411 2165 540 2219 coepit
570 2164 703 2205 adulta
735 2165 813 2206 iam
835 2171 965 2206 aetate
986 2177 1165 2217 puerum.
1209 2162 1264 2203 At
1284 2163 1419 2216 regius
1442 2161 1591 2203 animus
1614 2160 1670 2200 di-

182 2231 358 2286 sciplinis
390 2232 653 2274 fallacissimis
688 2233 863 2273 eruditus
880 2264 891 2283 ,
925 2246 974 2272 ne
996 2246 1018 2272 a
1039 2232 1166 2287 gentis
1188 2245 1284 2272 suae
1306 2231 1481 2272 moribus
1503 2229 1671 2283 degene—

182 2307 314 2351 raret,
340 2301 436 2342 [lens
459 2315 574 2342 orare
597 2308 737 2342 contra
758 2299 975 2343 Caesarem
998 2300 1149 2355 coepit,
1184 2314 1232 2341 ne
1254 2313 1297 2341 se
1319 2299 1554 2340 dimitteret:
1590 2311 1669 2338 non

137 2367 162 2409 5
186 2369 287 2410 enim
310 2369 384 2410 sibi
405 2384 570 2424 reguum
590 2370 718 2425 ipsum
740 2376 956 2425 conspectu
971 2366 1161 2411 Caesaris
1184 2382 1272 2410 esse
1292 2366 1515 2408 iucundius.
1553 2362 1672 2406 Com-

183 2495 361 2537 docunque
381 2495 445 2537 (a).
587 2496 609 2529 2
628 2495 777 2527 lacunas
795 2505 858 2538 ego
877 2496 1099 2537 sz‘gnfficauz'.
1120 2494 1160 2526 P.
1183 2491 1259 2526 193.
1410 2489 1566 2533 multum]
1586 2490 1674 2522 mili-

181 2553 253 2580 tum
273 2548 304 2579 b.
445 2548 463 2580 6
483 2558 557 2579 cum
577 2558 645 2579 om.
665 2558 700 2579 α.
869 2547 889 2580 8
909 2547 965 2589 qui
983 2557 1047 2578 ac.
1212 2544 1250 2576 11
1272 2543 1345 2584 regi
1363 2543 1438 2575 cod.
1461 2542 1557 2582 Vrs„
1579 2542 1672 2583 regis

181 2599 330 2640 reliqui.
493 2598 533 2630 12
551 2598 802 2631 multitudinem
822 2609 843 2630 α
857 2599 887 2638 b,
909 2607 1040 2630 omnem
1058 2595 1308 2628 multitudinem
1328 2605 1362 2626 u.
1528 2594 1568 2626 13
1588 2593 1674 2625 fidu-

183 2650 292 2683 ciaria
311 2659 386 2691 ego,
409 2649 586 2681 fiduciario
605 2661 626 2682 α
642 2651 659 2682 b
673 2661 710 2690 05
730 2650 912 2682 fiduciario
931 2659 1035 2690 regno
1054 2659 1089 2680 u.
1233 2648 1274 2680 15
1287 2647 1546 2688 amiciciamque
1564 2657 1597 2687 a,
1620 2650 1672 2678 at-

184 2715 248 2747 que
269 2703 452 2735 amicitiam
473 2702 504 2734 b.
671 2703 711 2735 17
732 2703 761 2734 si
780 2713 815 2735 α.
1003 2702 1043 2734 19
1063 2705 1161 2744 pacto
1178 2700 1218 2732 P.
1238 2699 1438 2739 Manutius,
1460 2698 1551 2730 facto
1571 2698 1672 2730 codd.

329 2754 473 2786 sentiret
491 2763 512 2785 α
533 2753 628 2785 (νη-τε.
644 2753 835 2795 plerique'.
1031 2752 1075 2787 22
1093 2762 1130 2784 se
1150 2762 1170 2782 α
1190 2750 1267 2782 edd.
1287 2752 1439 2792 priores,
1461 2760 1538 2781 sese
1558 2748 1673 2781 Aldus

186 2816 292 2848 nepos
311 2816 346 2837 u.
488 2805 532 2838 24
549 2804 724 2848 parceret]
745 2810 779 2836 et
796 2804 880 2836 add.
900 2815 921 2836 a
936 2805 967 2836 11.
1125 2803 1168 2835 32
1187 2802 1253 2834 sibi
1271 2812 1410 2844 reguum
1430 2802 1538 2844 ipsum
1556 2811 1577 2833 a
1596 2800 1673 2833 Ste-

182 2857 340 2899 phanus,
361 2867 502 2898 regnum
520 2856 630 2900 ipsum
647 2855 713 2888 sibi
733 2858 870 2888 ceterae
889 2854 967 2887 edd.
1109 2854 1288 2886 iocundius
1307 2863 1341 2885 α.

1699 874 1740 908 10

1702 1213 1742 1246 15

1699 1553 1743 1587 20

1703 1896 1746 1930 25

1703 2235 1745 2268 30
