1835 3240
86 894 127 928 10

91 1234 130 1267 15

539 158 724 202 COMM.
758 157 778 200 I
809 155 932 199 CAP.
959 152 1142 207 54--211,
1163 154 1207 196 ⁵3.
1627 159 1709 203 291

157 278 256 333 quod
277 281 539 324 uererentur,
573 286 623 313 ne
655 272 759 313 omni
790 278 928 327 pacata
949 267 1081 311 Gallia
1111 270 1158 310 ad
1190 282 1259 310 cos
1282 271 1481 312 exercitus
1504 281 1640 315 noster

157 346 437 391 adduceretur;
464 341 628 392 deinde,
655 342 756 395 quod
778 340 825 380 ab
843 338 1039 380 nonnullis
1054 336 1180 377 Gallis
1198 337 1524 389 sollicitarentur,
1550 355 1639 394 par·
1661 340 1687 381 3

156 414 224 453 tim
248 411 312 465 qui
329 442 340 461 ,
377 418 417 450 ut
439 408 663 450 Germanos
686 409 832 449 diutius
855 408 894 447 iu
917 405 1044 447 Gallia
1069 405 1220 446 uersari
1242 405 1474 455 noluerant,
1498 407 1553 446 ita
1576 421 1642 460 po-

159 480 236 535 puli
258 478 427 519 Romani
451 478 668 518 exercitum
691 477 865 516 hiemare
887 482 1003 528 atquc
1025 474 1320 513 inueterascere
1348 473 1387 514 in
1411 472 1539 514 Gallia
1563 489 1643 514 mo-

160 549 260 589 leste
277 547 471 595 ferebant,
497 546 636 600 partim
659 545 722 597 qui
745 543 963 584 mobilitate
985 541 1196 582 etleuitate
1211 541 1328 581 animi
1344 542 1645 595 nouisimperiis

158 616 384 664 studebant,
410 615 455 654 ab
480 613 679 653 nonnullis
703 611 836 660 etiam,
862 611 962 664 quod
985 608 1200 650 inGalliaa
1222 609 1508 663 potentioribus
1531 616 1646 663 atque
1667 610 1693 650 4

159 683 224 734 iis,
250 684 313 737 qui
336 683 383 723 ad
406 681 679 722 conducendos
703 679 880 720 homines
902 678 1108 718 facultates
1131 677 1349 728 habebant,
1381 678 1499 732 uulgo
1521 691 1647 731 regna

160 751 477 806 occupabantur,
510 749 575 802 qui
598 748 725 788 minus
749 747 863 788 facile
886 761 970 787 eam
991 759 1075 785 rem
1105 745 1268 799 imperio
1301 753 1437 786 nostro
1460 746 1646 799 consequi

159 825 357 874 poteraut.
413 816 485 857 His
519 816 665 857 nuntiis
695 815 916 868 litterisque
938 820 1153 854 commotus
1176 810 1332 853 Caesar
1353 815 1449 854 duas
1471 814 1648 868 legiones
1670 815 1696 858 2

158 887 199 928 in
221 887 407 927 citeriore
422 883 551 925 Gallia
574 898 697 924 nouas
720 882 958 936 conscripsit
980 889 1018 922 et
1039 882 1136 922 inita
1159 888 1325 931 aestate,
1352 883 1392 922 in
1413 882 1646 923 interiorem

160 953 330 995 Galliam
353 954 418 1006 qui
440 953 667 1002 deduceret,
694 949 1057 1003 QuintumPedium
1079 951 1248 1005 legatum
1265 950 1383 990 misit.
1428 949 1532 1004 Ipse,
1558 965 1646 991 cum
1667 950 1695 992 2

160 1022 325 1076 primum
348 1021 477 1075 pabuli
500 1021 610 1074 copia
632 1034 720 1060 esse
742 1020 956 1073 inciperet,
992 1019 1038 1059 ad
1063 1018 1281 1059 exercitum
1305 1019 1427 1058 uenit.
1481 1018 1561 1059 Dat
1581 1033 1649 1060 ne·
1670 1016 1695 1058 3

162 1090 310 1144 gotium
333 1087 558 1130 Senonibus
581 1088 819 1142 reliquisque
842 1086 985 1137 Gallis,
1010 1087 1073 1140 qui
1097 1086 1250 1127 finitimi
1273 1084 1407 1140 Belgis
1431 1093 1566 1136 erant,
1592 1087 1650 1127 uti

164 1171 235 1208 ca,
260 1171 359 1210 quae
380 1157 481 1211 apud
513 1171 581 1197 eos
614 1163 819 1210 gerantur,
856 1161 1101 1209 cognoscant
1131 1169 1249 1208 seque
1272 1154 1318 1193 de
1342 1154 1399 1194 his
1423 1154 1542 1195 rebus
1565 1168 1650 1195 cer-

162 1226 301 1266 tiorem
327 1226 484 1265 faciant.
538 1225 591 1265 Hi
625 1231 856 1264 constanter
888 1237 1024 1264 omnes
1057 1223 1340 1263 nuntiauerant
1371 1236 1509 1262 manus
1543 1222 1646 1276 cogi,
1671 1223 1699 1263 4

166 1293 384 1334 exercitum
414 1294 454 1333 in
484 1307 602 1333 unum
634 1294 761 1333 locum
794 1292 976 1332 conduci.
1029 1290 1130 1331 Tum
1162 1305 1257 1331 uero
1289 1290 1541 1330 dubitandum
1572 1304 1650 1330 non
1674 1289 1699 1329 5

167 1360 425 1410 existimauit,
462 1361 553 1413 quin
577 1360 622 1400 ad
647 1374 714 1400 eos
738 1360 1070 1413 proficisceretur.
1113 1358 1176 1398 Re
1209 1358 1464 1398 frumentaria
1497 1371 1653 1412 compa·
1673 1357 1700 1399 6

167 1435 253 1468 rata
275 1434 405 1477 castra
429 1435 560 1467 mouet
583 1427 795 1480 diebusque
819 1427 978 1467 circiter
1000 1426 1218 1480 quindecim
1251 1427 1297 1466 ad
1320 1427 1417 1466 fines
1440 1424 1653 1480 Belgarum

168 1496 364 1549 peruenit.
406 1494 468 1535 Eo
491 1510 579 1535 cum
602 1496 648 1536 de
669 1495 874 1550 inprouiso
897 1495 1142 1548 celeriusque
1165 1494 1270 1534 omni
1302 1493 1487 1549 opinione
1520 1494 1654 1535 uenis·
1673 1493 1701 1538 3

312 1628 327 1660 1
349 1632 490 1670 paccata
508 1630 593 1658 ante
612 1637 706 1660 corr.
725 1628 772 1660 A.
933 1627 954 1660 2
973 1626 1014 1658 ab
1033 1636 1113 1657 cum
1124 1629 1261 1667 puncto
1279 1627 1343 1658 sub
1362 1626 1381 1657 b
1399 1626 1450 1667 B,
1470 1628 1538 1657 int.
1558 1635 1654 1657 ucrs.

168 1679 219 1720 A,
239 1688 256 1711 a
278 1679 315 1711 C.
458 1678 646 1721 nonnullis]
668 1690 807 1712 numero
828 1678 979 1719 nullisf.
1074 1677 1175 1720 3qui]
1196 1688 1215 1709 a
1234 1681 1302 1710 int.
1323 1689 1415 1710 uch.
1437 1678 1518 1710 add.
1533 1680 1571 1721 f.

168 1736 207 1763 ut
219 1733 331 1773 pauci
347 1731 460 1771 dett.;
479 1741 548 1762 om.
568 1732 716 1773 reliqui.
909 1730 1044 1763 uersari
1063 1730 1195 1762 nollent
1212 1740 1232 1761 a
1252 1730 1323 1771 (llic
1340 1739 1502 1771 suprasc.
1522 1729 1581 1761 uel
1599 1740 1657 1761 no-

170 1781 321 1821 luerant)
341 1782 417 1824 ces
429 1782 625 1815 Vaticanus
644 1782 744 1815 3324.
872 1783 893 1814 4
912 1780 1131 1824 hyemaref,
1152 1790 1290 1822 gemare
1310 1784 1395 1813 ante
1417 1790 1511 1813 corr.
1529 1781 1573 1813 B.

170 1834 426 1865 inueterescere
443 1833 532 1865 DE.
672 1835 690 1866 5
714 1843 822 1875 super
839 1833 895 1875 qui
914 1833 997 1864 add.
1019 1832 1084 1874 af.
1227 1833 1246 1865 6
1265 1831 1322 1874 ab]
1343 1842 1360 1863 a
1380 1832 1418 1865 C.
1568 1833 1657 1875 quod

173 1886 241 1918 del.
262 1886 345 1928 inf.
489 1896 509 1918 a
526 1886 643 1928 om.f.
772 1886 791 1919 7
810 1886 861 1917 his
879 1885 982 1927 A(B)
1000 1884 1233 1927 CD(Ef)u.
1372 1885 1413 1916 ad
1433 1885 1656 1927 duceudoss.

348 1937 448 1978 uolgo
468 1937 665 1969 Vaticanus
684 1937 785 1971 3324.
973 1936 993 1968 8
1011 1946 1084 1967 eam
1104 1934 1189 1977 rem]
1209 1945 1249 1967 ea
1265 1935 1351 1968 DE.
1517 1936 1658 1979 imperio

174 1988 237 2020 Aa
249 1988 267 2019 b
279 1989 357 2030 ces
370 1989 568 2021 Vaticanus
586 1988 686 2026 3324,
708 1988 741 2019 in
760 1988 901 2030 imperio
919 1988 950 2020 B
963 1987 1031 2019 CD
1043 1986 1109 2028 (E)
1124 1986 1157 2018 d.
1298 1991 1413 2019 nostro
1433 1997 1502 2019 om.
1521 1987 1554 2019 D
1566 1987 1617 2026 E,-
1637 1998 1657 2018 n

175 2049 335 2081 suprasc.
356 2050 373 2070 o
393 2042 431 2070 et
444 2041 639 2081 separatim
658 2050 676 2070 n
696 2040 747 2079 B,
769 2050 832 2070 non
855 2039 882 2070 C
898 2038 1098 2071 Vaticanus
1116 2036 1217 2070 3864.
1353 2039 1372 2070 9
1393 2038 1446 2070 his
1463 2038 1537 2070 AB
1548 2037 1660 2070 CDE

175 2090 374 2124 Vaticanus
394 2091 482 2124 3864
500 2093 582 2133 aes
593 2090 793 2124 Vaticanus
812 2091 914 2131 3324,
935 2090 976 2122 iis
995 2100 1030 2121 u.
1158 2089 1242 2120 duos
1259 2088 1305 2121 Ε.
1434 2089 1474 2122 10
1493 2089 1661 2121 ceteriore

174 2144 258 2173 ante
276 2152 368 2174 corr.
388 2142 430 2174 B.
617 2141 702 2173 inita
720 2141 838 2173 ABD
850 2141 932 2182 Ed,
954 2141 1095 2172 ineunte
1116 2139 1165 2171 C?
1177 2150 1198 2171 a
1212 2140 1289 2179 bef
1300 2139 1503 2172 Vaticanus
1521 2142 1612 2175 3324
1628 2144 1662 2173 et

175 2203 223 2225 m.
242 2203 310 2225 sec.
328 2195 373 2225 B.
504 2193 651 2235 aestate]
671 2193 790 2236 hyeme
809 2193 844 2224 d.
962 2193 996 2224 in
1014 2191 1217 2224 ulteriorem
1236 2190 1381 2223 Galliam
1403 2192 1507 2233 bees
1517 2192 1662 2225 Vatica-

177 2257 241 2278 nus
258 2246 356 2279 3324.
533 2246 569 2278 11
594 2246 650 2288 qui
670 2246 858 2278 deduceret
876 2256 944 2277 om.
964 2256 1010 2277 m.
1026 2255 1085 2287 pr.
1111 2244 1152 2276 C.
1343 2243 1504 2286 Quintum
1522 2244 1638 2277 ABE
1651 2270 1659 2286 ,

178 2298 415 2341 Quinctums,
437 2297 475 2340 Q.
497 2308 531 2329 u.
677 2299 717 2333 12
736 2299 912 2340 inceperat
932 2298 963 2329 b.
1106 2297 1145 2329 13
1165 2296 1408 2339 senioribusf.
1549 2297 1591 2329 14
1609 2307 1662 2329 se-

177 2359 263 2391 quae
280 2352 363 2381 ante
381 2359 475 2382 corr.
492 2351 536 2381 B.
679 2350 718 2382 15
738 2350 785 2381 hii
803 2349 854 2388 E,
874 2348 998 2390 huics.
1142 2348 1346 2380 nuntiabant
1364 2348 1395 2379 b.
1525 2358 1662 2380 manum

181 2401 200 2432 b
218 2404 253 2433 ct
269 2410 360 2433 corr.
382 2411 416 2433 a.
620 2401 658 2433 16
678 2401 868 2432 exercituin
887 2398 1025 2441 AB(E
1040 2397 1242 2431 Vaticanus
1260 2399 1371 2437 3861)
1384 2422 1393 2438 ‚
1413 2399 1586 2431 exercitus
1608 2398 1636 2431 C
1649 2401 1665 2431 Ρ

181 2461 201 2483 a
216 2452 233 2482 b
246 2452 323 2493 ces
334 2451 532 2484 Vaticanus
550 2452 638 2484 3324
656 2454 694 2482 ct
708 2461 757 2483 m.
775 2461 845 2482 sec.
865 2451 908 2482 B.
1072 2460 1137 2480 non
1156 2452 1224 2481 int.
1251 2450 1393 2491 ucrs.f.
1561 2451 1601 2483 17
1620 2450 1663 2482 ad

182 2501 256 2544 eos]
276 2502 472 2534 duodecimo
492 2502 546 2533 die
564 2501 646 2534 add.
672 2501 758 2534 C?a
771 2501 821 2533 dc
839 2504 874 2533 ct
891 2503 958 2532 int.
979 2510 1072 2532 uch.
1092 2510 1140 2532 m.
1157 2511 1223 2532 sec.
1243 2500 1294 2540 B,
1321 2511 1369 2532 xit
1389 2499 1508 2532 diebus
1527 2499 1611 2533 add.
1622 2501 1661 2543 f.

342 2554 643 2596 proficiscerentur
660 2564 706 2585 m.
722 2554 833 2595 pr.f.
996 2556 1194 2595 comparata
1212 2553 1322 2585 ABE
1341 2553 1542 2586 Vaticanus
1560 2553 1661 2594 3864,

184 2603 321 2643 prouisa
337 2614 358 2635 a
373 2604 454 2646 (hic
470 2615 629 2648 suprasc.
651 2605 709 2637 1161
726 2603 946 2647 comparata)
965 2615 983 2636 c
994 2604 1077 2646 def
1088 2604 1101 2644 (
1113 2603 1316 2636 Vaticanus
1333 2605 1456 2647 3324).

185 2653 227 2685 18
245 2654 350 2685 mouit
365 2655 452 2687 DE.
594 2656 797 2699 diebusque]
817 2661 852 2688 et
870 2656 989 2688 diebus
1010 2656 1064 2697 bs
1076 2655 1275 2688 Vaticanus
1294 2656 1396 2689 3324.
1523 2655 1663 2697 quinde-

187 2704 251 2735 cim
268 2703 370 2745 A(B)
383 2706 449 2738 CD
461 2707 509 2747 E,
528 2718 573 2739 xv
589 2718 611 2739 a
623 2707 687 2750 (s)
705 2718 741 2740 u.
915 2707 955 2740 19
976 2707 1016 2738 de
1036 2716 1104 2738 om.
1124 2705 1327 2738 Vaticanus
1345 2707 1446 2741 3324.
1613 2705 1665 2736 in-

186 2755 322 2797 prouiso
343 2756 402 2797 (A)
415 2758 445 2788 B
458 2757 566 2799 CDf.
734 2778 735 2785 1
773 2759 863 2790 omui
881 2759 913 2790 A
925 2758 987 2799 (B)
1002 2758 1029 2790 C
1045 2757 1246 2790 Vaticanus
1265 2758 1353 2791 3864
1373 2757 1426 2799 (a)
1441 2757 1548 2798 bees
1560 2756 1664 2788 Vati—

187 2816 297 2837 canus
324 2807 430 2847 3324,
459 2809 603 2841 omnium
631 2810 663 2842 E
687 2810 912 2843 Flodoardus
937 2811 1022 2842 ltist.
1049 2809 1132 2841 eccl.
1160 2809 1259 2842 Rem.
1287 2810 1325 2850 J,
1350 2810 1372 2843 2
1397 2809 1449 2841 ed.
1476 2809 1661 2841 Coluener.

188 2858 378 2898 (biblioth.
395 2862 495 2900 patr.
514 2860 680 2902 Lugdun.
702 2861 799 2895 Tom.
818 2861 923 2895 XVII
934 2871 979 2904 p.-
994 2861 1058 2894 506
1078 2861 1126 2901 b).
1222 2861 1404 2903 oppinione
1425 2861 1600 2893 euenisset
1619 2862 1662 2893 A.

1385 2920 1467 2962 19*
