1835 3240
584 168 766 212 COMM.
792 167 832 210 II
855 165 980 210 CAP.
1007 165 1204 208 18—20.
1629 165 1711 208 547

153 302 238 329 cum
261 284 311 338 Q
337 282 494 334 Cassio,
523 284 677 324 tribuno
700 284 837 338 plebis,
862 283 945 337 ipse
958 289 1012 322 DC
1034 279 1228 334 equitibus
1252 278 1404 332 magnis
1426 279 1633 321 itineribus

153 353 400 409 progreditur
421 352 668 405 edictumque
691 352 918 406 praemittit,
944 350 991 389 ad
1013 363 1124 401 quam
1149 347 1249 387 diem
1263 347 1514 400 magistratus
1529 349 1633 400 prin-

152 422 334 475 cipesque
357 420 526 460 omnium
551 420 753 460 ciuitatum
778 419 849 459 sibi
873 432 961 458 esse
986 423 1142 471 praesto
1157 412 1365 455 Cordubae
1382 414 1517 453 uellet.
1544 414 1634 466 Quo
1656 416 1682 455 2

151 489 280 530 edicto
305 496 384 528 tota
407 488 608 542 prouincia
633 487 864 541 peruulgato
887 487 993 525 nulla
1017 485 1088 524 fuit
1110 472 1267 533 ciuitas,
1293 482 1385 536 quin
1410 482 1455 521 ad
1479 481 1514 521 id
1538 489 1635 521 tem-

103 565 121 596 5
154 571 224 611 pus
249 564 395 611 partem
418 563 581 596 senatus
605 552 827 595 Cordubam
852 554 1046 600 mitteret,
1072 566 1149 592 non
1173 551 1271 591 ciuis
1295 549 1500 590 Romanus
1523 550 1636 603 paulo

152 625 299 675 notior,
325 625 416 677 quin
439 625 485 663 ad
508 624 607 663 dIem
632 621 878 662 conueniret.
927 619 1052 661 Simul
1075 620 1160 673 ipse
1184 616 1392 658 Cordubae
1416 623 1635 657 conuentus
1659 618 1683 657 3

153 706 223 746 per
245 706 287 732 se
311 700 444 746 portas
460 691 633 733 Varroni
657 689 811 737 clausit,
838 688 1037 728 custodias
1062 686 1346 740 uigiliasquein
1367 685 1540 725 turribus
1553 699 1635 724 mu-

152 773 275 813 roque
298 760 504 814 disposuit,
531 760 711 799 cohortes
735 759 846 806 duas,
872 770 969 809 quae
991 754 1192 795 colonicae
1215 753 1524 807 appellabantur,
1549 767 1636 792 cum
1659 752 1686 792 4

154 840 200 867 eo
224 841 316 867 casu
339 828 567 877 uenissent,
602 826 737 867 tuendi
768 824 897 879 oppidi
929 837 1049 864 causa
1079 822 1180 876 apud
1201 835 1244 861 se
1266 821 1445 861 retinuit.
1508 818 1635 860 Isdem
1660 818 1684 859 5

78 902 120 934 10
154 895 287 935 diebus
311 893 604 936 Carmonenses
620 925 629 943 ,
666 907 764 947 quae
795 899 856 933 est
883 892 1000 945 longe
1024 889 1244 931 firmissima
1267 889 1387 928 totius
1412 889 1638 942 prouinciae

153 963 318 1013 ciuitas,
359 963 536 1003 deductis
579 962 704 1002 tribus
737 961 777 1000 in
818 974 948 1000 arcem
981 958 1109 1012 oppidi
1141 957 1369 997 cohortibus
1401 971 1420 996 a
1453 956 1638 997 Varrone

152 1031 348 1084 praesidio
378 1045 447 1084 per
476 1044 519 1071 se
550 1030 734 1069 cohortes
766 1028 880 1068 eiecit
903 1034 1115 1081 portasque
1136 1025 1364 1079 praeclusit.
1428 1024 1513 1064 Hoc
1537 1039 1633 1065 uero
1656 1024 1715 1068 20

152 1099 276 1153 magis
308 1113 519 1152 properare
542 1097 699 1147 Varro,
736 1104 778 1137 ut
809 1111 893 1135 cum
927 1094 1148 1148 legionibus
1181 1107 1291 1146 quam
1325 1092 1489 1146 primum
1515 1091 1638 1132 Gadis

154 1167 427 1216 contenderet,
455 1181 502 1206 ne
524 1167 668 1206 itinere
691 1173 758 1206 aut
780 1165 948 1204 traiectu
971 1163 1323 1203 intercluderetur:
1365 1167 1471 1200 tanta
1492 1174 1537 1200 ac
1559 1167 1638 1199 tam

80 1243 120 1276 15
153 1236 324 1276 secunda
346 1235 385 1274 in
409 1232 623 1274 Caesarem
649 1235 829 1274 uoluntas
854 1232 1081 1287 prouinciae
1105 1229 1393 1285 reperiebatur.
1419 1226 1638 1282 Progresso
1660 1227 1688 1268 2

156 1303 190 1343 ei
214 1303 329 1357 paulo
353 1303 508 1356 longius
531 1303 685 1342 litterae
710 1300 885 1342 Gadibus
908 1300 1123 1341 redduntur
1139 1330 1148 1348 ,
1174 1298 1408 1349 simulatque
1432 1297 1483 1336 sit
1504 1295 1639 1349 cogni-

156 1379 236 1411 tum
260 1372 306 1411 de
329 1371 457 1410 edicto
482 1368 691 1420 Caesaris,
729 1370 981 1410 consensisse
1005 1367 1220 1408 Gaditanos
1243 1365 1437 1418 principes
1461 1378 1546 1404 cum
1573 1363 1641 1403 tri-

151 1439 266 1479 bunis
290 1439 523 1489 cohortium,
549 1453 646 1492 quae
670 1446 803 1479 essent
824 1438 875 1477 ibi
898 1438 937 1477 in
961 1435 1173 1490 praesidio,
1199 1431 1476 1473 utGallonium
1501 1446 1551 1472 ex
1573 1446 1640 1485 op-

154 1507 240 1561 pido
264 1507 525 1559 expellerent,
551 1507 686 1546 urbem
709 1507 956 1559 insulamque
980 1502 1146 1544 Caesari
1170 1508 1393 1542 seruarent.
1432 1499 1519 1540 Hoc
1542 1500 1640 1539 inito
1663 1497 1687 1538 3

76 1582 121 1616 ‘20
155 1575 321 1615 consilio
346 1575 642 1615 denuntiauisse
665 1573 849 1615 Gallonio
865 1606 874 1624 ,
900 1581 941 1613 ut
963 1579 1102 1626 sponte
1125 1585 1219 1620 sua,
1246 1570 1334 1609 dum
1358 1568 1443 1608 sine
1465 1568 1639 1622 periculo

155 1643 318 1691 liceret,
356 1643 569 1683 excederet
593 1642 790 1693 Gadibus3
824 1643 857 1682 si
887 1642 924 1682 id
949 1655 1027 1681 non
1050 1639 1224 1687 fecisset,
1250 1637 1325 1677 sibi
1347 1636 1552 1676 consilium
1575 1650 1641 1675 ca-

153 1717 306 1765 pturos.
351 1708 438 1750 Hoc
462 1711 601 1751 timore
622 1711 831 1751 adductum
855 1708 1083 1750 Gallonium
1101 1705 1277 1747 Gadibus
1300 1704 1542 1744 excessisse.
1568 1702 1641 1742 His
1663 1703 1689 1744 4

151 1778 324 1831 cognitis
345 1778 463 1819 rebus
487 1779 611 1819 altera
634 1793 686 1819 ex
708 1778 855 1818 duabus
880 1776 1100 1831 legionibus
1118 1807 1127 1825 ,
1154 1788 1254 1828 quae
1276 1772 1489 1813 uernacula
1511 1772 1642 1825 appel-

153 1846 329 1896 labatur,
372 1861 425 1887 ex
454 1847 595 1887 castris
628 1846 823 1887 Varronis
855 1846 1034 1885 adstante
1066 1852 1103 1883 et
1133 1843 1380 1896 inspectante
1413 1841 1496 1894 ipso
1528 1840 1644 1892 signa

77 1922 121 1953 ‘25
155 1915 313 1954 sustulit
334 1928 498 1967 seseque
514 1914 704 1968 Hispalim
721 1914 867 1968 recepit
885 1921 1000 1966 atque
1022 1912 1060 1952 iu
1079 1913 1162 1952 foro
1177 1918 1213 1951 et
1228 1908 1440 1964 porticibus
1463 1908 1549 1947 sine
1564 1921 1644 1946 ma-

155 1982 282 2023 lelicio
305 1983 497 2022 consedit.
543 1980 656 2034 Quod
683 1984 823 2022 sactum
848 1983 945 2021 adeo
979 1981 1061 2020 eius
1094 1985 1314 2019 conuentus
1345 1977 1451 2017 ciues
1474 1974 1644 2015 Romani
1666 1974 1690 2014 5

155 2050 525 2104 comprobauerunt,
551 2057 594 2090 ut
616 2051 770 2091 domum
793 2051 839 2090 ad
863 2064 906 2090 se
929 2049 1092 2102 quisque
1115 2046 1284 2100 hospitio
1308 2043 1558 2098 cupidissime
1581 2057 1644 2083 re—

156 2119 320 2172 ciperet.
374 2116 524 2171 Quibus
556 2119 674 2159 rebus
705 2119 942 2173 perterritus
964 2116 1121 2165 Varro,
1156 2129 1242 2155 cum
1272 2114 1414 2153 itinere
1448 2124 1643 2151 conuerso
1666 2108 1692 2150 6

154 2201 244 2228 sese
266 2184 442 2227 Italicam
476 2194 684 2227 uenturum
717 2187 1015 2241 praemisisset,
1052 2183 1201 2224 certior
1232 2182 1278 2222 ab
1310 2181 1393 2221 suis
1427 2181 1552 2219 sactus
1585 2186 1645 2219 est

79 2262 121 2294 30
153 2256 379 2310 praeclusas
403 2269 491 2296 esse
513 2262 663 2310 portas.
689 2255 791 2295 Tum
816 2269 908 2295 uero
925 2253 1028 2294 omni
1051 2251 1291 2292 interclusus
1314 2250 1455 2290 itinere
1479 2248 1526 2287 ad
1539 2244 1642 2288 Cae·
1667 2246 1692 2287 7

301 2360 314 2392 1
336 2371 376 2392 Dc
396 2360 568 2403 equitibus
588 2371 607 2391 a
625 2361 654 2400 b,
677 2371 750 2392 cum
770 2371 810 2392 nc
831 2358 1000 2401 equitibus
1020 2358 1054 2389 α’.
1198 2356 1217 2387 2
1236 2353 1474 2398 praegreditur
1497 2352 1645 2383 edietum

157 2411 346 2452 praemittit
366 2413 396 2444 b.
560 2413 579 2445 3
599 2412 799 2444 ciuitatuum
811 2413 849 2453 s.
1016 2414 1130 2453 presto
1149 2418 1184 2440 α.
1343 2408 1363 2438 4
1382 2404 1592 2448 promulgato
1613 2405 1643 2435 b.

301 2464 317 2494 5
339 2463 517 2496 Cordubae
536 2474 555 2495 a
571 2464 601 2495 b.
769 2474 834 2494 non
853 2473 873 2494 α
888 2463 919 2503 b,
941 2462 1099 2493 nullusne
1119 2471 1154 2491 u.
1321 2459 1340 2490 8
1360 2457 1580 2500 appellantur
1597 2466 1644 2487 m.

158 2523 213 2553 pr.
235 2514 265 2544 b.
429 2516 446 2546 9
467 2515 599 2546 hisdem
619 2524 652 2554 α,
674 2514 793 2545 iisdem
814 2525 849 2546 -ιι,
1018 2513 1053 2545 11
1077 2510 1226 2542 diductis
1249 2511 1280 2541 b.
1434 2508 1548 2550 oppidi
1562 2510 1648 2548 post

159 2563 262 2594 totius
282 2563 353 2603 (10)
367 2567 476 2606 ponit
492 2576 525 2596 α.
670 2566 707 2599 12
727 2565 846 2596 iniecit
864 2575 884 2596 a
899 2565 958 2595 bc.
1103 2562 1142 2594 13
1163 2560 1270 2593 Gadis
1290 2571 1321 2591 α.
1463 2560 1503 2591 15
1525 2568 1645 2600 reppe-

159 2616 267 2645 riatur
283 2624 316 2645 α·
505 2616 545 2648 16
565 2615 717 2648 Gadibus
736 2627 757 2647 a
778 2617 795 2648 3
816 2616 929 2655 dett.;
951 2614 980 2646 ei
1002 2624 1020 2645 a
1040 2613 1192 2645 Gadibus
1215 2613 1245 2653 b,
1267 2622 1285 2643 a
1306 2611 1457 2643 Gadibus
1475 2610 1589 2642 Aldus
1607 2619 1642 2647 qt.

301 2665 376 2696 fita
391 2665 421 2696 b.
589 2667 629 2699 18
650 2667 680 2697 in
702 2677 771 2698 om.
793 2667 823 2698 b.
1004 2664 1046 2696 20
1066 2668 1186 2706 sponte
1207 2672 1269 2694 sua
1287 2673 1320 2702 α,
1342 2672 1403 2693 sua
1423 2666 1544 2703 sponte
1563 2659 1641 2690 edd.

300 2716 340 2748 21
364 2715 513 2748 Gadibus
533 2718 718 2749 excederet
737 2718 768 2749 b.
911 2716 956 2747 ibi
975 2715 1041 2746 ab.
1195 2714 1237 2747 23
1257 2713 1451 2755 appellatur
1470 2712 1499 2742 Ι).

156 2768 201 2801 24
221 2768 292 2809 ipse
312 2779 346 2799 a.
484 2769 526 2801 25
546 2768 674 2810 Hispali
694 2780 713 2800 α
728 2770 758 2800 b.
900 2767 944 2799 27
963 2778 982 2799 a
1000 2778 1035 2799 se
1057 2767 1087 2799 b.
1232 2767 1274 2799 29
1295 2765 1449 2796 Italicam
1468 2764 1643 2801 Faernus,

160 2818 291 2850 ltaliam
311 2818 411 2850 codd.
550 2820 747 2863 uenturum]
769 2830 845 2852 esse
866 2819 949 2852 add.
973 2820 1004 2851 b.
1147 2818 1385 2861 praemisisset
1406 2817 1478 2847 ‘uir
1494 2815 1641 2855 cloatus',

160 2872 374 2914 promisisset
393 2871 493 2904 codd.

1360 2921 1413 2963 35
1429 2924 1445 2943 *
