<?xml version="1.0" encoding="UTF-8"?>
<!DOCTYPE html PUBLIC "-//W3C//DTD XHTML 1.0 Transitional//EN"
    "http://www.w3.org/TR/xhtml1/DTD/xhtml1-transitional.dtd">
<html xmlns="http://www.w3.org/1999/xhtml" xml:lang="en" lang="en">
 <head>
  <title>
</title>
<meta http-equiv="Content-Type" content="text/html;charset=utf-8" />
  <meta name='ocr-system' content='tesseract 3.04.00' />
  <meta name='ocr-capabilities' content='ocr_page ocr_carea ocr_par ocr_line ocrx_word'/>
</head>
<body>
  <div class='ocr_page' id='page_1' title='image "./commentarii00caesuoft_0204.png"; bbox 0 0 1835 3240; ppageno 0'>
   <div class='ocr_carea' id='block_1_1' title="bbox 741 171 1162 211">
    <p class='ocr_par' dir='ltr' id='par_1_1' title="bbox 741 171 1162 211">
     <span class='ocr_line' id='line_1_1' title="bbox 741 171 1162 211; baseline -0.005 0"><span class='ocrx_word' id='word_1_1' title='bbox 741 197 850 202; x_wconf 93' lang='lat'>—-</span> <span class='ocrx_word' id='word_1_2' title='bbox 913 171 993 211; x_wconf 44' lang='lat'>*194</span> <span class='ocrx_word' id='word_1_3' title='bbox 1052 194 1162 200; x_wconf 91' lang='lat'>-—-</span> 
     </span>
    </p>
   </div>
   <div class='ocr_carea' id='block_1_2' title="bbox 206 280 1701 2905">
    <p class='ocr_par' dir='ltr' id='par_1_2' title="bbox 211 280 1692 399">
     <span class='ocr_line' id='line_1_2' title="bbox 211 280 1692 343; baseline -0.008 -12"><span class='ocrx_word' id='word_1_4' title='bbox 211 290 377 343; x_wconf 87' lang='lat' dir='ltr'>nauigiis</span> <span class='ocrx_word' id='word_1_5' title='bbox 401 287 761 329; x_wconf 83' lang='lat' dir='ltr'>Alexandrinorum</span> <span class='ocrx_word' id='word_1_6' title='bbox 785 291 1015 338; x_wconf 82' lang='lat' dir='ltr'>opponatur.</span> <span class='ocrx_word' id='word_1_7' title='bbox 1054 280 1118 322; x_wconf 82' lang='lat' dir='ltr'>Cf.</span> <span class='ocrx_word' id='word_1_8' title='bbox 1137 295 1172 321; x_wconf 90' lang='lat' dir='ltr'>c.</span> <span class='ocrx_word' id='word_1_9' title='bbox 1197 281 1267 330; x_wconf 79' lang='lat'>46,</span> <span class='ocrx_word' id='word_1_10' title='bbox 1291 281 1317 321; x_wconf 91' lang='grc'>7</span> <span class='ocrx_word' id='word_1_11' title='bbox 1338 286 1572 333; x_wconf 73' lang='lat' dir='ltr'>‘sequuntur</span> <span class='ocrx_word' id='word_1_12' title='bbox 1595 281 1692 324; x_wconf 75' lang='lat' dir='ltr'>hunc</span> 
     </span>
     <span class='ocr_line' id='line_1_3' title="bbox 211 355 713 399; baseline -0.016 1"><span class='ocrx_word' id='word_1_13' title='bbox 211 372 305 399; x_wconf 90' lang='lat' dir='ltr'>suae</span> <span class='ocrx_word' id='word_1_14' title='bbox 327 370 450 398; x_wconf 89' lang='lat' dir='ltr'>naues</span> <span class='ocrx_word' id='word_1_15' title='bbox 473 355 713 395; x_wconf 67' lang='lat' dir='ltr'>nonnullae’.</span> 
     </span>
    </p>

    <p class='ocr_par' dir='ltr' id='par_1_3' title="bbox 209 414 1700 1275">
     <span class='ocr_line' id='line_1_4' title="bbox 322 414 1694 475; baseline -0.007 -10"><span class='ocrx_word' id='word_1_16' title='bbox 322 424 460 466; x_wconf 91' lang='lat' dir='ltr'>Eiusd.</span> <span class='ocrx_word' id='word_1_17' title='bbox 495 438 530 463; x_wconf 91' lang='lat' dir='ltr'>c.</span> <span class='ocrx_word' id='word_1_18' title='bbox 567 423 600 475; x_wconf 65' lang='grc' dir='ltr'>ξ.</span> <span class='ocrx_word' id='word_1_19' title='bbox 625 420 648 460; x_wconf 85' lang='lat'>5</span> <span class='ocrx_word' id='word_1_20' title='bbox 679 421 734 459; x_wconf 90' lang='lat' dir='ltr'>ita</span> <span class='ocrx_word' id='word_1_21' title='bbox 757 419 906 459; x_wconf 80' lang='lat' dir='ltr'><strong>editur:</strong></span> <span class='ocrx_word' id='word_1_22' title='bbox 946 416 1075 457; x_wconf 86' lang='lat' dir='ltr'>‘Nam</span> <span class='ocrx_word' id='word_1_23' title='bbox 1109 432 1194 457; x_wconf 91' lang='lat' dir='ltr'>cum</span> <span class='ocrx_word' id='word_1_24' title='bbox 1225 417 1272 456; x_wconf 86' lang='lat' dir='ltr'>ad</span> <span class='ocrx_word' id='word_1_25' title='bbox 1303 414 1504 469; x_wconf 81' lang='lat' dir='ltr'>Canopum</span> <span class='ocrx_word' id='word_1_26' title='bbox 1537 424 1694 456; x_wconf 87' lang='lat' dir='ltr'>uentum</span> 
     </span>
     <span class='ocr_line' id='line_1_5' title="bbox 210 485 1696 542; baseline -0.007 -8"><span class='ocrx_word' id='word_1_27' title='bbox 210 499 330 542; x_wconf 84' lang='lat' dir='ltr'>esset,</span> <span class='ocrx_word' id='word_1_28' title='bbox 356 492 627 541; x_wconf 84' lang='lat' dir='ltr'>instructaque</span> <span class='ocrx_word' id='word_1_29' title='bbox 650 487 844 541; x_wconf 84' lang='lat' dir='ltr'>utrimque</span> <span class='ocrx_word' id='word_1_30' title='bbox 867 485 1006 525; x_wconf 87' lang='lat' dir='ltr'>classis</span> <span class='ocrx_word' id='word_1_31' title='bbox 1029 485 1297 533; x_wconf 79' lang='lat' dir='ltr'>conflixisset,</span> <span class='ocrx_word' id='word_1_32' title='bbox 1332 490 1372 523; x_wconf 88' lang='lat' dir='ltr'>et</span> <span class='ocrx_word' id='word_1_33' title='bbox 1393 498 1465 523; x_wconf 88' lang='lat' dir='ltr'>sua</span> <span class='ocrx_word' id='word_1_34' title='bbox 1488 490 1696 524; x_wconf 87' lang='lat' dir='ltr'>consuetu-</span> 
     </span>
     <span class='ocr_line' id='line_1_6' title="bbox 209 551 1696 612; baseline -0.008 -11"><span class='ocrx_word' id='word_1_35' title='bbox 209 561 298 601; x_wconf 89' lang='lat' dir='ltr'>dine</span> <span class='ocrx_word' id='word_1_36' title='bbox 332 559 569 612; x_wconf 74' lang='lat' dir='ltr'>Euphranor</span> <span class='ocrx_word' id='word_1_37' title='bbox 610 555 758 608; x_wconf 89' lang='lat' dir='ltr'>primus</span> <span class='ocrx_word' id='word_1_38' title='bbox 792 553 981 606; x_wconf 86' lang='lat' dir='ltr'>proelium</span> <span class='ocrx_word' id='word_1_39' title='bbox 1012 552 1278 592; x_wconf 73' lang='lat' dir='ltr'>commisisset</span> <span class='ocrx_word' id='word_1_40' title='bbox 1308 558 1348 590; x_wconf 88' lang='lat' dir='ltr'>et</span> <span class='ocrx_word' id='word_1_41' title='bbox 1378 551 1458 590; x_wconf 90' lang='lat' dir='ltr'>illic</span> <span class='ocrx_word' id='word_1_42' title='bbox 1499 551 1696 591; x_wconf 77' lang='lat' dir='ltr'>triremem</span> 
     </span>
     <span class='ocr_line' id='line_1_7' title="bbox 211 618 1697 677; baseline -0.006 -10"><span class='ocrx_word' id='word_1_43' title='bbox 211 628 379 668; x_wconf 80' lang='lat' dir='ltr'>hostium</span> <span class='ocrx_word' id='word_1_44' title='bbox 414 625 656 677; x_wconf 75' lang='lat' dir='ltr'>perforasset</span> <span class='ocrx_word' id='word_1_45' title='bbox 687 635 732 661; x_wconf 86' lang='lat' dir='ltr'>ac</span> <span class='ocrx_word' id='word_1_46' title='bbox 764 620 1036 666; x_wconf 80' lang='lat' dir='ltr'>demersisset,</span> <span class='ocrx_word' id='word_1_47' title='bbox 1072 619 1287 673; x_wconf 80' lang='lat' dir='ltr'>proximam</span> <span class='ocrx_word' id='word_1_48' title='bbox 1316 618 1472 670; x_wconf 87' lang='lat' dir='ltr'>longius</span> <span class='ocrx_word' id='word_1_49' title='bbox 1495 618 1697 658; x_wconf 90' lang='lat' dir='ltr'>insecutus</span> 
     </span>
     <span class='ocr_line' id='line_1_8' title="bbox 210 685 1698 749; baseline -0.007 -14"><span class='ocrx_word' id='word_1_50' title='bbox 210 709 343 749; x_wconf 90' lang='lat' dir='ltr'>parum</span> <span class='ocrx_word' id='word_1_51' title='bbox 367 691 550 732; x_wconf 74' lang='lat' dir='ltr'>celeriter</span> <span class='ocrx_word' id='word_1_52' title='bbox 570 687 868 741; x_wconf 87' lang='lat' dir='ltr'>insequentibus</span> <span class='ocrx_word' id='word_1_53' title='bbox 890 686 1051 739; x_wconf 88' lang='lat' dir='ltr'>reliquis</span> <span class='ocrx_word' id='word_1_54' title='bbox 1074 687 1367 727; x_wconf 86' lang='lat' dir='ltr'>circumuentus</span> <span class='ocrx_word' id='word_1_55' title='bbox 1389 686 1435 725; x_wconf 88' lang='lat' dir='ltr'>ab</span> <span class='ocrx_word' id='word_1_56' title='bbox 1457 685 1698 725; x_wconf 88' lang='lat' dir='ltr'>Alexandri-</span> 
     </span>
     <span class='ocr_line' id='line_1_9' title="bbox 209 752 1700 810; baseline -0.007 -7"><span class='ocrx_word' id='word_1_57' title='bbox 209 763 271 803; x_wconf 90' lang='lat' dir='ltr'>nis</span> <span class='ocrx_word' id='word_1_58' title='bbox 294 763 382 802; x_wconf 77' lang='lat' dir='ltr'>est&#39;.</span> <span class='ocrx_word' id='word_1_59' title='bbox 417 757 736 810; x_wconf 88' lang='lat' dir='ltr'>Oudendorpius,</span> <span class='ocrx_word' id='word_1_60' title='bbox 755 770 840 795; x_wconf 91' lang='lat' dir='ltr'>cum</span> <span class='ocrx_word' id='word_1_61' title='bbox 865 755 906 794; x_wconf 91' lang='lat' dir='ltr'>in</span> <span class='ocrx_word' id='word_1_62' title='bbox 929 755 1041 794; x_wconf 90' lang='lat' dir='ltr'>codd.</span> <span class='ocrx_word' id='word_1_63' title='bbox 1067 769 1145 794; x_wconf 92' lang='lat' dir='ltr'>non</span> <span class='ocrx_word' id='word_1_64' title='bbox 1170 754 1296 803; x_wconf 77' lang='lat' dir='ltr'>‘illic⁷,</span> <span class='ocrx_word' id='word_1_65' title='bbox 1322 753 1390 793; x_wconf 89' lang='lat' dir='ltr'>sed</span> <span class='ocrx_word' id='word_1_66' title='bbox 1414 752 1501 793; x_wconf 72' lang='lat' dir='ltr'>‘illi&#39;</span> <span class='ocrx_word' id='word_1_67' title='bbox 1525 754 1700 793; x_wconf 87' lang='lat' dir='ltr'>inuenis-</span> 
     </span>
     <span class='ocr_line' id='line_1_10' title="bbox 209 818 1699 879; baseline -0.006 -10"><span class='ocrx_word' id='word_1_68' title='bbox 209 837 285 879; x_wconf 83' lang='lat' dir='ltr'>set,</span> <span class='ocrx_word' id='word_1_69' title='bbox 311 829 409 868; x_wconf 85' lang='lat' dir='ltr'>hanc</span> <span class='ocrx_word' id='word_1_70' title='bbox 433 840 520 866; x_wconf 91' lang='grc'><strong>0550</strong></span> <span class='ocrx_word' id='word_1_71' title='bbox 542 825 740 877; x_wconf 87' lang='lat' dir='ltr'>antiquam</span> <span class='ocrx_word' id='word_1_72' title='bbox 764 823 868 863; x_wconf 90' lang='lat' dir='ltr'>illius</span> <span class='ocrx_word' id='word_1_73' title='bbox 891 822 1000 862; x_wconf 92' lang='lat' dir='ltr'>uocis</span> <span class='ocrx_word' id='word_1_74' title='bbox 1025 823 1187 862; x_wconf 82' lang='lat' dir='ltr'>sormam</span> <span class='ocrx_word' id='word_1_75' title='bbox 1223 821 1408 862; x_wconf 81' lang='lat' dir='ltr'>defendit.</span> <span class='ocrx_word' id='word_1_76' title='bbox 1455 818 1590 862; x_wconf 88' lang='lat' dir='ltr'>Satius</span> <span class='ocrx_word' id='word_1_77' title='bbox 1614 828 1699 861; x_wconf 90' lang='lat' dir='ltr'>erat</span> 
     </span>
     <span class='ocr_line' id='line_1_11' title="bbox 210 888 1695 947; baseline -0.006 -11"><span class='ocrx_word' id='word_1_78' title='bbox 210 898 370 942; x_wconf 73' lang='lat' dir='ltr'>docere,</span> <span class='ocrx_word' id='word_1_79' title='bbox 405 894 495 947; x_wconf 88' lang='lat' dir='ltr'>quid</span> <span class='ocrx_word' id='word_1_80' title='bbox 518 893 571 933; x_wconf 85' lang='lat' dir='ltr'>ita</span> <span class='ocrx_word' id='word_1_81' title='bbox 604 891 758 931; x_wconf 87' lang='lat' dir='ltr'>Hirtius</span> <span class='ocrx_word' id='word_1_82' title='bbox 789 890 1088 943; x_wconf 86' lang='lat' dir='ltr'>significandum</span> <span class='ocrx_word' id='word_1_83' title='bbox 1118 896 1294 943; x_wconf 86' lang='lat' dir='ltr'>putasset</span> <span class='ocrx_word' id='word_1_84' title='bbox 1326 903 1412 929; x_wconf 90' lang='lat' dir='ltr'>eam</span> <span class='ocrx_word' id='word_1_85' title='bbox 1434 903 1518 929; x_wconf 91' lang='lat' dir='ltr'>rem</span> <span class='ocrx_word' id='word_1_86' title='bbox 1541 902 1587 928; x_wconf 93' lang='lat' dir='ltr'>eo</span> <span class='ocrx_word' id='word_1_87' title='bbox 1609 888 1695 928; x_wconf 88' lang='lat' dir='ltr'>loco</span> 
     </span>
     <span class='ocr_line' id='line_1_12' title="bbox 209 954 1697 1018; baseline -0.007 -14"><span class='ocrx_word' id='word_1_88' title='bbox 209 971 360 1018; x_wconf 86' lang='lat' dir='ltr'>gestam</span> <span class='ocrx_word' id='word_1_89' title='bbox 394 975 505 1010; x_wconf 87' lang='grc'><strong>0550,</strong></span> <span class='ocrx_word' id='word_1_90' title='bbox 541 960 639 1012; x_wconf 92' lang='lat' dir='ltr'>quod</span> <span class='ocrx_word' id='word_1_91' title='bbox 671 959 764 998; x_wconf 85' lang='lat' dir='ltr'>mihi</span> <span class='ocrx_word' id='word_1_92' title='bbox 796 958 946 1010; x_wconf 90' lang='lat' dir='ltr'>quidem</span> <span class='ocrx_word' id='word_1_93' title='bbox 976 957 1108 1011; x_wconf 87' lang='lat' dir='ltr'>putide</span> <span class='ocrx_word' id='word_1_94' title='bbox 1140 958 1220 997; x_wconf 87' lang='lat' dir='ltr'>lieri</span> <span class='ocrx_word' id='word_1_95' title='bbox 1254 957 1424 996; x_wconf 83' lang='lat' dir='ltr'>uidetur.</span> <span class='ocrx_word' id='word_1_96' title='bbox 1467 954 1513 996; x_wconf 92' lang='lat' dir='ltr'>In</span> <span class='ocrx_word' id='word_1_97' title='bbox 1542 955 1697 1008; x_wconf 90' lang='lat' dir='ltr'>optimis</span> 
     </span>
     <span class='ocr_line' id='line_1_13' title="bbox 211 1024 1699 1085; baseline -0.007 -13"><span class='ocrx_word' id='word_1_98' title='bbox 211 1039 474 1085; x_wconf 86' lang='lat' dir='ltr'>quattuorque</span> <span class='ocrx_word' id='word_1_99' title='bbox 507 1026 765 1067; x_wconf 86' lang='lat' dir='ltr'>deterioribus</span> <span class='ocrx_word' id='word_1_100' title='bbox 789 1026 901 1065; x_wconf 86' lang='lat' dir='ltr'>codd.</span> <span class='ocrx_word' id='word_1_101' title='bbox 925 1025 1071 1079; x_wconf 87' lang='lat' dir='ltr'>legitur</span> <span class='ocrx_word' id='word_1_102' title='bbox 1095 1025 1166 1064; x_wconf 79' lang='lat' dir='ltr'>‘illi</span> <span class='ocrx_word' id='word_1_103' title='bbox 1189 1048 1242 1052; x_wconf 95' lang='lat'><strong>—</strong></span> <span class='ocrx_word' id='word_1_104' title='bbox 1264 1025 1536 1077; x_wconf 82' lang='lat' dir='ltr'>perforassent</span> <span class='ocrx_word' id='word_1_105' title='bbox 1566 1037 1611 1063; x_wconf 90' lang='lat' dir='ltr'>ac</span> <span class='ocrx_word' id='word_1_106' title='bbox 1635 1024 1699 1062; x_wconf 87' lang='lat' dir='ltr'>de-</span> 
     </span>
     <span class='ocr_line' id='line_1_14' title="bbox 209 1092 1698 1148; baseline -0.007 -8"><span class='ocrx_word' id='word_1_107' title='bbox 209 1096 470 1140; x_wconf 87' lang='lat' dir='ltr'>mersissent&#39;.</span> <span class='ocrx_word' id='word_1_108' title='bbox 512 1094 648 1148; x_wconf 87' lang='lat' dir='ltr'>Itaque</span> <span class='ocrx_word' id='word_1_109' title='bbox 670 1107 754 1133; x_wconf 91' lang='lat' dir='ltr'>cum</span> <span class='ocrx_word' id='word_1_110' title='bbox 778 1093 898 1133; x_wconf 88' lang='lat' dir='ltr'>uerba</span> <span class='ocrx_word' id='word_1_111' title='bbox 919 1106 1056 1133; x_wconf 87' lang='lat' dir='ltr'>errore</span> <span class='ocrx_word' id='word_1_112' title='bbox 1079 1092 1336 1132; x_wconf 90' lang='lat' dir='ltr'>multitudinis</span> <span class='ocrx_word' id='word_1_113' title='bbox 1359 1092 1512 1132; x_wconf 88' lang='lat' dir='ltr'>numeri</span> <span class='ocrx_word' id='word_1_114' title='bbox 1534 1092 1698 1130; x_wconf 88' lang='lat' dir='ltr'>formam</span> 
     </span>
     <span class='ocr_line' id='line_1_15' title="bbox 210 1158 1700 1220; baseline -0.007 -12"><span class='ocrx_word' id='word_1_115' title='bbox 210 1167 473 1220; x_wconf 81' lang='lat' dir='ltr'>accepissent,</span> <span class='ocrx_word' id='word_1_116' title='bbox 499 1162 682 1216; x_wconf 88' lang='lat' dir='ltr'>quoniam</span> <span class='ocrx_word' id='word_1_117' title='bbox 705 1162 755 1201; x_wconf 82' lang='lat' dir='ltr'>ita</span> <span class='ocrx_word' id='word_1_118' title='bbox 780 1161 996 1200; x_wconf 88' lang='lat' dir='ltr'>subiectum</span> <span class='ocrx_word' id='word_1_119' title='bbox 1020 1159 1341 1209; x_wconf 78' lang='lat' dir='ltr'>desiderabatur,</span> <span class='ocrx_word' id='word_1_120' title='bbox 1379 1159 1463 1198; x_wconf 74' lang='lat' dir='ltr'>‘illi’</span> <span class='ocrx_word' id='word_1_121' title='bbox 1486 1158 1700 1212; x_wconf 89' lang='lat' dir='ltr'>interpola-</span> 
     </span>
     <span class='ocr_line' id='line_1_16' title="bbox 211 1229 668 1275; baseline -0.013 -1"><span class='ocrx_word' id='word_1_122' title='bbox 211 1242 291 1275; x_wconf 90' lang='lat' dir='ltr'>tum</span> <span class='ocrx_word' id='word_1_123' title='bbox 315 1246 402 1275; x_wconf 88' lang='lat' dir='ltr'>esse</span> <span class='ocrx_word' id='word_1_124' title='bbox 426 1229 668 1272; x_wconf 80' lang='lat' dir='ltr'>existimaui.</span> 
     </span>
    </p>

    <p class='ocr_par' dir='ltr' id='par_1_4' title="bbox 207 1294 1701 1895">
     <span class='ocr_line' id='line_1_17' title="bbox 323 1294 1696 1350; baseline -0.005 -9"><span class='ocrx_word' id='word_1_125' title='bbox 323 1298 372 1341; x_wconf 88' lang='lat' dir='ltr'>C.</span> <span class='ocrx_word' id='word_1_126' title='bbox 396 1299 468 1348; x_wconf 78' lang='lat'>28,</span> <span class='ocrx_word' id='word_1_127' title='bbox 493 1297 517 1337; x_wconf 84' lang='lat'><strong>3</strong></span> <span class='ocrx_word' id='word_1_128' title='bbox 538 1298 577 1337; x_wconf 92' lang='lat' dir='ltr'>in</span> <span class='ocrx_word' id='word_1_129' title='bbox 601 1296 756 1350; x_wconf 88' lang='lat' dir='ltr'>optimis</span> <span class='ocrx_word' id='word_1_130' title='bbox 779 1296 890 1336; x_wconf 83' lang='lat' dir='ltr'>codd.</span> <span class='ocrx_word' id='word_1_131' title='bbox 917 1296 1143 1348; x_wconf 90' lang='lat' dir='ltr'>duobusque</span> <span class='ocrx_word' id='word_1_132' title='bbox 1166 1294 1427 1335; x_wconf 87' lang='lat' dir='ltr'>deterioribus</span> <span class='ocrx_word' id='word_1_133' title='bbox 1440 1294 1497 1335; x_wconf 92' lang='lat' dir='ltr'>sic</span> <span class='ocrx_word' id='word_1_134' title='bbox 1510 1294 1696 1348; x_wconf 87' lang='lat' dir='ltr'>scriptum</span> 
     </span>
     <span class='ocr_line' id='line_1_18' title="bbox 209 1362 1701 1417; baseline -0.006 -7"><span class='ocrx_word' id='word_1_135' title='bbox 209 1377 291 1410; x_wconf 87' lang='lat' dir='ltr'>est:</span> <span class='ocrx_word' id='word_1_136' title='bbox 328 1366 595 1409; x_wconf 81' lang='lat' dir='ltr'>‘Consederat</span> <span class='ocrx_word' id='word_1_137' title='bbox 625 1378 711 1404; x_wconf 87' lang='lat' dir='ltr'>cum</span> <span class='ocrx_word' id='word_1_138' title='bbox 741 1364 863 1417; x_wconf 88' lang='lat' dir='ltr'>copiis</span> <span class='ocrx_word' id='word_1_139' title='bbox 895 1377 970 1403; x_wconf 78' lang='lat' dir='ltr'>rex</span> <span class='ocrx_word' id='word_1_140' title='bbox 1001 1364 1087 1403; x_wconf 88' lang='grc'><strong>1000</strong></span> <span class='ocrx_word' id='word_1_141' title='bbox 1120 1369 1262 1403; x_wconf 85' lang='lat' dir='ltr'>natura</span> <span class='ocrx_word' id='word_1_142' title='bbox 1293 1363 1458 1412; x_wconf 80' lang='lat' dir='ltr'>munito,</span> <span class='ocrx_word' id='word_1_143' title='bbox 1493 1362 1592 1414; x_wconf 88' lang='lat' dir='ltr'>quod</span> <span class='ocrx_word' id='word_1_144' title='bbox 1615 1368 1701 1402; x_wconf 88' lang='lat' dir='ltr'>erat</span> 
     </span>
     <span class='ocr_line' id='line_1_19' title="bbox 207 1429 1699 1491; baseline -0.007 -13"><span class='ocrx_word' id='word_1_145' title='bbox 207 1437 293 1491; x_wconf 89' lang='lat' dir='ltr'>ipse</span> <span class='ocrx_word' id='word_1_146' title='bbox 315 1435 516 1476; x_wconf 79' lang='lat' dir='ltr'>excelsior</span> <span class='ocrx_word' id='word_1_147' title='bbox 536 1432 699 1487; x_wconf 83' lang='lat' dir='ltr'>planitie</span> <span class='ocrx_word' id='word_1_148' title='bbox 721 1445 773 1471; x_wconf 80' lang='lat' dir='ltr'>ex</span> <span class='ocrx_word' id='word_1_149' title='bbox 795 1431 974 1471; x_wconf 89' lang='lat' dir='ltr'>omnibus</span> <span class='ocrx_word' id='word_1_150' title='bbox 998 1430 1173 1484; x_wconf 90' lang='lat' dir='ltr'>partibus</span> <span class='ocrx_word' id='word_1_151' title='bbox 1196 1430 1391 1479; x_wconf 85' lang='lat' dir='ltr'>subiecta,</span> <span class='ocrx_word' id='word_1_152' title='bbox 1416 1429 1549 1484; x_wconf 76' lang='lat' dir='ltr'>tribus}</span> <span class='ocrx_word' id='word_1_153' title='bbox 1568 1436 1699 1469; x_wconf 90' lang='lat' dir='ltr'>autem</span> 
     </span>
     <span class='ocr_line' id='line_1_20' title="bbox 208 1496 1696 1554; baseline -0.006 -9"><span class='ocrx_word' id='word_1_154' title='bbox 208 1519 261 1545; x_wconf 82' lang='lat' dir='ltr'>ex</span> <span class='ocrx_word' id='word_1_155' title='bbox 282 1502 469 1544; x_wconf 88' lang='lat' dir='ltr'>lateribus</span> <span class='ocrx_word' id='word_1_156' title='bbox 493 1502 615 1542; x_wconf 89' lang='lat' dir='ltr'>uariis</span> <span class='ocrx_word' id='word_1_157' title='bbox 637 1513 829 1554; x_wconf 82' lang='lat' dir='ltr'>generum</span> <span class='ocrx_word' id='word_1_158' title='bbox 847 1498 1130 1539; x_wconf 87' lang='lat' dir='ltr'>munitionibus</span> <span class='ocrx_word' id='word_1_159' title='bbox 1152 1497 1384 1551; x_wconf 77' lang='lat' dir='ltr'>tegebatur&#39;:</span> <span class='ocrx_word' id='word_1_160' title='bbox 1409 1498 1537 1537; x_wconf 90' lang='lat' dir='ltr'>editur</span> <span class='ocrx_word' id='word_1_161' title='bbox 1558 1496 1696 1537; x_wconf 85' lang='lat' dir='ltr'>‘uariis</span> 
     </span>
     <span class='ocr_line' id='line_1_21' title="bbox 209 1564 1696 1626; baseline -0.008 -13"><span class='ocrx_word' id='word_1_162' title='bbox 209 1571 384 1626; x_wconf 78' lang='lat' dir='ltr'>genere&#39;.</span> <span class='ocrx_word' id='word_1_163' title='bbox 419 1568 499 1610; x_wconf 87' lang='lat' dir='ltr'>Sed</span> <span class='ocrx_word' id='word_1_164' title='bbox 521 1569 676 1609; x_wconf 87' lang='lat' dir='ltr'>uarium</span> <span class='ocrx_word' id='word_1_165' title='bbox 698 1580 847 1620; x_wconf 84' lang='lat' dir='ltr'>genere</span> <span class='ocrx_word' id='word_1_166' title='bbox 871 1573 948 1606; x_wconf 89' lang='lat' dir='ltr'>tum</span> <span class='ocrx_word' id='word_1_167' title='bbox 973 1566 1125 1605; x_wconf 85' lang='lat' dir='ltr'>demum</span> <span class='ocrx_word' id='word_1_168' title='bbox 1149 1565 1293 1620; x_wconf 80' lang='lat' dir='ltr'>aliquid</span> <span class='ocrx_word' id='word_1_169' title='bbox 1317 1565 1445 1605; x_wconf 81' lang='lat' dir='ltr'>dicere</span> <span class='ocrx_word' id='word_1_170' title='bbox 1467 1564 1573 1613; x_wconf 85' lang='lat' dir='ltr'>licet,</span> <span class='ocrx_word' id='word_1_171' title='bbox 1610 1577 1696 1603; x_wconf 90' lang='lat' dir='ltr'>cum</span> 
     </span>
     <span class='ocr_line' id='line_1_22' title="bbox 208 1629 1698 1694; baseline -0.007 -14"><span class='ocrx_word' id='word_1_172' title='bbox 208 1639 348 1694; x_wconf 85' lang='lat' dir='ltr'>generi</span> <span class='ocrx_word' id='word_1_173' title='bbox 369 1639 455 1678; x_wconf 90' lang='lat' dir='ltr'>siue</span> <span class='ocrx_word' id='word_1_174' title='bbox 476 1636 717 1689; x_wconf 84' lang='lat' dir='ltr'>cogitatione</span> <span class='ocrx_word' id='word_1_175' title='bbox 738 1635 825 1673; x_wconf 90' lang='lat' dir='ltr'>siue</span> <span class='ocrx_word' id='word_1_176' title='bbox 847 1633 1025 1673; x_wconf 91' lang='lat' dir='ltr'>oratione</span> <span class='ocrx_word' id='word_1_177' title='bbox 1047 1633 1120 1672; x_wconf 87' lang='lat' dir='ltr'>alia</span> <span class='ocrx_word' id='word_1_178' title='bbox 1145 1646 1208 1671; x_wconf 92' lang='lat' dir='ltr'>res</span> <span class='ocrx_word' id='word_1_179' title='bbox 1232 1632 1457 1685; x_wconf 88' lang='lat' dir='ltr'>opponitur.</span> <span class='ocrx_word' id='word_1_180' title='bbox 1492 1629 1534 1670; x_wconf 93' lang='lat' dir='ltr'>Id</span> <span class='ocrx_word' id='word_1_181' title='bbox 1558 1630 1605 1671; x_wconf 91' lang='lat' dir='ltr'>ab</span> <span class='ocrx_word' id='word_1_182' title='bbox 1626 1631 1698 1670; x_wconf 78' lang='lat' dir='ltr'>hor.</span> 
     </span>
     <span class='ocr_line' id='line_1_23' title="bbox 208 1698 1699 1755; baseline -0.007 -8"><span class='ocrx_word' id='word_1_183' title='bbox 208 1709 295 1748; x_wconf 90' lang='lat' dir='ltr'>loco</span> <span class='ocrx_word' id='word_1_184' title='bbox 318 1706 487 1746; x_wconf 88' lang='lat' dir='ltr'>alienum</span> <span class='ocrx_word' id='word_1_185' title='bbox 511 1717 601 1744; x_wconf 90' lang='lat' dir='ltr'>esse</span> <span class='ocrx_word' id='word_1_186' title='bbox 623 1707 798 1755; x_wconf 86' lang='lat' dir='ltr'>apparet.</span> <span class='ocrx_word' id='word_1_187' title='bbox 836 1698 1025 1741; x_wconf 87' lang='lat' dir='ltr'>Codicum</span> <span class='ocrx_word' id='word_1_188' title='bbox 1055 1700 1251 1752; x_wconf 87' lang='lat' dir='ltr'>scriptura</span> <span class='ocrx_word' id='word_1_189' title='bbox 1281 1699 1374 1739; x_wconf 82' lang='lat' dir='ltr'>mihi</span> <span class='ocrx_word' id='word_1_190' title='bbox 1406 1699 1569 1738; x_wconf 87' lang='lat' dir='ltr'>indicari</span> <span class='ocrx_word' id='word_1_191' title='bbox 1592 1698 1699 1738; x_wconf 90' lang='lat' dir='ltr'>uide-</span> 
     </span>
     <span class='ocr_line' id='line_1_24' title="bbox 208 1765 1698 1821; baseline -0.006 -7"><span class='ocrx_word' id='word_1_192' title='bbox 208 1782 273 1814; x_wconf 86' lang='lat' dir='ltr'>tur</span> <span class='ocrx_word' id='word_1_193' title='bbox 295 1774 427 1814; x_wconf 85' lang='lat' dir='ltr'>exitus</span> <span class='ocrx_word' id='word_1_194' title='bbox 451 1769 731 1811; x_wconf 87' lang='lat' dir='ltr'>uocabulorum</span> <span class='ocrx_word' id='word_1_195' title='bbox 755 1774 994 1821; x_wconf 89' lang='lat' dir='ltr'>permutatos</span> <span class='ocrx_word' id='word_1_196' title='bbox 1026 1781 1114 1807; x_wconf 90' lang='lat' dir='ltr'>esse</span> <span class='ocrx_word' id='word_1_197' title='bbox 1147 1767 1213 1817; x_wconf 89' lang='lat' dir='ltr'>(de</span> <span class='ocrx_word' id='word_1_198' title='bbox 1236 1781 1310 1819; x_wconf 87' lang='lat' dir='ltr'>quo</span> <span class='ocrx_word' id='word_1_199' title='bbox 1334 1766 1418 1806; x_wconf 89' lang='lat' dir='ltr'>uitii</span> <span class='ocrx_word' id='word_1_200' title='bbox 1439 1779 1584 1820; x_wconf 84' lang='lat' dir='ltr'>genere</span> <span class='ocrx_word' id='word_1_201' title='bbox 1618 1765 1698 1805; x_wconf 79' lang='lat' dir='ltr'>dixi</span> 
     </span>
     <span class='ocr_line' id='line_1_25' title="bbox 208 1832 1697 1895; baseline -0.006 -14"><span class='ocrx_word' id='word_1_202' title='bbox 208 1856 243 1895; x_wconf 93' lang='lat' dir='ltr'>p.</span> <span class='ocrx_word' id='word_1_203' title='bbox 274 1840 381 1890; x_wconf 83' lang='lat'>171)</span> <span class='ocrx_word' id='word_1_204' title='bbox 403 1839 732 1889; x_wconf 88' lang='lat' dir='ltr'>scribendumque</span> <span class='ocrx_word' id='word_1_205' title='bbox 766 1835 911 1875; x_wconf 79' lang='lat' dir='ltr'>‘uariis</span> <span class='ocrx_word' id='word_1_206' title='bbox 939 1835 1147 1888; x_wconf 89' lang='lat' dir='ltr'>generibus</span> <span class='ocrx_word' id='word_1_207' title='bbox 1170 1835 1427 1874; x_wconf 83' lang='lat' dir='ltr'>munitionum</span> <span class='ocrx_word' id='word_1_208' title='bbox 1451 1832 1697 1886; x_wconf 75' lang='lat' dir='ltr'>tegebatur&#39;.</span> 
     </span>
    </p>

    <p class='ocr_par' dir='ltr' id='par_1_5' title="bbox 206 1900 1700 2905">
     <span class='ocr_line' id='line_1_26' title="bbox 322 1900 1698 1956; baseline -0.006 -8"><span class='ocrx_word' id='word_1_209' title='bbox 322 1905 372 1948; x_wconf 90' lang='lat' dir='ltr'>C.</span> <span class='ocrx_word' id='word_1_210' title='bbox 405 1907 476 1956; x_wconf 76' lang='lat'>29,</span> <span class='ocrx_word' id='word_1_211' title='bbox 513 1906 539 1946; x_wconf 82' lang='lat'>4</span> <span class='ocrx_word' id='word_1_212' title='bbox 569 1906 664 1945; x_wconf 90' lang='lat' dir='ltr'>haec</span> <span class='ocrx_word' id='word_1_213' title='bbox 696 1903 937 1944; x_wconf 79' lang='lat' dir='ltr'>edebantur:</span> <span class='ocrx_word' id='word_1_214' title='bbox 977 1900 1139 1955; x_wconf 78' lang='lat' dir='ltr'>‘Itaque</span> <span class='ocrx_word' id='word_1_215' title='bbox 1172 1903 1307 1942; x_wconf 89' lang='lat' dir='ltr'>eodem</span> <span class='ocrx_word' id='word_1_216' title='bbox 1338 1909 1515 1954; x_wconf 84' lang='lat' dir='ltr'>tempore</span> <span class='ocrx_word' id='word_1_217' title='bbox 1547 1901 1698 1954; x_wconf 88' lang='lat' dir='ltr'>equites</span> 
     </span>
     <span class='ocr_line' id='line_1_27' title="bbox 211 1969 1699 2027; baseline -0.006 -11"><span class='ocrx_word' id='word_1_218' title='bbox 211 1974 402 2016; x_wconf 82' lang='lat' dir='ltr'>Germani</span> <span class='ocrx_word' id='word_1_219' title='bbox 433 1974 598 2027; x_wconf 87' lang='lat' dir='ltr'>dispersi</span> <span class='ocrx_word' id='word_1_220' title='bbox 631 1972 727 2012; x_wconf 83' lang='lat' dir='ltr'>uada</span> <span class='ocrx_word' id='word_1_221' title='bbox 764 1971 931 2011; x_wconf 85' lang='lat' dir='ltr'>fluminis</span> <span class='ocrx_word' id='word_1_222' title='bbox 964 1977 1200 2025; x_wconf 77' lang='lat' dir='ltr'>quaerentes</span> <span class='ocrx_word' id='word_1_223' title='bbox 1234 1971 1371 2022; x_wconf 88' lang='lat' dir='ltr'>partim</span> <span class='ocrx_word' id='word_1_224' title='bbox 1405 1969 1699 2010; x_wconf 86' lang='lat' dir='ltr'>demissioribus</span> 
     </span>
     <span class='ocr_line' id='line_1_28' title="bbox 206 2037 1700 2096; baseline -0.005 -13"><span class='ocrx_word' id='word_1_225' title='bbox 206 2044 301 2096; x_wconf 86' lang='lat' dir='ltr'>ripis</span> <span class='ocrx_word' id='word_1_226' title='bbox 324 2043 467 2083; x_wconf 87' lang='lat' dir='ltr'>flumen</span> <span class='ocrx_word' id='word_1_227' title='bbox 484 2046 710 2088; x_wconf 85' lang='lat' dir='ltr'>tranarunt,</span> <span class='ocrx_word' id='word_1_228' title='bbox 727 2046 763 2079; x_wconf 90' lang='lat' dir='ltr'>et</span> <span class='ocrx_word' id='word_1_229' title='bbox 787 2038 993 2093; x_wconf 85' lang='lat' dir='ltr'>legionarii</span> <span class='ocrx_word' id='word_1_230' title='bbox 1016 2039 1166 2092; x_wconf 85' lang='lat' dir='ltr'>magnis</span> <span class='ocrx_word' id='word_1_231' title='bbox 1189 2037 1394 2077; x_wconf 77' lang='lat' dir='ltr'>arboribus</span> <span class='ocrx_word' id='word_1_232' title='bbox 1413 2037 1575 2086; x_wconf 81' lang='lat' dir='ltr'>excisis,</span> <span class='ocrx_word' id='word_1_233' title='bbox 1601 2050 1700 2088; x_wconf 86' lang='lat' dir='ltr'>quae</span> 
     </span>
     <span class='ocr_line' id='line_1_29' title="bbox 210 2104 1699 2164; baseline -0.005 -13"><span class='ocrx_word' id='word_1_234' title='bbox 210 2110 453 2164; x_wconf 86' lang='lat' dir='ltr'>longitudine</span> <span class='ocrx_word' id='word_1_235' title='bbox 485 2116 689 2160; x_wconf 87' lang='lat' dir='ltr'>utramque</span> <span class='ocrx_word' id='word_1_236' title='bbox 721 2106 844 2160; x_wconf 82' lang='lat' dir='ltr'>ripam</span> <span class='ocrx_word' id='word_1_237' title='bbox 874 2107 1174 2159; x_wconf 85' lang='lat' dir='ltr'>contingerent,</span> <span class='ocrx_word' id='word_1_238' title='bbox 1210 2104 1393 2158; x_wconf 87' lang='lat' dir='ltr'>proiectis</span> <span class='ocrx_word' id='word_1_239' title='bbox 1416 2104 1699 2156; x_wconf 83' lang='lat' dir='ltr'>repentinoque</span> 
     </span>
     <span class='ocr_line' id='line_1_30' title="bbox 208 2171 1697 2232; baseline -0.007 -13"><span class='ocrx_word' id='word_1_240' title='bbox 208 2192 354 2232; x_wconf 86' lang='lat' dir='ltr'>aggere</span> <span class='ocrx_word' id='word_1_241' title='bbox 371 2178 516 2218; x_wconf 80' lang='lat' dir='ltr'>iniecto</span> <span class='ocrx_word' id='word_1_242' title='bbox 539 2176 682 2215; x_wconf 80' lang='lat' dir='ltr'>flumen</span> <span class='ocrx_word' id='word_1_243' title='bbox 705 2173 976 2214; x_wconf 81' lang='lat' dir='ltr'>transierunt&#39;.</span> <span class='ocrx_word' id='word_1_244' title='bbox 1010 2171 1159 2213; x_wconf 89' lang='lat' dir='ltr'>InPar.</span> <span class='ocrx_word' id='word_1_245' title='bbox 1177 2171 1387 2214; x_wconf 80' lang='lat' dir='ltr'>sec.Leid.</span> <span class='ocrx_word' id='word_1_246' title='bbox 1402 2171 1697 2224; x_wconf 87' lang='lat' dir='ltr'>pr.duobusque</span> 
     </span>
     <span class='ocr_line' id='line_1_31' title="bbox 208 2238 1698 2295; baseline -0.006 -9"><span class='ocrx_word' id='word_1_247' title='bbox 208 2246 471 2286; x_wconf 89' lang='lat' dir='ltr'>deterioribus</span> <span class='ocrx_word' id='word_1_248' title='bbox 491 2244 602 2284; x_wconf 83' lang='lat' dir='ltr'>codd.</span> <span class='ocrx_word' id='word_1_249' title='bbox 618 2243 763 2295; x_wconf 83' lang='lat' dir='ltr'>legitur</span> <span class='ocrx_word' id='word_1_250' title='bbox 778 2241 1132 2290; x_wconf 61' lang='grc' dir='ltr'>ς11011111]01111110111’9</span> <span class='ocrx_word' id='word_1_251' title='bbox 1151 2241 1252 2294; x_wconf 83' lang='grc'><strong>110011</strong></span> <span class='ocrx_word' id='word_1_252' title='bbox 1266 2240 1357 2279; x_wconf 87' lang='grc'><strong>011111</strong></span> <span class='ocrx_word' id='word_1_253' title='bbox 1371 2239 1499 2293; x_wconf 88' lang='lat' dir='ltr'>potius</span> <span class='ocrx_word' id='word_1_254' title='bbox 1512 2238 1698 2278; x_wconf 64' lang='lat' dir='ltr'>obserua-</span> 
     </span>
     <span class='ocr_line' id='line_1_32' title="bbox 207 2307 1696 2366; baseline -0.007 -12"><span class='ocrx_word' id='word_1_255' title='bbox 207 2314 353 2354; x_wconf 85' lang='lat' dir='ltr'>tionem</span> <span class='ocrx_word' id='word_1_256' title='bbox 377 2313 542 2366; x_wconf 87' lang='lat' dir='ltr'>prodere</span> <span class='ocrx_word' id='word_1_257' title='bbox 566 2311 767 2365; x_wconf 79' lang='lat' dir='ltr'>magistri,</span> <span class='ocrx_word' id='word_1_258' title='bbox 793 2324 890 2363; x_wconf 87' lang='lat' dir='ltr'>quae</span> <span class='ocrx_word' id='word_1_259' title='bbox 914 2310 1011 2349; x_wconf 88' lang='lat' dir='ltr'>uada</span> <span class='ocrx_word' id='word_1_260' title='bbox 1034 2309 1275 2357; x_wconf 84' lang='lat' dir='ltr'>dicerentur,</span> <span class='ocrx_word' id='word_1_261' title='bbox 1301 2307 1558 2361; x_wconf 76' lang='lat' dir='ltr'>explicantiS‚</span> <span class='ocrx_word' id='word_1_262' title='bbox 1585 2320 1696 2359; x_wconf 78' lang='lat' dir='ltr'>quam</span> 
     </span>
     <span class='ocr_line' id='line_1_33' title="bbox 207 2376 1694 2427; baseline -0.005 -7"><span class='ocrx_word' id='word_1_263' title='bbox 207 2381 356 2421; x_wconf 88' lang='lat' dir='ltr'>librarii</span> <span class='ocrx_word' id='word_1_264' title='bbox 398 2380 524 2420; x_wconf 85' lang='lat' dir='ltr'>errori</span> <span class='ocrx_word' id='word_1_265' title='bbox 566 2379 812 2419; x_wconf 87' lang='lat' dir='ltr'>tribuendum</span> <span class='ocrx_word' id='word_1_266' title='bbox 845 2378 970 2417; x_wconf 89' lang='lat' dir='ltr'>uisum</span> <span class='ocrx_word' id='word_1_267' title='bbox 1003 2383 1083 2425; x_wconf 78' lang='lat' dir='ltr'>est,</span> <span class='ocrx_word' id='word_1_268' title='bbox 1120 2376 1231 2415; x_wconf 90' lang='lat' dir='ltr'>cuius</span> <span class='ocrx_word' id='word_1_269' title='bbox 1265 2389 1382 2416; x_wconf 89' lang='lat' dir='ltr'>eausa</span> <span class='ocrx_word' id='word_1_270' title='bbox 1414 2388 1488 2413; x_wconf 88' lang='lat' dir='ltr'>non</span> <span class='ocrx_word' id='word_1_271' title='bbox 1521 2381 1694 2427; x_wconf 86' lang='lat' dir='ltr'>apparet.</span> 
     </span>
     <span class='ocr_line' id='line_1_34' title="bbox 208 2441 1697 2500; baseline -0.005 -12"><span class='ocrx_word' id='word_1_272' title='bbox 208 2447 364 2488; x_wconf 87' lang='lat' dir='ltr'>Deinde</span> <span class='ocrx_word' id='word_1_273' title='bbox 397 2461 474 2487; x_wconf 90' lang='lat' dir='ltr'>non</span> <span class='ocrx_word' id='word_1_274' title='bbox 505 2453 687 2500; x_wconf 85' lang='lat' dir='ltr'>poterant</span> <span class='ocrx_word' id='word_1_275' title='bbox 717 2446 791 2486; x_wconf 90' lang='lat' dir='ltr'>duo</span> <span class='ocrx_word' id='word_1_276' title='bbox 814 2445 1020 2499; x_wconf 72' lang='lat' dir='ltr'>participia</span> <span class='ocrx_word' id='word_1_277' title='bbox 1043 2445 1116 2484; x_wconf 92' lang='lat' dir='ltr'>hoc</span> <span class='ocrx_word' id='word_1_278' title='bbox 1145 2444 1258 2483; x_wconf 90' lang='lat' dir='ltr'>modo</span> <span class='ocrx_word' id='word_1_279' title='bbox 1281 2442 1483 2495; x_wconf 90' lang='lat' dir='ltr'>componi:</span> <span class='ocrx_word' id='word_1_280' title='bbox 1530 2441 1697 2493; x_wconf 76' lang='lat' dir='ltr'>‘magnis</span> 
     </span>
     <span class='ocr_line' id='line_1_35' title="bbox 210 2506 1697 2568; baseline -0.005 -12"><span class='ocrx_word' id='word_1_281' title='bbox 210 2516 414 2556; x_wconf 86' lang='lat' dir='ltr'>arboribus</span> <span class='ocrx_word' id='word_1_282' title='bbox 456 2515 602 2555; x_wconf 82' lang='lat' dir='ltr'>excisis</span> <span class='ocrx_word' id='word_1_283' title='bbox 638 2514 853 2568; x_wconf 80' lang='lat' dir='ltr'>proiectis&#39;.</span> <span class='ocrx_word' id='word_1_284' title='bbox 901 2511 1114 2552; x_wconf 91' lang='lat' dir='ltr'>Diuersum</span> <span class='ocrx_word' id='word_1_285' title='bbox 1148 2519 1208 2552; x_wconf 92' lang='lat' dir='ltr'>est</span> <span class='ocrx_word' id='word_1_286' title='bbox 1239 2511 1363 2559; x_wconf 88' lang='lat' dir='ltr'>enim,</span> <span class='ocrx_word' id='word_1_287' title='bbox 1390 2510 1491 2562; x_wconf 87' lang='lat' dir='ltr'>quod</span> <span class='ocrx_word' id='word_1_288' title='bbox 1514 2506 1697 2549; x_wconf 80' lang='lat' dir='ltr'>Clarkius</span> 
     </span>
     <span class='ocr_line' id='line_1_36' title="bbox 211 2576 1698 2632; baseline -0.005 -9"><span class='ocrx_word' id='word_1_289' title='bbox 211 2583 376 2624; x_wconf 86' lang='lat' dir='ltr'>eontulit</span> <span class='ocrx_word' id='word_1_290' title='bbox 398 2597 450 2623; x_wconf 77' lang='lat' dir='ltr'>ex</span> <span class='ocrx_word' id='word_1_291' title='bbox 472 2579 589 2622; x_wconf 86' lang='lat' dir='ltr'>Caes.</span> <span class='ocrx_word' id='word_1_292' title='bbox 618 2583 653 2622; x_wconf 91' lang='lat' dir='ltr'>b.</span> <span class='ocrx_word' id='word_1_293' title='bbox 681 2583 758 2622; x_wconf 89' lang='grc'><strong>010.</strong></span> <span class='ocrx_word' id='word_1_294' title='bbox 783 2580 858 2632; x_wconf 87' lang='grc'><strong>111,</strong></span> <span class='ocrx_word' id='word_1_295' title='bbox 897 2579 976 2621; x_wconf 85' lang='grc'>100</span> <span class='ocrx_word' id='word_1_296' title='bbox 998 2587 1102 2620; x_wconf 74' lang='lat' dir='ltr'>extr.</span> <span class='ocrx_word' id='word_1_297' title='bbox 1131 2586 1246 2619; x_wconf 77' lang='lat' dir='ltr'>‘ante</span> <span class='ocrx_word' id='word_1_298' title='bbox 1278 2578 1468 2631; x_wconf 89' lang='lat' dir='ltr'>proelium</span> <span class='ocrx_word' id='word_1_299' title='bbox 1500 2578 1538 2617; x_wconf 88' lang='grc'>111</span> <span class='ocrx_word' id='word_1_300' title='bbox 1570 2576 1698 2617; x_wconf 84' lang='lat' dir='ltr'>Thes-</span> 
     </span>
     <span class='ocr_line' id='line_1_37' title="bbox 212 2643 1698 2703; baseline -0.005 -12"><span class='ocrx_word' id='word_1_301' title='bbox 212 2651 307 2691; x_wconf 84' lang='lat' dir='ltr'>salia</span> <span class='ocrx_word' id='word_1_302' title='bbox 332 2652 475 2690; x_wconf 71' lang='lat' dir='ltr'>factum</span> <span class='ocrx_word' id='word_1_303' title='bbox 499 2650 726 2703; x_wconf 82' lang='lat' dir='ltr'>cognitum&#39;:</span> <span class='ocrx_word' id='word_1_304' title='bbox 759 2663 849 2689; x_wconf 87' lang='lat' dir='ltr'>nam</span> <span class='ocrx_word' id='word_1_305' title='bbox 872 2649 992 2689; x_wconf 89' lang='lat' dir='ltr'>uerba</span> <span class='ocrx_word' id='word_1_306' title='bbox 1026 2648 1091 2688; x_wconf 84' lang='lat' dir='ltr'>‘in</span> <span class='ocrx_word' id='word_1_307' title='bbox 1111 2645 1319 2687; x_wconf 85' lang='lat' dir='ltr'>Thessalia</span> <span class='ocrx_word' id='word_1_308' title='bbox 1347 2643 1514 2685; x_wconf 75' lang='lat' dir='ltr'>factum&#39;</span> <span class='ocrx_word' id='word_1_309' title='bbox 1541 2658 1610 2698; x_wconf 86' lang='lat' dir='ltr'>pro</span> <span class='ocrx_word' id='word_1_310' title='bbox 1632 2658 1698 2697; x_wconf 90' lang='lat' dir='ltr'>ap-</span> 
     </span>
     <span class='ocr_line' id='line_1_38' title="bbox 209 2711 1695 2773; baseline -0.005 -14"><span class='ocrx_word' id='word_1_311' title='bbox 209 2718 405 2773; x_wconf 88' lang='lat' dir='ltr'>positione</span> <span class='ocrx_word' id='word_1_312' title='bbox 427 2724 533 2758; x_wconf 89' lang='lat' dir='ltr'>sunt.</span> <span class='ocrx_word' id='word_1_313' title='bbox 569 2715 870 2770; x_wconf 88' lang='lat' dir='ltr'>Oudendorpius</span> <span class='ocrx_word' id='word_1_314' title='bbox 892 2716 1021 2769; x_wconf 84' lang='lat' dir='ltr'>plane,</span> <span class='ocrx_word' id='word_1_315' title='bbox 1046 2715 1136 2768; x_wconf 89' lang='lat' dir='ltr'>quid</span> <span class='ocrx_word' id='word_1_316' title='bbox 1156 2721 1357 2768; x_wconf 81' lang='lat' dir='ltr'>ageretur,</span> <span class='ocrx_word' id='word_1_317' title='bbox 1382 2727 1460 2753; x_wconf 89' lang='lat' dir='ltr'>non</span> <span class='ocrx_word' id='word_1_318' title='bbox 1480 2711 1695 2759; x_wconf 72' lang='lat' dir='ltr'>intellexit,</span> 
     </span>
     <span class='ocr_line' id='line_1_39' title="bbox 215 2780 1699 2839; baseline -0.005 -13"><span class='ocrx_word' id='word_1_319' title='bbox 215 2801 300 2827; x_wconf 89' lang='lat' dir='ltr'>cum</span> <span class='ocrx_word' id='word_1_320' title='bbox 324 2787 362 2839; x_wconf 64' lang='grc' dir='ltr'>ξ.</span> <span class='ocrx_word' id='word_1_321' title='bbox 386 2785 411 2825; x_wconf 84' lang='grc'>2</span> <span class='ocrx_word' id='word_1_322' title='bbox 441 2785 479 2824; x_wconf 93' lang='grc'>11.</span> <span class='ocrx_word' id='word_1_323' title='bbox 506 2799 592 2839; x_wconf 88' lang='lat' dir='ltr'>cap.</span> <span class='ocrx_word' id='word_1_324' title='bbox 621 2785 845 2838; x_wconf 77' lang='lat' dir='ltr'>‘expeditos</span> <span class='ocrx_word' id='word_1_325' title='bbox 878 2785 1051 2824; x_wconf 89' lang='lat' dir='ltr'>delectos</span> <span class='ocrx_word' id='word_1_326' title='bbox 1074 2782 1235 2835; x_wconf 76' lang='lat' dir='ltr'>equites&#39;</span> <span class='ocrx_word' id='word_1_327' title='bbox 1259 2781 1441 2821; x_wconf 89' lang='lat' dir='ltr'>similiter</span> <span class='ocrx_word' id='word_1_328' title='bbox 1462 2781 1536 2821; x_wconf 87' lang='lat' dir='ltr'>dici</span> <span class='ocrx_word' id='word_1_329' title='bbox 1560 2780 1699 2820; x_wconf 76' lang='lat' dir='ltr'>existi-</span> 
     </span>
     <span class='ocr_line' id='line_1_40' title="bbox 210 2849 1697 2905; baseline -0.007 -10"><span class='ocrx_word' id='word_1_330' title='bbox 210 2861 302 2895; x_wconf 84' lang='lat' dir='ltr'>mat.</span> <span class='ocrx_word' id='word_1_331' title='bbox 357 2850 456 2894; x_wconf 90' lang='lat' dir='ltr'>Cum</span> <span class='ocrx_word' id='word_1_332' title='bbox 487 2852 649 2893; x_wconf 83' lang='lat' dir='ltr'>arbores</span> <span class='ocrx_word' id='word_1_333' title='bbox 679 2859 719 2892; x_wconf 89' lang='lat' dir='ltr'>et</span> <span class='ocrx_word' id='word_1_334' title='bbox 749 2852 909 2892; x_wconf 80' lang='lat' dir='ltr'>excisae</span> <span class='ocrx_word' id='word_1_335' title='bbox 940 2858 978 2892; x_wconf 87' lang='lat' dir='ltr'>et</span> <span class='ocrx_word' id='word_1_336' title='bbox 1000 2850 1197 2905; x_wconf 80' lang='lat' dir='ltr'>proiectae</span> <span class='ocrx_word' id='word_1_337' title='bbox 1220 2849 1299 2889; x_wconf 87' lang='lat' dir='ltr'>sint</span> <span class='ocrx_word' id='word_1_338' title='bbox 1320 2863 1366 2889; x_wconf 84' lang='lat' dir='ltr'>eo</span> <span class='ocrx_word' id='word_1_339' title='bbox 1390 2856 1588 2902; x_wconf 82' lang='lat' dir='ltr'>tempore,</span> <span class='ocrx_word' id='word_1_340' title='bbox 1623 2860 1697 2899; x_wconf 81' lang='lat' dir='ltr'>quo</span> 
     </span>
    </p>
   </div>
  </div>
 </body>
</html>
