1835 3240
81 174 163 216 314
599 169 674 212 DE
705 168 895 213 BELLO
928 165 1177 212 GALLICO

162 292 314 336 cerem,
350 292 438 339 post
460 285 549 326 dato
571 285 684 339 signo
707 297 760 323 ex
781 282 922 324 castris
944 289 1195 335 erumperent
1214 291 1330 337 atque
1351 297 1504 324 omnem
1526 296 1634 337 spem

109 355 136 398 6
159 354 295 394 salutis
325 354 366 394 in
396 353 544 393 uirtute
572 358 780 405 ponerent.
844 347 959 401 Quod
986 349 1085 389 iussi
1119 357 1236 400 sunt,
1269 352 1419 392 faciunt
1440 366 1485 392 ac
1506 350 1635 392 subito

155 421 335 462 omnibus
358 421 479 474 portis
501 419 708 472 eruptione
729 418 829 457 facta
852 430 978 470 neque
1000 417 1279 470 cognoscendi,
1304 420 1393 471 quid
1413 421 1539 469 fieret,
1564 433 1632 459 ne-

107 489 134 529 2
156 503 229 542 que
251 490 311 529 sui
333 487 538 541 colligendi
562 485 739 526 hostibus
760 486 984 525 facultatem
1006 485 1247 538 relinquunt.
1308 484 1369 526 Ita
1400 494 1635 527 commutata

156 558 314 597 fortuna
336 570 403 596 eos
418 586 427 604 ‚
453 554 515 607 qui
537 554 578 593 in
600 566 706 607 spem
729 553 1004 607 potiundorum
1027 560 1245 593 castrorum
1269 561 1488 604 uenerant,
1522 555 1633 594 undi-
1664 562 1681 593 5

158 638 232 677 que
254 624 542 664 circumuentos
564 621 806 661 interficiunt
827 628 866 662 et
888 635 941 662 ex
962 621 1324 662 hominummilibus
1340 622 1502 674 amplius
1515 629 1633 672 XXX,

158 705 269 744 quem
291 703 494 731 numerum
516 688 772 729 barbarorum
795 690 841 729 ad
865 696 993 729 castra
1013 689 1172 729 uenisse
1195 689 1426 738 constabat,
1451 689 1536 742 plus
1559 696 1636 730 ter-

156 759 211 799 tia
233 765 343 813 parte
374 757 584 797 interfecta
614 757 786 810 reliquos
819 757 1052 811 perterritos
1082 758 1122 798 in
1144 758 1274 811 fugam
1297 757 1499 797 coniciunt
1520 770 1565 796 ac
1587 769 1636 796 ne

110 824 135 865 3
157 826 197 866 111
229 826 327 866 locis
360 825 514 878 quidem
545 825 813 878 superioribus
836 825 1054 866 consistere
1076 825 1290 879 patiuntur.
1355 823 1423 865 Sic
1457 824 1636 864 omnibus

158 893 326 932 hostium
359 893 481 946 copiis
511 893 609 933 fusis
640 893 838 946 armisque
871 894 1001 933 exutis
1032 907 1075 933 se
1107 894 1148 933 in
1170 901 1303 934 castra
1323 892 1637 944 munitionesque
1669 898 1710 931 10

108 958 135 999 4
157 973 248 999 suas
270 959 479 1014 recipiunt.
514 958 602 1013 Quo
624 961 772 1014 proelio
795 962 913 1010 sacto,
939 961 1039 1014 quod
1060 961 1214 1014 saepius
1236 962 1432 1002 fortunam
1446 968 1638 1015 temptare

158 1025 285 1067 Galba
306 1027 464 1068 nolebat
484 1035 600 1082 atque
621 1029 697 1069 alio
719 1042 763 1069 se
785 1029 824 1069 in
846 1028 1008 1069 hiberna
1031 1029 1195 1069 consilio
1218 1029 1373 1070 uenisse
1387 1029 1634 1079 meminerat,

156 1094 243 1135 aliis
277 1096 498 1136 occurrisse
530 1097 648 1137 rebus
679 1097 859 1147 uiderat,
903 1097 1073 1137 maxime
1103 1097 1285 1136 frumenti
1319 1104 1638 1149 commeatusque

155 1161 288 1215 inopia
308 1170 509 1216 permotus
531 1171 691 1217 postero
714 1165 773 1205 die
787 1164 965 1205 omnibus
989 1165 1072 1205 eius
1095 1165 1173 1204 uici
1196 1165 1382 1204 aedificiis
1404 1164 1576 1204 incensis
1597 1163 1637 1203 in

108 1227 133 1269 5
156 1230 399 1283 prouinciam
420 1233 569 1271 reuerti
593 1233 793 1273 contendit
815 1246 860 1272 ac
883 1233 988 1273 nullo
1011 1233 1123 1272 hoste
1145 1232 1376 1285 prohibente
1398 1239 1465 1271 aut
1484 1232 1561 1272 iter
1574 1231 1639 1271 de·
1673 1239 1711 1272 15

155 1305 334 1338 morante
356 1298 795 1353 incolumemlegionem
816 1301 857 1340 in
872 1299 1106 1350 Nantuatis,
1130 1300 1220 1340 inde
1241 1300 1281 1339 in
1293 1298 1528 1352 Allobroges
1550 1312 1638 1351 per-

156 1365 270 1405 duxit
289 1366 418 1418 ibique
440 1366 642 1407 hiemauit.

107 1432 135 1476 7
268 1432 343 1473 His
356 1433 474 1474 rebus
496 1435 619 1489 gestis
649 1449 734 1475 cum
759 1435 935 1476 omuibus
972 1436 1018 1476 de
1036 1435 1165 1476 causis
1180 1433 1335 1476 Caesar
1355 1440 1530 1488 pacatam
1544 1432 1639 1475 Gal-

156 1499 247 1540 liam
272 1500 537 1552 existimaret‚
563 1503 760 1556 superatis
781 1502 919 1557 Belgis
935 1535 945 1554 ‚
981 1504 1158 1558 expulsis
1182 1502 1418 1552 Germanis,
1451 1502 1568 1542 uictis
1600 1502 1640 1541 in

153 1567 319 1621 Alpibus
334 1567 519 1620 Sedunis,
544 1577 660 1624 atque
682 1571 736 1611 ita
758 1572 856 1612 inita
878 1572 1004 1612 hieme
1026 1570 1279 1626 inlllyricum
1302 1572 1501 1626 profectus
1515 1577 1636 1620 esset,
1669 1576 1712 1610 20

155 1635 256 1687 quod
279 1648 345 1676 eas
379 1651 529 1690 quoque
560 1639 746 1679 nationes
777 1640 886 1680 adire
916 1647 956 1680 et
985 1640 1170 1693 regiones
1200 1653 1442 1693 cognoscere
1463 1638 1635 1686 uolebat,

106 1701 134 1742 2
154 1702 325 1743 subitum
346 1704 491 1745 bellum
512 1706 552 1745 111
575 1704 704 1746 Gallia
726 1713 903 1746 coortum
928 1713 1003 1746 est.
1052 1705 1153 1746 Eius
1175 1707 1266 1746 belli
1289 1707 1384 1746 haec
1407 1707 1479 1746 fuit
1500 1719 1635 1746 causa.

153 1767 316 1811 Publius
339 1769 510 1813 Crassus
541 1774 771 1814 adulescens
809 1788 894 1814 cum
926 1774 1083 1828 legione
1114 1775 1278 1828 septima
1302 1774 1505 1827 proximus
1529 1787 1637 1814 mare

107 1835 133 1876 3
156 1835 358 1879 Oceanum
379 1840 420 1879 in
441 1840 622 1881 Andibus
645 1842 853 1882 hiemarat.
916 1840 982 1892 Is,
1018 1843 1120 1895 quod
1140 1843 1181 1883 in
1203 1842 1262 1882 his
1284 1842 1382 1882 locis
1405 1842 1536 1895 inopia
1558 1842 1638 1881 fru-

153 1907 277 1946 menti
299 1914 410 1958 erat,
444 1910 662 1962 praefectos
694 1910 950 1962 tribunosque
971 1910 1134 1950 militum
1158 1910 1367 1964 conplures
1389 1910 1430 1950 in
1451 1909 1636 1949 finitimas
1667 1915 1709 1950 25

107 1972 133 2012 4
156 1974 338 2016 ciuitates
361 1977 546 2017 frumenti
568 1991 687 2018 causa
709 1978 878 2028 dimisit3
904 1992 978 2031 quo
1000 1978 1041 2017 in
1063 1992 1227 2018 numero
1251 1984 1336 2018 erat
1357 1976 1473 2018 Titus
1486 1975 1522 2016 T
1526 1991 1637 2017 erra-

301 2089 314 2122 1
338 2100 379 2122 ex
399 2091 445 2132 (A
456 2091 501 2130 B)
517 2091 646 2132 CDE,
666 2091 731 2133 es.
880 2091 899 2124 3
919 2092 997 2133 quid
1018 2091 1174 2124 facerent
1193 2092 1224 2124 b.
1387 2091 1408 2123 4
1426 2091 1540 2132 itaque
1562 2091 1635 2123 Cb.

301 2142 318 2173 5
336 2142 577 2183 potiundorum
594 2143 668 2174 AD
689 2143 721 2175 ‘6
740 2142 827 2174 alii’
845 2146 883 2174 et
896 2153 943 2174 m.
958 2153 1019 2186 pr.
1039 2143 1081 2175 B.
1268 2140 1287 2174 7
1305 2142 1380 2183 plus
1399 2142 1504 2174 tertia
1521 2141 1636 2184 parte]

155 2189 301 2231 amplius
327 2194 471 2235 triginta
497 2195 591 2226 milia
609 2195 829 2226 barbarorum
848 2200 928 2227 tunc
948 2205 1049 2227 caesa
1066 2194 1267 2227 referuntur
1286 2194 1444 2226 Orosius.

157 2240 198 2273 10
217 2244 350 2276 exustis
373 2245 413 2277 C.
531 2247 565 2277 111
584 2251 700 2278 castra
717 2246 1004 2289 munitionesque]
1025 2247 1116 2278 intra
1134 2245 1387 2287 munitioness.
1494 2245 1531 2278 11
1554 2255 1634 2276 suas

154 2301 224 2323 om.
246 2294 284 2326 C.
441 2302 647 2340 receperunt
663 2308 711 2330 m.
727 2308 784 2340 pr.
808 2299 849 2331 C.
1014 2299 1054 2331 12
1073 2298 1139 2329 alio
1158 2297 1323 2338 seseset
1338 2308 1406 2328 sec.
1425 2307 1472 2328 m.
1493 2297 1545 2334 B,
1567 2297 1634 2328 alio

156 2352 254 2386 quam
274 2346 306 2377 b.
451 2348 489 2380 15
507 2349 684 2390 prouincia
705 2349 744 2381 C.
873 2348 914 2381 16
933 2349 967 2381 111
986 2349 1137 2380 autuatis
1156 2349 1186 2380 B
1205 2351 1240 2379 et
1257 2350 1476 2380 coniunctim
1493 2348 1525 2380 A
1544 2347 1637 2390 (‘pe7·

156 2395 296 2428 ietz‘am
314 2398 332 2428 b
351 2400 423 2432 etl*
448 2399 572 2441 alii’)‚·
600 2401 633 2432 in
658 2405 850 2433 mantuates
874 2401 965 2441 DE,
994 2401 1028 2432 in
1057 2401 1245 2441 atuatess,
1276 2400 1309 2431 in
1337 2403 1496 2430 antuatos
1522 2399 1578 2431 C?
1607 2402 1643 2430 et

155 2455 224 2477 sec.
244 2457 290 2478 m.
311 2448 353 2480 B.
494 2450 572 2482 inde
593 2461 661 2482 om.
686 2452 726 2483 C.
889 2451 1092 2491 Allobroges
1110 2451 1184 2483 AB
1199 2451 1302 2491 GEs
1315 2450 1418 2481 ‘yn-93.
1436 2450 1637 2491 plerz'que',

155 2496 360 2540 Allobrogas
379 2510 413 2533 u.
580 2502 621 2536 18
641 2502 772 2535 Caesar
790 2513 858 2534 om.
878 2513 926 2536 m.
939 2513 1000 2544 pr.
1023 2503 1054 2533 b.
1233 2502 1275 2536 20
1294 2502 1343 2533 ita
1361 2502 1370 2519 ‘
1384 2513 1452 2534 om.
1476 2503 1493 2533 b
1507 2502 1559 2534 dt·
1578 2503 1641 2534 sed

159 2550 241 2582 uide
258 2562 331 2592 seq.
353 2552 505 2594 dz‘serep.
646 2554 747 2597 inita]
768 2555 800 2586 in
815 2555 854 2596 s.
995 2554 1027 2585 in
1048 2564 1116 2585 om.
1136 2553 1168 2585 A
1183 2553 1200 2584 b
1214 2553 1277 2595 ef.
1410 2554 1449 2587 ‘21
1471 2559 1504 2585 et
1522 2554 1636 2595 om.f.

299 2605 341 2638 23
361 2604 501 2636 Publius
520 2605 572 2643 B,
592 2605 628 2637 P.
648 2616 685 2637 u.
842 2606 1049 2637 adulescens
1068 2606 1184 2637 ABI)
1199 2606 1248 2637 E.-
1269 2607 1307 2636 z‘n
1327 2605 1359 2636 A
1375 2608 1411 2636 et
1428 2606 1457 2636 B
1476 2616 1492 2636 o
1512 2609 1565 2637 est
1581 2616 1640 2637 su—

152 2665 221 2697 per
237 2665 280 2696 u,
299 2656 361 2687 sed
377 2659 413 2688 in
432 2658 496 2689 hoc
511 2668 577 2689 see.
598 2668 645 2690 m.
808 2659 851 2693 24
870 2659 903 2689 in
922 2656 1089 2698 Andibus]
1110 2657 1217 2699 quiin
1236 2656 1389 2688 Andibus
1410 2658 1463 2689 C?
1482 2658 1500 2689 b
1517 2661 1553 2689 et
1566 2667 1636 2689 see.

156 2718 203 2739 m.
224 2708 275 2748 B,
295 2708 351 2750 qui
370 2709 504 2741 audibis
514 2710 562 2752 s.-
583 2710 670 2752 apud
687 2709 891 2751 Andegauos
909 2710 1066 2742 Orosius,
1176 2709 1344 2740 hiemarat
1362 2709 1434 2740 AB
1447 2709 1547 2750 ees,
1568 2709 1640 2741 hie-

158 2764 314 2791 mauerat
335 2760 454 2792 CDE.
475 2760 517 2791 P.
538 2760 594 2793 21.
764 2760 806 2795 25
826 2760 1005 2802 conplures
1024 2760 1067 2791 B.
1230 2760 1272 2793 26
1292 2759 1453 2791 Frumenti
1473 2769 1638 2791 commea-

159 2816 278 2853 tusque
297 2812 434 2854 petendi
453 2822 557 2843 causa
577 2812 729 2853 bede-s.
877 2811 965 2854 erat]
985 2816 1020 2843 et
1039 2811 1124 2851 (ΣΙ),
1147 2815 1201 2843 cst
1218 2812 1302 2853 Es,
1324 2814 1388 2853 qui
1403 2811 1511 2843 addit
1524 2811 1557 2843 in
1578 2810 1637 2843 Se-

159 2864 291 2895 suuios.
431 2863 530 2896 Titus
549 2864 598 2903 B,
621 2862 746 2905 T.su.
