1835 3240
79 161 162 204 266
601 156 676 199 DE
707 156 896 200 BELLO
930 154 1183 198 GALLICO
1230 173 1239 183 ’-

154 280 300 327 quanto
322 273 360 314 id
381 287 471 314 cum
493 272 664 328 periculo
687 272 840 320 fecerit,
867 278 906 311 et
927 271 973 311 ob
996 284 1081 311 eam
1093 285 1266 321 causam,
1291 271 1482 326 quamdiu
1500 278 1637 326 potue·

78 340 135 385 18
158 341 230 392 rit,
267 341 449 383 tacuisse.
503 338 656 382 Caesar
678 341 748 380 hac
770 340 949 379 oratione
971 337 1083 379 Lisci
1105 338 1389 394 Dumnorigem
1404 370 1415 389 ,
1448 338 1635 380 Diuitiaci

154 410 330 458 fratrem,
356 409 556 463 designari
578 408 796 457 sentiebat,
830 407 898 447 sed
914 437 924 457 ,
958 407 1057 460 quod
1080 407 1251 460 pluribus
1274 407 1545 460 praesentibus
1568 421 1635 448 eas

153 490 220 517 res
250 477 389 518 iactari
422 477 603 526 nolebat,
638 475 821 516 celeriter
842 475 1050 515 concilium
1072 475 1252 524 dimittit,
1287 473 1451 516 Liscum
1474 476 1630 516 retinet.

105 543 134 585 2
155 541 324 598 Quaerit
356 559 409 585 ex
437 546 522 585 solo
554 558 624 594 ea,
665 557 763 596 quae
792 543 833 583 in
872 550 1069 583 conuentu
1102 543 1273 584 dixerat.
1335 541 1443 583 Dicit
1471 543 1631 584 liberius

161 619 277 666 atque
289 612 492 653 audacius.
524 611 673 652 Eadem
695 618 853 652 secreto
875 611 922 651 ab
945 611 1032 651 aliis
1055 611 1232 664 quaerit,
1258 610 1507 664 reperitesse
1523 625 1630 652 uera:

106 677 131 718 3
152 677 285 735 Ipsum
317 693 405 720 esse
434 678 744 734 Dumnorigem,
779 692 924 719 summa
959 679 1143 728 audacia,
1179 692 1321 731 magna
1353 679 1453 731 apud
1484 678 1635 733 plebem

153 754 312 802 propter
332 747 607 788 liberalitatem
629 747 773 802 gratia,
808 747 985 800 cupidum
1008 761 1138 787 rerum
1161 760 1366 787 nouarum.
1412 743 1637 800 Compluris

152 830 277 857 annos
301 815 474 870 portoria
496 815 721 869 reliquaque
745 815 874 855 omnia
896 814 1150 855 Haeduorum
1174 814 1382 869 uectigalia
1405 828 1527 868 paruo
1549 828 1637 868 pre-

153 885 208 924 tio
231 884 431 937 redempta
453 882 612 934 habere,
636 890 845 937 propterea
859 883 961 938 quod
981 883 1047 922 illo
1063 883 1206 923 licente
1218 891 1355 923 contra
1372 882 1482 923 liceri
1497 882 1641 922 audeat

104 951 131 991 4
152 965 282 992 nemo.
327 949 401 991 His
424 951 543 991 rebus
566 958 605 992 et
626 965 735 991 suam
757 965 842 992 rem
864 951 1094 992 familiarem
1117 953 1278 992 auxisse
1300 958 1339 991 et
1360 952 1568 991 facultates
1588 950 1636 990 ad

104 1017 129 1059 5
151 1019 395 1074 largiendum
418 1032 580 1073 magnas
603 1033 875 1073 comparasse,
915 1033 1097 1074 magnum
1121 1033 1322 1060 numerum
1346 1020 1542 1073 equitatus
1564 1032 1636 1059 suo

104 1085 132 1126 6
153 1094 310 1141 sumptu
332 1101 488 1141 semper
509 1087 615 1128 alere
638 1095 677 1128 et
699 1087 843 1127 circum
867 1101 910 1128 se
933 1088 1094 1135 habere,
1119 1101 1247 1140 neque
1269 1089 1395 1128 solum
1418 1086 1537 1136 domi,
1561 1085 1630 1126 sed

153 1155 270 1195 etiam
293 1156 395 1209 apud
416 1155 601 1195 finitimas
624 1155 807 1196 ciuitates
831 1156 995 1209 largiter
1023 1169 1139 1209 posse
1162 1162 1278 1208 atque
1300 1156 1414 1195 huius
1437 1154 1637 1208 potentiae

151 1237 273 1264 causa
305 1230 468 1264 matrem
498 1223 536 1264 in
562 1222 809 1277 Biturigibus
832 1224 978 1264 homini
1010 1224 1090 1263 illic
1113 1223 1358 1263 nobilissimo
1380 1237 1425 1263 ac
1447 1221 1639 1276 potentis-

102 1289 128 1332 7
151 1291 251 1332 simo
274 1291 488 1332 collocasse
503 1323 513 1341 ,
538 1292 662 1345 ipsum
693 1305 746 1332 ex
767 1291 964 1332 Heluetiis
987 1305 1153 1331 uxorem
1178 1291 1322 1331 habere
1337 1322 1347 1340 ,
1383 1303 1563 1330 sororem
1585 1302 1638 1329 ex

103 1357 130 1400 8
152 1365 277 1399 matre
300 1366 338 1399 et
359 1359 596 1413 propinquas
620 1373 713 1399 snas
736 1366 897 1412 nuptum
920 1359 961 1399 in
983 1359 1080 1399 alias
1104 1359 1287 1398 ciuitates
1300 1358 1532 1398 collocasse.
1558 1354 1637 1396 Fa-

86 1457 97 1459 »
150 1440 245 1467 uere
268 1433 308 1467 et
329 1441 472 1482 cupere
495 1427 689 1467 Heluetiis
715 1434 875 1480 propter
897 1441 980 1466 eam
1003 1427 1259 1476 adfinitatem,
1285 1427 1416 1466 odisse
1434 1425 1553 1466 etiam
1566 1437 1638 1465 suo

151 1497 309 1538 nomine
332 1494 548 1538 Caesarem
571 1502 610 1534 et
632 1493 851 1544 Romanos,
877 1496 977 1548 quod
1001 1509 1135 1535 eorum
1158 1495 1331 1535 aduentu
1354 1493 1529 1547 potentia
1552 1492 1636 1533 eius

153 1566 378 1616 deminuta,
416 1572 454 1606 et
484 1563 705 1604 Diuitiacus
737 1564 862 1603 frater
888 1564 928 1603 in
960 1563 1161 1616 antiquum
1190 1562 1317 1602 locum
1349 1562 1503 1617 gratiae
1524 1568 1640 1614 atque

104 1632 130 1673 9
153 1633 314 1674 honoris
336 1634 385 1674 sit
408 1632 631 1673 restitutus.
672 1629 717 1672 Si
739 1631 829 1684 quid
852 1631 1005 1671 accidat
1024 1630 1233 1681 Romanis,
1258 1644 1447 1670 summam
1469 1629 1508 1669 in
1530 1642 1639 1683 spem

151 1715 220 1755 per
241 1701 448 1742 Heluetios
471 1701 584 1754 regni
608 1699 809 1740 obtinendi
834 1700 998 1751 uenire3
1023 1699 1188 1753 imperio
1212 1698 1342 1753 populi
1365 1697 1535 1737 Romani
1558 1711 1638 1737 non

151 1769 266 1809 modo
289 1770 335 1809 de
357 1781 481 1822 regno
497 1799 507 1815 ,
533 1769 601 1808 sed
624 1768 740 1807 etiam
764 1768 809 1807 de
833 1782 901 1816 ea,
926 1782 1040 1820 quam
1065 1767 1230 1816 habeat,
1255 1766 1383 1820 gratia
1406 1766 1634 1819 desperare.

78 1835 132 1879 10
151 1835 395 1891 Reperiebat
428 1836 544 1876 etiam
577 1836 615 1875 in
648 1836 875 1888 quaerendo
908 1832 1083 1885 Caesar,
1119 1835 1219 1888 quod
1242 1834 1433 1888 proelium
1457 1839 1640 1886 equestre

154 1905 364 1946 aduersum
386 1904 520 1958 paucis
544 1910 635 1944 ante
658 1903 794 1944 diebus
817 1910 925 1944 esset
945 1905 1114 1952 factum,
1149 1903 1302 1942 initium
1333 1902 1417 1942 eius
1447 1902 1562 1955 fugae
1584 1901 1640 1941 fa-

151 1981 256 2014 ctum
288 1987 310 2014 a
341 1971 587 2025 Dumnorige
617 1978 733 2024 atque
756 1971 839 2012 eius
863 1971 1057 2024 equitibus
1081 1973 1189 2024 (nam
1213 1971 1421 2023 equitatui,
1454 1983 1567 2023 quem
1589 1981 1658 2008 au·

151 2042 249 2082 xilio
269 2040 438 2082 Caesari
460 2039 615 2080 Haedui
637 2040 843 2089 miserant,
878 2038 1103 2079 Dumnorix
1125 2044 1353 2092 praeerat):
1389 2051 1522 2078 eorum
1545 2037 1639 2091 fuga

74 2110 129 2155 19
152 2110 346 2163 reliquum
368 2122 457 2149 esse
479 2107 696 2161 equitatum
719 2107 989 2162 perterritum.
1026 2105 1179 2159 Quibus
1201 2106 1319 2147 rebus
1343 2104 1528 2159 cognitis,
1553 2118 1639 2144 cum

151 2177 200 2218 ad
222 2178 291 2218 has
313 2176 558 2231 suspiciones
581 2175 827 2216 certissimae
848 2190 913 2216 res
935 2177 1194 2225 accederent,
1228 2175 1329 2228 quod
1352 2187 1421 2228 per
1443 2173 1540 2214 fines
1564 2169 1638 2212 Se-

152 2259 371 2300 quanorum
404 2243 616 2286 Heluetios
646 2244 913 2295 traduxisset,
948 2244 1050 2297 quod
1082 2243 1240 2284 obsides
1270 2242 1377 2283 inter
1399 2254 1467 2282 eos
1489 2240 1637 2280 dandos

297 2395 316 2426 4
334 2394 478 2426 tractari
500 2394 530 2425 b.
675 2394 692 2425 5
712 2392 815 2424 asolo
835 2402 921 2434 quae
942 2391 973 2422 b.
1123 2392 1141 2424 6
1161 2391 1311 2434 repperit
1328 2400 1361 2421 α.
1511 2388 1531 2420 8
1550 2397 1639 2418 com-

153 2444 260 2487 pluris
283 2444 380 2476 ‘rm-s.
402 2444 465 2483 10',
486 2444 677 2487 complures
697 2445 770 2484 (αδς
798 2443 1026 2485 compluribus
1044 2443 1143 2475 annis
1164 2444 1193 2474 b.
1352 2441 1370 2473 9
1390 2440 1583 2472 Heduorum
1602 2449 1637 2471 a.

297 2495 338 2527 10
357 2495 416 2527 illo
437 2495 570 2527 dicente
591 2496 688 2526 ‘mss.
706 2493 881 2536 plerique'
900 2494 959 2535 af.
1122 2493 1221 2524 liceri
1241 2492 1366 2531 Aldus-3
1385 2491 1491 2522 licere
1509 2490 1584 2521 AD
1597 2489 1636 2530 E,

152 2546 267 2587 dicere
288 2546 411 2577 ‘iidem
427 2545 538 2586 mss-J,
558 2548 622 2586 qui
639 2545 788 2585 dicente,
808 2545 867 2585 af.
1017 2543 1055 2576 15
1076 2542 1290 2583 Viturigibus
1311 2542 1407 2572 ίιηςες.
1424 2540 1599 2583 plerique’
1617 2551 1652 2572 a.

297 2607 336 2629 ac
356 2597 594 2640 potentissimo
613 2606 682 2628 om.
703 2606 724 2627 a
744 2596 841 2627 ‘mss.
861 2595 906 2628 4'.
1088 2595 1126 2626 18
1145 2594 1356 2626 adfinitatem
1375 2594 1477 2635 Aaf.

155 2649 259 2681 etiam
278 2642 416 2681 suorum
434 2659 455 2681 a
476 2652 559 2681 ante
577 2657 672 2680 corr.
691 2652 727 2680 et
746 2648 777 2679 b.
918 2647 961 2681 23
986 2645 1136 2678 habebat
1162 2656 1183 2677 a
1203 2646 1300 2678 ‘mssa
1321 2644 1492 2688 qm'dam'.

151 2700 196 2734 24
214 2699 430 2742 repperiebant
446 2709 481 2731 α.
635 2698 668 2729 in
698 2697 893 2739 quaerendo
922 2697 1019 2728 ‘mss.
1048 2700 1187 2728 ueteres
1214 2696 1322 2728 multi
1338 2699 1374 2728 et
1390 2694 1642 2727 uetustissz'mi‘

155 2752 230 2784 AE
247 2755 285 2784 et
300 2762 347 2784 m.
365 2753 463 2783 seca?
483 2750 533 2791 Ο,-
560 2749 764 2792 inquirendo
793 2750 859 2791 as
878 2751 912 2781 et
938 2758 984 2780 m.
1002 2751 1087 2789 pru?
1111 2749 1149 2780 ζ’.
1314 2749 1356 2780 25
1386 2752 1481 2780 esset
1504 2758 1572 2780 om.
1596 2747 1637 2779 C.

299 2804 341 2837 ‘26
362 2803 516 2846 equitatu
536 2813 556 2834 u
576 2805 702 2834 contra
721 2801 822 2833 codd.
989 2801 1031 2833 27
1052 2800 1160 2833 Hedui
1179 2811 1212 2832 α.
1378 2801 1422 2833 28
1451 2801 1639 2843 equitatum

158 2866 234 2888 esse
256 2856 286 2887 b.

1672 889 1711 921 10

1672 1227 1711 1260 15

1670 1567 1712 1599 20

1670 1907 1712 1940 25

1669 2245 1711 2278 30
