1835 3240
459 197 633 240 BELLI
663 195 912 240 AFRICAE
945 193 1133 238 CAPVT
1156 196 1176 236 l
1192 197 1294 237 —2.
1616 193 1697 237 665

278 469 800 540 BELLVM
897 464 1486 539 AFRIOAE.

258 798 412 842 Caesar
442 798 649 840 itineribus
681 798 794 839 iustis
826 798 1016 838 confectis
1048 798 1154 838 nullo
1186 797 1247 838 die
1278 797 1505 838 intermisso
1527 811 1564 837 a.
1591 796 1629 836 d.

143 875 240 909 Xllll
262 866 351 909 Hal.
376 866 461 908 Ian.
486 866 720 922 Lilybaeum
753 866 934 921 peruenit
961 866 1169 920 statimque
1200 866 1371 906 ostendit
1401 878 1489 906 sese
1511 878 1633 905 naues

146 936 248 977 uelle
279 935 573 984 conscendere,
618 950 704 975 cum
736 949 815 975 non
846 934 1011 989 amplius
1043 934 1238 988 legionem
1272 934 1442 973 tironum
1472 933 1636 973 haberet

144 1018 261 1044 unam
276 1036 287 1054 ⁷
324 1004 473 1056 equites
496 1002 563 1043 uix
587 1010 657 1042 DC.
703 1002 1020 1043 Tabernaculum
1043 1002 1257 1042 secundum
1279 1001 1372 1041 litus
1394 1001 1517 1054 ipsum
1541 1015 1636 1041 con-

100 1079 118 1110 5
151 1071 293 1120 stituit,
321 1078 363 1110 ut
384 1084 503 1124 prope
526 1070 666 1110 fluctus
688 1071 935 1111 uerberaret.
977 1069 1065 1111 Hoc
1089 1084 1135 1110 eo
1159 1070 1323 1110 consilio
1347 1069 1456 1119 fecit,
1480 1083 1529 1109 ne
1552 1069 1638 1122 quis
1658 1067 1686 1109 2

148 1139 222 1179 sibi
256 1153 388 1179 morae
423 1139 626 1192 quicquam
650 1139 734 1179 fore
757 1146 961 1192 speraret,
996 1145 1036 1178 et
1056 1145 1099 1178 ut
1120 1151 1255 1178 omnes
1277 1138 1317 1177 in
1340 1137 1421 1177 dies
1443 1137 1638 1190 horasque

148 1207 276 1261 parati
308 1214 458 1248 essent.
504 1205 646 1246 Incidit
677 1220 746 1260 per
767 1207 804 1247 id
827 1214 980 1261 tempus
996 1238 1006 1257 ,
1040 1213 1084 1246 ut
1107 1212 1358 1260 tempestates
1381 1205 1427 1244 ad
1450 1205 1640 1259 nauigan-
1662 1202 1686 1243 3

150 1275 239 1314 dum
261 1275 424 1315 idoneas
449 1289 527 1315 non
549 1274 724 1314 haberet.
756 1273 895 1315 Nihilo
919 1282 1049 1315 tamen
1072 1275 1199 1314 minus
1223 1274 1263 1313 in
1286 1272 1449 1313 nauibus
1471 1273 1642 1326 remiges

149 1343 371 1396 militesque
409 1343 612 1383 continere
655 1349 695 1382 et
735 1343 881 1383 nullam
923 1342 1241 1397 praetermittere
1272 1341 1521 1381 occasionem
1552 1353 1642 1393 pro-

78 1417 118 1450 10
151 1411 358 1451 fectionis:
395 1425 481 1451 cum
516 1411 750 1465 pracsertim
774 1412 821 1451 ab
843 1411 983 1452 incolis
1007 1411 1091 1452 eius
1115 1409 1345 1465 prouinciae
1367 1408 1644 1448 nuntiarentur
1663 1405 1690 1446 4

151 1479 468 1519 aduersariorum
492 1479 627 1533 copiae
650 1480 844 1532 equitatus
866 1480 1061 1529 infinitus,
1086 1479 1264 1532 legiones
1286 1477 1421 1530 regiae
1444 1483 1522 1523 IIII,
1542 1475 1641 1515 leuis

154 1555 374 1588 armaturae
397 1561 537 1601 magua
560 1547 636 1598 uis,
654 1545 852 1602 Scipionis
874 1547 1052 1601 legiones
1074 1554 1122 1597 X,
1143 1545 1341 1601 elephanti
1361 1551 1455 1584 CXX
1477 1545 1644 1584 classes-

156 1629 229 1668 que
251 1629 338 1656 esse
362 1616 599 1669 complures,
620 1622 750 1656 tamen
774 1631 852 1657 non
876 1616 1151 1657 deterrebatur
1172 1615 1380 1667 animoque
1402 1620 1442 1654 et
1463 1625 1530 1666 spe
1553 1624 1645 1652 con-

154 1682 311 1723 fidebat,
356 1682 520 1724 Interim
552 1684 592 1724 in
627 1685 708 1724 dies
742 1691 781 1725 et
812 1699 935 1725 naues
967 1685 1109 1739 longae
1132 1683 1344 1737 adaugeri,
1380 1688 1418 1722 et
1439 1679 1645 1720 onerariae
1667 1676 1692 1718 5

81 1758 121 1792 15
155 1751 371 1805 complures
405 1753 542 1792 eodem
572 1766 841 1801 concurrere,
876 1759 916 1792 et
936 1752 1116 1806 legiones
1139 1752 1310 1792 tironum
1333 1747 1574 1796 conuenire,
1605 1746 1647 1786 in

154 1819 214 1859 his
236 1825 425 1860 ueterana
445 1820 548 1875 legio
571 1820 720 1874 quinta,
739 1821 910 1874 equitum
933 1820 980 1860 ad
1003 1828 1032 1860 ΙΙ
1051 1820 1173 1860 milia.
1207 1818 1455 1873 Legionibus
1473 1814 1648 1856 collectis
1669 1813 1696 1857 2

152 1893 199 1926 VI
221 1894 262 1929 et
283 1888 455 1941 equitum
479 1895 508 1928 11
530 1888 701 1936 milibus,
728 1896 769 1929 ut
790 1902 966 1942 quaeque
988 1888 1112 1943 prima
1133 1888 1236 1941 legio
1258 1891 1439 1935 uenerat,
1462 1884 1503 1924 in
1524 1895 1647 1924 naues

156 1955 293 2009 longas
315 1956 603 2010 imponebatur,
625 1957 776 2010 equites
798 1964 927 1998 autem
950 1957 991 1997 in
1013 1956 1233 1997 onerarias.
1267 1954 1327 1994 Ita
1348 1955 1536 1994 maiorem
1559 1965 1648 2006 par·
1668 1949 1696 1989 2

157 2030 235 2064 tem
257 2024 417 2063 nauium
440 2025 673 2065 antecedere
695 2025 811 2065 iussit
833 2031 871 2065 et
891 2024 1058 2065 insulam
1082 2031 1216 2079 petere
1238 2022 1488 2077 Aponianam
1506 2052 1516 2070 ‚
1551 2032 1649 2072 quae

82 2098 125 2131 20
157 2091 270 2132 abest
309 2106 331 2132 a
362 2090 555 2147 Lilybaeo
591 2123 788 2133 ......
824 2099 1088 2133 commoratus
1118 2092 1222 2132 bona
1254 2104 1467 2146 paucorum
1497 2086 1650 2142 publice
1671 2084 1696 2126 3

157 2160 307 2210 uendit,
334 2160 473 2201 deinde
494 2160 639 2202 Alieno
661 2161 852 2216 praetori,
878 2161 944 2214 qui
961 2158 1137 2202 Siciliam
1160 2159 1373 2214 optinebat‚
1400 2158 1446 2198 de
1469 2154 1649 2196 omnibus

158 2228 276 2269 rebus
307 2228 500 2283 praecipit
530 2236 569 2269 et
600 2229 646 2270 de
667 2229 818 2283 reliquo
842 2228 1023 2271 exercitu
1046 2228 1230 2270 celeriter
1250 2225 1490 2282 inponendo,
1533 2222 1649 2264 Datis
1669 2220 1698 2263 4

301 2342 425 2386 Incipit
443 2343 532 2375 liber
548 2344 631 2376 belli
649 2344 797 2377 Affricae
818 2343 969 2377 feliciter
985 2355 1028 2385 α,
1058 2347 1094 2376 ct
1109 2343 1248 2377 Africae
1268 2345 1378 2375 etiam
1397 2342 1415 2374 b
1434 2352 1471 2382 c,
1501 2339 1652 2372 adiecti-

159 2402 245 2424 uum
262 2392 462 2426 Africanum
488 2395 636 2426 eoehz'bet
658 2395 692 2427 d.
712 2395 754 2428 P.
775 2397 818 2431 92
837 2397 889 2427 in.
913 2394 1105 2428 ‘Nonnulli
1121 2405 1205 2427 mss.
1228 2394 1390 2427 Caesaris
1407 2402 1533 2425 nomen
1547 2401 1652 2433 prae-

152 2445 290 2486 figunt,
311 2445 379 2476 alii
395 2443 560 2476 nullum'.
580 2445 621 2476 P.
642 2446 698 2478 33.
840 2446 855 2478 1
872 2455 902 2478 a.
919 2446 952 2478 d.
972 2446 1161 2486 Dauisz'us,
1175 2446 1216 2477 ad
1236 2445 1336 2477 codd.
1476 2443 1568 2478 2x1v
1582 2441 1648 2484 (a).

305 2496 357 2528 lxt
375 2495 448 2529 Ian.
462 2496 628 2530 Lilibeum
641 2508 674 2529 α.
818 2497 836 2529 6
849 2498 1029 2540 quicquam
1047 2509 1082 2539 α,
1095 2508 1163 2530 non
1183 2497 1297 2540 quidq.
1440 2495 1513 2528 fore
1532 2505 1601 2528 om.
1617 2495 1646 2526 b.

307 2548 346 2580 13
365 2559 441 2581 esse
460 2561 529 2583 om.
551 2551 583 2583 b.
782 2550 822 2583 15
843 2551 960 2583 eodem
979 2561 1047 2583 om.
1070 2551 1101 2582 b.
1301 2549 1340 2582 16
1358 2549 1509 2591 equitnm
1527 2558 1596 2580 om.
1618 2547 1647 2578 b.

308 2600 348 2632 17
365 2602 518 2645 milibus]
538 2603 634 2635 milia
650 2613 684 2635 α.
906 2608 1009 2646 utque
1029 2603 1091 2646 (an
1109 2605 1240 2636 omisso
1259 2612 1411 2645 quaeque
1423 2602 1453 2639 ἵ)
1475 2601 1506 2633 b.

167 2653 206 2685 19
225 2652 434 2694 Apononiam
454 2655 485 2686 b.
689 2666 775 2699 quae
795 2656 894 2688 abest
911 2667 931 2688 α
952 2657 969 2688 b
989 2667 1018 2697 c,
1040 2666 1125 2699 quae
1146 2667 1211 2688 non
1231 2655 1331 2687 abest
1349 2655 1387 2687 P.
1407 2654 1595 2686 Manuiz‘us
1613 2660 1647 2681 u.

307 2704 543 2739 20Lilibre01n
562 2719 597 2740 α.
616 2708 802 2741 Lacunam
821 2719 884 2751 ego
903 2711 1043 2741 notaui.
1186 2712 1413 2740 commoratus
1431 2717 1452 2738 α
1472 2716 1499 2745 c,
1521 2714 1589 2736 om.
1611 2703 1650 2743 b‚·

167 2755 280 2798 ibique
309 2761 535 2789 commoratus
562 2759 640 2790 611ιί.
663 2763 828 2801 priores,
858 2760 930 2802 ipse
950 2769 1067 2801 parum
1086 2763 1314 2792 commoratus
1334 2768 1413 2789 cum
1432 2767 1501 2788 nno
1520 2755 1591 2787 (let.
1611 2764 1648 2786 u.

308 2807 442 2849 publice
462 2809 580 2840 uendit
596 2820 630 2852 a,
650 2812 770 2843 uendit
787 2811 923 2854 publice
942 2811 1020 2843 edd.
1162 2811 1202 2846 21
1217 2810 1339 2843 Α116110
1358 2819 1378 2840 α
1398 2809 1495 2839 ‘mss-
1517 2810 1553 2838 et
1568 2805 1647 2838 edd.

169 2858 277 2900 qddst,
300 2858 435 2890 Allieno
455 2858 608 2892 Vrsinus
626 2871 661 2893 u.
828 2862 1006 2905 optinebat
1023 2873 1057 2896 α.
1216 2862 1259 2896 22
1277 2858 1457 2903 praecipit]
1477 2858 1598 2892 scribit
1616 2857 1648 2890 b.

312 2909 501 2952 inponendo
521 2920 554 2942 α.
695 2912 785 2945 datis
805 2923 872 2945 om.
895 2913 913 2944 b
932 2913 966 2945 d.
