1835 3240
61 882 101 915 10

61 1220 102 1253 15

59 1558 103 1592 20

59 1897 101 1932 25

62 2236 103 2270 30

602 144 786 191 COMM.
810 143 828 187 1
850 143 976 187 CAP.
998 143 1026 186 2
1039 169 1093 175 -
1109 143 1150 184 5.
1608 144 1691 188 495

133 275 250 320 atque
279 276 440 311 eorum,
474 260 538 314 qui
568 267 723 302 ueteres
751 258 980 300 inimicitias
1011 271 1098 298 cum
1127 253 1302 297 Caesare
1332 257 1543 310 gerebant,
1576 260 1617 300 in

134 339 312 375 senatum
334 336 552 383 coguntur3
578 343 742 382 quorum
767 327 928 369 uocibus
950 333 991 368 et
1012 325 1616 367 concursuterrenturinfirmio-
1638 327 1663 368 5

131 414 211 449 res,
238 399 342 440 dubii
363 398 670 445 confirmantur,
702 395 899 450 plerisque
921 407 1017 434 uero
1039 392 1161 434 libere
1184 391 1421 432 decernendi
1443 400 1618 445 potestas

134 467 312 521 eripitur.
355 462 742 506 PolliceturL.Piso
765 476 909 503 censor
929 475 1017 501 sese
1038 461 1181 501 iturum
1204 459 1251 499 ad
1265 455 1499 509 Caesarem,
1525 460 1617 501 item
1639 461 1665 502 6

135 533 188 576 L.
213 534 386 576 Roscius
409 540 592 588 praetor,
627 531 692 584 qni
727 531 775 570 de
798 530 857 570 liis
880 529 998 570 rebus
1021 542 1108 568 eum
1130 528 1318 568 doceant:
1351 540 1427 567 sex
1459 528 1540 568 dies
1572 529 1621 569 ad

134 617 218 644 eam
241 617 324 644 rem
348 601 629 642 conficiendam
656 598 771 652 spatii
794 598 1010 651 postulant.
1063 595 1262 636 Dicuntur
1292 595 1410 636 etiam
1442 595 1489 635 ab
1521 609 1620 636 non·
1640 596 1665 636 7

135 671 252 712 nullis
275 670 515 718 sententiae,
541 674 582 707 ut
603 667 724 720 legati
747 666 794 705 ad
808 663 1025 706 Caesarem
1048 664 1269 714 mittantur,
1295 664 1358 716 qui
1373 663 1620 704 uoluntatem

134 746 296 782 senatus
319 738 355 779 ei
381 741 612 791 proponant.
655 732 847 775 Omnibus
871 733 930 773 his
951 732 1177 780 resistitur,
1210 731 1469 785 omnibusque
1492 731 1618 773 oratio
1639 732 1669 777 4

135 807 325 856 consulis,
353 804 576 858 Scipionis,
602 798 768 842 Catonis
791 801 1017 855 opponitur.
1062 797 1255 839 Catonem
1278 807 1436 840 ueteres
1457 799 1622 841 inimici-
1641 800 1668 842 2

134 875 211 915 tiae
234 872 423 915 Caesaris
444 871 612 912 incitant
633 877 672 910 et
695 871 807 910 dolor
827 869 1024 924 repulsae.
1056 865 1251 907 Lentulus
1275 868 1379 907 aeris
1401 867 1519 908 alieni
1540 882 1623 909 ma-

134 942 339 996 gnitudine
361 947 400 981 et
420 953 488 993 spe
501 939 702 979 exercitus
725 951 770 977 ac
793 935 1084 990 prouinciarum
1101 942 1140 975 et
1156 948 1291 988 regum
1305 935 1623 988 appellandorum

132 1009 407 1062 largitionibus
429 1013 610 1047 mouetur
631 1019 750 1058 seque
772 1006 937 1045 alterum
961 1005 1045 1044 fore
1065 1000 1216 1043 Sullam
1237 1003 1343 1043 inter
1364 1017 1455 1044 suos
1477 1004 1623 1058 gloria-

134 1084 218 1126 tur,
244 1077 292 1117 ad
313 1090 428 1129 quem
450 1089 602 1115 summa
622 1073 777 1127 imperii
798 1073 950 1113 redeat.
1011 1069 1238 1125 Scipionem
1262 1072 1396 1111 eadem
1419 1085 1509 1125 spes
1532 1087 1621 1126 pro-
1643 1072 1669 1114 3

133 1144 288 1185 uinciae
309 1151 427 1197 atque
449 1142 694 1184 exercituum
716 1141 902 1194 impellit,
937 1154 1034 1193 quos
1059 1153 1102 1180 se
1125 1153 1195 1193 pro
1218 1139 1511 1180 necessitudine
1534 1154 1623 1194 par-

135 1212 295 1253 titurum
317 1226 405 1252 cum
426 1209 615 1265 Pompeio
638 1210 870 1258 arbitratur,
895 1208 1011 1249 simul
1031 1207 1266 1248 iudiciorum
1283 1214 1426 1258 metus,
1450 1209 1623 1250 adulatio

135 1287 252 1332 atque
273 1278 487 1320 ostentatio
509 1279 570 1318 sui
593 1285 632 1318 et
654 1278 894 1332 potentium,
920 1276 982 1329 qui
1003 1276 1044 1316 in
1066 1275 1266 1329 republica
1288 1275 1520 1330 iudiciisque
1542 1284 1622 1318 tum

136 1347 341 1401 plurimum
364 1346 578 1401 pollebant.
621 1344 711 1399 Ipse
732 1343 944 1399 Pompeius
967 1344 1014 1389 ab
1037 1344 1207 1384 inimicis
1224 1341 1412 1384 Caesaris
1434 1345 1622 1388 incitatus
1643 1346 1670 1386 4

135 1423 175 1456 et
196 1416 299 1468 quod
322 1415 518 1455 neminem
550 1414 740 1467 dignitate
771 1427 903 1453 secum
937 1411 1153 1465 exaequari
1185 1411 1344 1452 uolebat
1364 1419 1488 1453 totum
1509 1427 1552 1455 se
1575 1414 1622 1456 ab

136 1483 222 1524 eius
244 1483 417 1524 amicitia
430 1489 633 1523 auerterat
654 1489 792 1522 etcum
806 1480 1079 1521 communibus
1100 1480 1270 1520 inimicis
1292 1480 1331 1520 in
1353 1481 1519 1534 gratiam
1535 1481 1623 1525 red-

134 1551 260 1601 ierat,
294 1565 459 1604 quorum
492 1550 576 1604 ipse
609 1550 821 1590 maximam
844 1556 995 1604 partem
1017 1548 1082 1588 illo
1114 1548 1327 1590 adfinitatis
1359 1555 1534 1603 tempore
1563 1550 1623 1592 in-

135 1616 530 1668 iunxeratCaesari3
555 1618 672 1658 simul
692 1618 854 1658 infamia
877 1618 1039 1657 duarum
1062 1615 1259 1669 legionum
1283 1624 1499 1670 permotus,
1526 1633 1622 1671 quas
1645 1619 1669 1661 5

134 1685 182 1727 ab
203 1686 348 1727 itinere
361 1686 484 1727 Asiae
501 1685 726 1742 Syriaeque
749 1686 797 1725 ad
819 1699 929 1725 suam
952 1685 1167 1738 potentiam
1191 1685 1507 1738 dominatumque
1529 1701 1625 1728 con-

134 1761 331 1804 uerterat,
364 1768 448 1794 rem
477 1755 524 1795 ad
555 1768 665 1795 arma
687 1753 823 1794 deduci
845 1753 1043 1793 studebat.
1106 1751 1180 1793 His
1213 1752 1260 1792 de
1291 1753 1421 1795 causis
1453 1761 1625 1809 aguntur
1644 1756 1672 1801 5

134 1822 264 1864 omnia
284 1822 426 1876 raptim
449 1830 564 1877 atque
588 1822 758 1863 turbate.
788 1820 878 1861 Nec
900 1818 1264 1862 docendiCaesaris
1287 1821 1516 1875 propinquis
1539 1824 1624 1864 eius

132 1890 297 1944 spatium
321 1891 459 1941 datur,
495 1891 769 1948 necaribunis
801 1889 926 1944 plebis
957 1890 1016 1929 sui
1050 1889 1215 1943 periculi
1237 1889 1474 1943 deprecandi
1495 1904 1624 1945 neque

136 1958 255 1999 etiam
277 1959 446 1999 extremi
467 1960 565 2000 iuris
587 1958 875 1999 intercessione
897 1958 1110 2008 retinendi,
1135 1958 1236 2010 quod
1252 1956 1304 1997 L.
1321 1955 1432 1999 Sulla
1453 1958 1624 2013 relique-

135 2034 221 2076 rat,
255 2027 421 2067 facultas
447 2027 652 2077 tribuitur,
684 2027 752 2067 sed
775 2027 821 2066 de
843 2040 915 2066 sua
936 2027 1063 2066 salute
1086 2027 1253 2080 septimo
1277 2026 1339 2066 die
1361 2026 1536 2079 cogitare
1559 2042 1624 2068 co-
1645 2028 1673 2070 2

134 2102 306 2149 guntur,
342 2095 443 2148 quod
474 2095 530 2136 illi
561 2094 891 2135 turbulentissimi
922 2093 1193 2147 superioribus
1217 2093 1456 2147 temporibus
1479 2094 1625 2135 tribuni

135 2162 257 2217 plebis
279 2169 356 2203 VIII
388 2163 556 2217 denique
587 2177 723 2204 mense
756 2176 917 2203 suarum
946 2162 1143 2202 actionum
1175 2162 1376 2216 respicere
1405 2176 1451 2202 ac
1482 2161 1624 2205 timere

135 2238 390 2272 consuerant.
414 2229 653 2273 Decurritur
673 2232 720 2272 ad
741 2231 836 2271 illud
857 2237 1080 2271 extremum
1101 2237 1219 2283 atque
1240 2230 1417 2270 ultimum
1440 2238 1624 2272 senatus·
1645 2230 1671 2272 3

279 2390 296 2423 1
317 2391 487 2424 amicitias
505 2393 538 2424 b.
708 2393 730 2424 4
747 2392 870 2423 iterum
887 2401 935 2423 m.
953 2400 1009 2433 pr.
1030 2400 1065 2422 a.
1252 2390 1272 2423 ὃ
1291 2390 1331 2422 ab
1348 2400 1385 2432 a,
1404 2400 1425 2422 a
1441 2401 1478 2423 u.

139 2440 159 2472 8
172 2448 240 2481 pro
258 2442 367 2474 oratio
387 2446 547 2485 spatium
565 2453 720 2475 uacuum
738 2447 791 2475 est
809 2445 846 2474 in
863 2453 897 2474 a.
1041 2441 1083 2475 12
1101 2439 1230 2484 Syllam
1249 2440 1315 2484 (a).
1481 2442 1522 2475 13
1542 2441 1625 2487 Scy-

141 2490 272 2531 pionem
290 2501 324 2523 a.
468 2495 508 2527 15
527 2495 762 2527 arbitrabatur
779 2495 810 2525 b.
953 2492 993 2526 16
1013 2492 1198 2524 obtestatio
1219 2492 1250 2524 ὁ.
1397 2496 1571 2534 potentum
1592 2495 1623 2526 b.

281 2544 470 2588 republica]
491 2546 591 2578 rebus
610 2556 645 2578 α.
834 2544 875 2578 18
894 2544 1062 2585 dignitate
1080 2553 1195 2576 secum
1213 2554 1234 2575 a
1252 2543 1332 2576 edd.
1351 2547 1436 2575 ante
1453 2555 1489 2585 u,
1508 2555 1624 2578 secum

141 2590 305 2631 dignitate
321 2596 398 2626 sine
415 2600 650 2629 annotatione
667 2607 703 2628 u.
843 2596 887 2631 20
904 2595 1094 2628 adfinitatis
1112 2605 1148 2628 a.
1288 2595 1329 2631 21
1345 2594 1622 2637 CaesariAldus,

142 2639 272 2673 Caesar
287 2653 309 2674 a
328 2645 438 2679 ‘mss.’
575 2649 620 2683 22
637 2648 751 2692 Asyac
767 2657 802 2681 a.
957 2648 1000 2680 23
1020 2647 1084 2679 hiis
1102 2657 1137 2679 α,
1292 2647 1338 2681 24
1354 2648 1479 2690 raptim
1497 2648 1622 2689 Aldus,

140 2694 263 2735 ruptim
281 2704 302 2726 a
315 2696 331 2726 b
344 2697 406 2730 cd.
545 2700 618 2732 eius
637 2711 706 2733 om.
727 2701 757 2732 b.
899 2700 942 2734 25
961 2699 1014 2731 sui
1027 2702 1117 2741 post
1132 2697 1278 2741 periculi
1295 2701 1427 2741 repetit
1444 2709 1479 2732 a.

139 2744 181 2778 2⁰
200 2745 295 2786 55¹¹ss
312 2746 379 2787 (⁴1)·
540 2750 583 2783 29
602 2756 723 2785 octauo
743 2750 888 2792 denique
906 2760 1023 2783 mense
1039 2749 1169 2790 Aldus,
1189 2755 1265 2783 octo
1282 2749 1428 2793 denique
1447 2759 1584 2783 meuses
1602 2759 1623 2782 α

142 2796 224 2827 ‘mei
241 2796 369 2829 decem'
386 2800 413 2831 i.
431 2809 461 2832 e.
481 2810 613 2834 omnes.
815 2801 969 2846 suarum]
988 2802 1164 2835 uariarum
1181 2812 1203 2835 a
1217 2802 1235 2835 b
1247 2812 1276 2835 c.
1482 2801 1524 2834 30
1544 2811 1623 2834 con-

142 2846 270 2879 suerat*
281 2857 316 2879 α.
