1835 3240
95 173 179 216 668
691 174 863 217 BELLI
885 174 1133 217 AFRICAE

171 287 281 328 ranis
297 317 308 338 ,
343 301 440 341 quas
461 301 593 329 seeum
615 288 795 335 habebat,
820 289 860 328 in
882 295 1061 329 extremo
1083 289 1238 342 agmine
1261 289 1462 330 collocatis
1485 296 1523 330 et
1543 295 1654 342 parte

171 355 369 408 equitatus
400 357 477 398 iter
505 356 650 397 leniter
680 369 767 395 cum
799 355 960 408 reliquis
984 357 1115 396 faeere
1137 357 1280 410 coepit.
1322 355 1380 398 Ita
1403 364 1547 410 quanto
1568 357 1653 397 lon-

172 423 259 476 gius
282 423 329 463 ab
351 424 489 478 oppido
513 422 802 473 discedebatur,
823 430 933 463 tanto
956 424 1149 464 tardiores
1171 424 1219 464 ad
1240 424 1517 478 insequendum
1541 430 1656 464 eraut

123 489 150 531 6
169 489 382 532 Numidae.
427 490 587 531 Interim
622 490 662 530 in
684 490 826 531 itinere
849 505 900 531 ex
923 491 1072 545 oppidis
1096 499 1135 532 et
1156 491 1329 532 castellis
1352 491 1568 544 legationes
1589 505 1656 532 ue-

170 559 256 599 nire
278 566 315 599 et
337 558 513 612 polliceri
536 559 771 598 frumentum
788 566 1026 613 paratosque
1046 573 1134 600 esse
1148 559 1647 613 quaeimperassetfacere.

169 624 309 679 Itaque
330 639 377 665 eo
400 625 461 665 die
483 632 614 666 castra
632 626 761 680 posuit
782 627 829 667 ad
852 627 1032 681 oppidum
1053 626 1271 682 Ruspinam
1289 658 1299 677 ,
1324 624 1414 666 Hal.
1440 625 1652 668 Ianuariis.

122 695 150 739 ’7
170 693 265 735 Inde
298 693 418 733 mouit
449 700 488 734 et
517 694 695 747 peruenit
723 694 771 734 ad
804 695 984 749 oppidum
1005 693 1180 749 Leptin,
1212 694 1376 735 liberam
1399 694 1596 735 ciuitatem
1618 701 1658 735 et

169 763 383 803 inmunem.
427 759 570 814 Legati
602 776 655 802 ex
685 762 824 816 oppido
857 762 1013 802 obuiam
1044 763 1234 812 ueniunt,
1267 761 1436 803 libenter
1463 775 1506 802 se
1528 761 1657 802 omnia

122 832 150 873 2
171 832 345 870 facturos
360 859 371 878 ,
396 842 495 881 quae
518 829 654 880 uellet,
679 830 929 883 pollicentur.
973 828 1112 883 Itaque
1134 829 1430 871 centurionibus
1452 830 1499 869 ad
1522 835 1654 883 portas

168 897 295 952 oppidi
317 903 356 937 et
377 896 565 936 custodiis
586 897 793 952 impositis,
811 912 860 938 ne
882 898 968 951 quis
990 899 1102 938 miles
1124 898 1164 938 in
1187 898 1364 952 oppidum
1387 897 1572 937 introiret
1591 904 1658 937 aut

168 965 350 1006 iniuriam
383 965 532 1005 faceret
563 965 731 1019 cuipiam
763 966 916 1006 incolae
933 996 943 1014 ,
977 980 1056 1006 non
1076 966 1192 1019 longe
1215 965 1262 1005 ab
1285 966 1423 1019 oppido
1445 965 1658 1005 secundum

122 1033 147 1075 3
169 1033 261 1074 litus
294 1034 387 1074 facit
408 1041 555 1074 castra.
598 1032 826 1088 Eodemque
848 1048 970 1075 naues
994 1034 1202 1074 onerariae
1223 1041 1262 1074 et
1282 1034 1424 1087 longae
1446 1032 1658 1073 nonnullae

169 1116 264 1142 casu
286 1102 552 1152 aduenerunt3
587 1102 762 1155 reliquae
778 1133 788 1152 ,
811 1109 854 1142 ut
877 1109 937 1143 est
959 1103 992 1142 ei
1016 1102 1232 1142 nuntiatum
1247 1133 1257 1152 ,
1281 1101 1458 1142 incertae
1481 1101 1656 1141 locorum

120 1169 147 1209 4
169 1168 324 1212 Vticam
356 1183 497 1210 uersus
528 1176 663 1223 petere
694 1171 805 1210 uisae
828 1177 934 1210 sunt.
977 1168 1139 1209 Interim
1164 1166 1316 1210 Caesar
1337 1184 1359 1210 a
1380 1169 1478 1209 mari
1501 1183 1580 1208 non
1602 1168 1659 1208 di-

168 1237 278 1291 gredi
310 1250 436 1290 neque
467 1237 755 1278 mediterranea
784 1244 919 1291 petere
950 1244 1111 1291 propter
1132 1237 1290 1277 nauium
1313 1250 1489 1277 errorem
1512 1236 1660 1288 equita-

168 1312 324 1357 tumque
345 1305 384 1344 in
407 1304 571 1344 nauibus
595 1318 749 1345 omnem
772 1305 992 1355 continere,
1012 1312 1056 1345 ut
1077 1304 1261 1355 arbitror,
1282 1318 1331 1344 ne
1353 1304 1438 1358 agri
1455 1310 1659 1344 uastaren-

120 1371 145 1412 5
169 1379 410 1425 tur3aquam
432 1371 472 1412 in
495 1386 622 1412 naues
644 1373 751 1413 iubet
774 1374 1024 1427 comportari.
1051 1372 1241 1426 Remiges
1263 1373 1436 1423 interim,
1454 1372 1518 1425 qui
1541 1386 1659 1425 aqua-

168 1447 250 1480 tum
282 1453 303 1480 e
337 1440 501 1480 nauibus
532 1441 741 1491 exierant,
776 1441 905 1481 subito
929 1441 1081 1495 equites
1103 1438 1238 1481 Mauri
1260 1454 1388 1494 neque
1411 1438 1659 1494 opinantibus

169 1506 425 1550 Caesarianis
448 1508 572 1548 adorti
595 1508 738 1549 multos
760 1508 899 1549 iaculis
923 1510 1272 1558 connumerarunt,
1301 1509 1512 1549 nonnullos
1533 1508 1658 1548 inter-

121 1575 148 1617 6
170 1578 365 1618 fecerunt.
405 1574 552 1617 Latent
585 1577 688 1618 enim
709 1577 750 1617 in
771 1577 924 1618 insidiis
947 1592 1032 1618 cum
1057 1578 1166 1631 equis
1188 1577 1293 1617 inter
1315 1576 1513 1617 conualles
1536 1583 1575 1616 et
1597 1589 1661 1616 su-

169 1645 252 1686 bito
295 1644 496 1694 existunt,
540 1660 620 1685 non
651 1652 695 1685 ut
722 1645 762 1685 in
794 1659 929 1700 campo
961 1646 1177 1686 comminus
1210 1646 1434 1699 depugnent
1459 1673 1657 1684 ......

122 1714 152 1758 8
174 1711 328 1754 Caesar
355 1713 513 1754 interim
545 1714 584 1753 in
607 1711 832 1754 Sardiniam
866 1715 1025 1754 nuntios
1059 1729 1144 1754 cum
1178 1713 1320 1754 litteris
1351 1720 1389 1752 et
1419 1713 1459 1752 in
1490 1711 1660 1764 reliquas

171 1782 397 1837 prouincias
420 1781 604 1821 finitimas
626 1782 796 1831 dimisit,
830 1789 871 1821 ut
892 1781 965 1822 sibi
987 1781 1136 1822 auxilia
1152 1812 1162 1831 ,
1197 1787 1436 1821 commeatus
1453 1811 1463 1830 ,
1489 1780 1660 1819 frumen-

172 1856 252 1890 tum
271 1881 281 1899 ,
306 1849 540 1902 simulatque
563 1849 717 1890 litteras
739 1849 945 1902 legissent,
970 1849 1157 1889 mittenda
1182 1855 1385 1897 curarent,
1411 1846 1660 1888 exoneratis-

173 1930 246 1970 que
277 1916 416 1971 partim
447 1917 615 1957 nauibus
637 1917 764 1970 longis
785 1916 991 1957 Rabirium
1014 1915 1245 1957 Postumum
1267 1917 1307 1956 in
1333 1914 1507 1956 Siciliam
1532 1915 1579 1954 ad
1601 1928 1663 1954 se-

123 1984 152 2027 2
173 1985 341 2025 cundum
376 1992 631 2026 commeatum
656 1986 936 2025 arcessendum
959 1985 1076 2024 mittit
1100 2015 1108 2024 .
1137 2015 1145 2024 .
1176 2015 1184 2023 .
1210 1983 1364 2024 interim
1387 1997 1472 2023 eum
1494 1990 1528 2023 X
1549 1982 1659 2023 naui-

172 2052 247 2092 hus
278 2052 407 2106 longis
439 2053 485 2093 ad
516 2053 685 2106 reliquas
708 2067 830 2094 naues
854 2053 1058 2095 onerarias
1081 2051 1394 2106 conquirendas,
1428 2064 1528 2104 quae
1551 2051 1662 2091 deer-

125 2119 151 2160 3
173 2127 347 2170 rassent,
373 2127 410 2160 et
432 2121 546 2162 simul
569 2135 677 2162 mare
700 2122 884 2162 tuendum
908 2121 955 2162 ab
978 2120 1157 2161 hostibus
1179 2119 1286 2160 iubet
1307 2118 1518 2173 proficisci.
1563 2116 1661 2158 ltem

173 2185 223 2229 C.
250 2186 480 2229 Sallustium
513 2186 696 2244 Crispum
728 2198 951 2244 praetorem
981 2189 1029 2230 ad
1060 2186 1270 2229 Cercinam
1302 2187 1470 2227 insulam
1501 2199 1658 2232 uersuS‚

174 2270 286 2311 quam
319 2257 539 2298 aduersarii
570 2258 780 2310 tenebant,
815 2273 901 2299 cum
924 2264 1034 2313 parte
1056 2256 1214 2298 nauium
1243 2256 1302 2296 ire
1324 2254 1455 2305 iubet,
1489 2253 1663 2308 quodibi

315 2420 336 2453 2
357 2418 486 2461 facere]
506 2429 607 2460 agere
629 2420 659 2452 b.
803 2420 823 2452 4
842 2418 1020 2452 Numidiae
1038 2428 1073 2450 α.
1215 2418 1233 2449 5
1252 2422 1287 2449 et
1304 2426 1324 2447 α
1344 2416 1374 2455 b,
1393 2425 1460 2447 om.
1483 2425 1516 2446 u.

174 2473 312 2512 paratos
332 2480 408 2502 esse
426 2481 460 2503 α.
621 2471 639 2503 6
657 2469 863 2513 Vsurpinam
882 2471 983 2503 codd.
1126 2469 1186 2500 txt.
1211 2467 1379 2499 Ianuariis
1398 2477 1431 2497 α.
1573 2466 1593 2497 8
1613 2465 1663 2496 iu-

172 2530 305 2553 munem
324 2531 357 2552 α.
513 2522 647 2554 obuiam
666 2522 809 2554 ueniunt
826 2532 861 2563 a,
881 2522 1025 2554 ueniunt
1042 2520 1175 2552 obuiam
1194 2518 1273 2550 edd.
1429 2518 1447 2549 9
1467 2517 1574 2548 uellet
1591 2526 1661 2548 om.

172 2582 194 2604 α
213 2572 231 2603 b
249 2582 278 2603 c.
487 2574 712 2615 polliceretur
729 2583 750 2605 a
771 2573 801 2604 b.
1000 2572 1041 2605 12
1060 2571 1245 2612 eodemque
1264 2580 1284 2600 α
1306 2570 1401 2600 (ιηςε.
1423 2569 1467 2609 3’,
1488 2568 1605 2599 eodem
1622 2578 1660 2600 u.

318 2622 357 2655 13
377 2623 409 2654 ei
427 2633 495 2655 om.
519 2624 550 2655 b.
704 2624 745 2656 18
765 2633 806 2655 ex
826 2623 858 2655 b.
1012 2621 1052 2654 19
1071 2621 1365 2653 conuulnerarunt
1382 2631 1402 2651 α
1424 2621 1455 2662 b,
1476 2619 1663 2652 conuulne-

174 2679 339 2706 rauerunt
354 2684 390 2705 u.
551 2675 594 2709 20
613 2675 644 2706 in
666 2675 841 2707 conualles
861 2684 894 2715 a,
916 2673 948 2704 in
968 2672 1184 2704 conuallibus
1205 2673 1235 2703 b.
1390 2671 1430 2706 21
1453 2672 1609 2703 existunt
1627 2681 1662 2703 α.

317 2726 469 2759 cominus
489 2726 554 2768 (α).
701 2726 887 2759 Lacunam
905 2734 970 2767 ego
988 2727 1125 2756 notaui.
1145 2725 1186 2756 P.
1207 2726 1285 2759 202.
1450 2724 1492 2759 23
1514 2724 1663 2756 frumen-

174 2777 258 2819 tum]
277 2778 454 2810 mitterent
472 2778 530 2820 qui
547 2777 631 2809 add.
654 2778 684 2809 b.
841 2777 884 2811 24
903 2785 946 2807 ex
965 2776 1134 2808 onerariis
1154 2776 1277 2819 partim
1297 2776 1327 2807 b.
1481 2776 1523 2810 25
1543 2774 1662 2807 Postu-

170 2831 272 2863 mium
294 2831 390 2862 ‘mss.
410 2833 448 2862 et
466 2830 544 2864 edd.
565 2830 661 2874 qdd.’
889 2829 931 2864 26
951 2829 1115 2860 lacunam
1135 2839 1198 2870 ego
1217 2831 1355 2862 notaui.
1376 2829 1416 2861 P.
1436 2827 1517 2860 203.

172 2881 216 2916 27
235 2882 459 2924 requirendas
480 2882 509 2914 b.
660 2880 703 2915 20
725 2879 913 2923 ‘Ceruiam,
935 2878 1105 2923 Cerinam,
1127 2880 1324 2923 Celennam,
1347 2879 1541 2913 Celerinam
1559 2879 1656 2912 mss.⁷

1691 904 1731 936 10

1693 1242 1733 1275 15

1691 1581 1735 1616 20

1692 1920 1735 1952 25

1693 1942 1713 1953 u

1694 2260 1736 2293 30
