1835 3240
717 216 825 221 --
889 191 974 231 242
1034 216 1145 221 *—

195 305 420 346 tercedebat
449 305 608 345 circiter
639 304 745 344 milia
776 317 962 357 passuum
984 302 1037 353 V,
1072 311 1115 343 ut
1145 304 1291 345 auxilia
1322 303 1501 358 Pompeii
1533 303 1679 344 duabus

194 373 500 414 defenderentur
520 373 654 420 rebus,
679 371 806 424 oppidi
829 370 979 411 excelsi
1002 377 1041 409 et
1061 371 1137 411 loci
1159 372 1327 411 natura'.
1362 371 1437 412 Hic
1460 372 1588 426 oppidi
1609 385 1680 412 ex-

194 441 290 481 celsi
313 449 493 482 naturam
517 439 660 479 nullam
683 438 1060 491 aliaminterpretari
1073 439 1176 488 licet,
1202 453 1316 491 quam
1329 439 1531 479 excelsum
1551 439 1678 493 oppidi

193 508 333 557 situm,
365 508 420 548 ita
450 515 493 547 ut
516 506 574 545 his
597 505 729 545 uerbis
751 505 886 546 eadem
908 519 972 545 res
993 512 1110 558 atque
1131 507 1321 559 proximis
1337 537 1348 554 ,
1384 506 1482 546 ‘loci
1504 507 1672 555 natura'‚

192 575 496 616 demonstretur.
539 574 594 612 At
624 573 794 626 scriptor
823 586 900 612 11011
922 586 999 613 una
1019 587 1078 622 re,
1103 574 1171 614 sed
1194 574 1340 614 duabus
1362 571 1590 626 Pompeium
1612 574 1677 613 de-

190 643 343 683 fensum
366 654 454 681 esse
476 641 677 681 declarare
699 640 873 680 uolebat.
916 639 1001 680 Eae
1031 654 1130 693 quae
1161 648 1319 690 essent,
1345 647 1384 683 et
1405 654 1523 694 supra
1545 654 1580 680 c.
1603 639 1674 688 28,

190 709 217 750 4
238 709 410 751 ostendit
431 708 491 748 his
514 708 667 748 uerbis:
695 707 855 748 ‘etenim
878 714 918 747 et
938 715 1078 748 natura
1099 708 1174 748 1οοί
1199 707 1480 748 defendebatur
1501 715 1541 748 et
1556 708 1677 761 ipsius

190 778 318 833 oppidi
339 776 573 825 munitione,
597 775 663 815 ubi
686 781 815 815 castra
838 775 1083 822 constituta'‚
1109 782 1148 815 et
1170 776 1249 815 hui.
1273 777 1401 829 cap.§.
1416 774 1443 816 8
1464 776 1560 816 haec
1582 776 1678 816 scri-

189 846 267 900 psit
288 846 333 885 de
354 843 628 897 Pompeianis:
664 848 805 896 ‘neque
827 849 958 883 tamen
980 843 1035 882 illi
1058 856 1079 882 a
1101 857 1171 882 sua
1196 843 1479 884 consuetudine
1500 843 1678 883 discede—

187 913 305 963 bant,
340 919 383 952 ut
413 918 480 952 aut
510 911 557 951 ab
589 911 750 951 excelso
779 911 865 951 loco
896 917 962 950 aut
992 911 1039 951 ab
1062 911 1201 964 oppido
1226 911 1502 951 discederent'.
1536 909 1676 963 Itaque

188 981 290 1021 edidi
324 980 479 1034 ‘oppido
501 986 540 1020 et
561 979 710 1020 excelsi
732 978 806 1018 loci
828 979 999 1018 natura'.
1043 977 1147 1018 Nam
1171 978 1273 1031 quod
1296 977 1480 1019 Clarkius
1503 978 1677 1018 scriben-

189 1048 277 1088 dum
308 1047 477 1088 coniecit
519 1046 681 1101 ‘oppido
715 1046 876 1086 excelso
914 1053 952 1085 et
979 1046 1054 1085 loci
1086 1044 1257 1095 natura'‚
1292 1046 1347 1086 ita
1377 1047 1439 1096 id,
1475 1047 1576 1099 quod
1613 1059 1676 1086 re-

187 1115 490 1168 prehendimus,
515 1129 594 1154 non
616 1114 782 1163 tollitur,
809 1127 893 1152 cum
918 1113 1050 1152 uerbis
1076 1113 1231 1166 ‘oppido
1255 1113 1426 1153 excelso'
1451 1129 1528 1154 non
1550 1113 1675 1153 muni-

186 1183 267 1233 tio,
302 1183 370 1223 sed
403 1183 501 1223 situs
534 1182 660 1236 oppidi
694 1181 952 1235 significetur.
997 1179 1149 1220 Verum
1178 1181 1293 1234 plane
1316 1194 1502 1234 peruerse
1525 1180 1673 1221 auxilia

184 1248 362 1304 Pompeii
386 1250 444 1290 1113
467 1250 615 1289 duabus
638 1249 754 1289 rebus
778 1249 940 1288 defensa
962 1248 1157 1294 dicuntur,
1182 1249 1219 1288 id
1243 1250 1344 1301 quod
1364 1249 1433 1289 toti
1448 1246 1674 1288 110161Ρο111-

184 1318 347 1371 peianae
379 1317 594 1369 contigisse
626 1322 803 1369 apparet.
857 1313 958 1354 Mihi
989 1329 1066 1354 non
1099 1323 1159 1355 est
1191 1315 1371 1365 dubium,
1414 1317 1504 1368 quin
1536 1322 1676 1355 auctor

188 1384 399 1438 ‘praesidia
420 1382 610 1436 Pompeii'
641 1382 831 1435 posuerit,
857 1382 1177 1433 quemadmodum
1202 1398 1236 1421 c.
1262 1382 1343 1432 30,
1379 1382 1399 1421 1
1424 1383 1549 1423 aciem
1572 1379 1674 1422 Cae-

185 1452 287 1492 saris
313 1456 465 1491 ‘nostra
486 1449 695 1504 praesidia'
719 1449 949 1502 appellauit:
975 1449 1166 1502 magister
1188 1456 1316 1490 autem
1339 1464 1408 1504 pro
1422 1463 1492 1490 sua
1509 1462 1674 1489 consue-

184 1519 318 1559 tudine
350 1518 556 1572 praesidiis
588 1515 820 1557 uocabulum
854 1516 978 1556 affinis
1009 1517 1333 1571 significationis,
1368 1518 1434 1557 sed
1466 1518 1505 1557 iu
1536 1517 1673 1557 haere

182 1587 357 1641 ineptum
379 1585 596 1626 substituit.
643 1582 869 1636 Sequuntur
892 1584 1008 1624 haec:
1047 1583 1166 1624 ‘Hinc
1198 1585 1371 1639 dirigens
1393 1586 1569 1638 proxima
1592 1585 1691 1638 pla?

183 1654 300 1694 nities
323 1654 578 1707 aequabatur.
618 1649 740 1692 Cuius
770 1652 977 1691 decursum
1007 1652 1263 1692 antecedebat
1284 1653 1417 1701 riuus,
1452 1652 1516 1705 qui
1538 1652 1585 1692 ad
1607 1665 1672 1692 eo-

183 1736 272 1762 rum
294 1735 499 1762 accessum
522 1734 710 1761 summam
736 1719 928 1759 efficiebat
948 1719 1022 1758 loci
1045 1719 1316 1771 iniquitatem:
1344 1734 1432 1760 nam
1455 1719 1616 1772 palustri
1634 1727 1674 1760 et

182 1789 421 1843 uoraginoso
444 1788 529 1830 solo
553 1801 715 1827 currens
739 1793 826 1826 erat
848 1785 1063 1836 dextram⁷3
1097 1800 1197 1842 quae
1229 1787 1321 1827 mihi
1354 1800 1451 1827 sana
1471 1787 1669 1835 uidentur,

183 1857 258 1898 etsi
282 1871 414 1911 parum
437 1856 596 1910 proprie
609 1862 643 1895 et
659 1854 863 1908 perspicue
878 1854 924 1894 ab
940 1861 1099 1893 auctore
1113 1855 1273 1908 scripta.
1306 1854 1368 1894 Ab
1386 1855 1548 1895 excelso
1564 1854 1668 1904 loco,

180 1925 220 1965 in
244 1939 318 1978 quo
331 1924 510 1978 oppidum
534 1929 620 1963 erat
643 1922 809 1976 positum
825 1953 835 1970 ,
871 1922 1051 1975 planities
1074 1922 1255 1974 proxima
1277 1923 1490 1971 direxisse,
1517 1923 1588 1962 hoc
1611 1929 1671 1962 est

179 1999 289 2033 recta
325 1992 487 2045 regione
509 2003 764 2044 propagasse,
790 1996 828 2029 et
858 1989 898 2028 in
930 2003 974 2029 ea
1007 2003 1049 2029 re
1080 1990 1163 2043 ipsa
1195 1996 1360 2043 aequata
1392 2004 1480 2031 esse
1511 1989 1667 2030 dicitur.

180 2059 385 2100 Decursus
408 2066 537 2099 autem
561 2057 733 2110 planitiei
757 2057 952 2096 discessus
976 2057 1061 2096 eius
1085 2071 1107 2096 a
1128 2065 1259 2097 monte
1282 2057 1570 2110 intellegendus
1592 2064 1665 2097 est.

180 2125 313 2167 Mouti
335 2126 436 2167 6111111
460 2126 712 2179 propinquum
736 2124 858 2164 fuisse
879 2124 1007 2163 riuum
1031 2132 1070 2164 et
1090 2125 1267 2178 proxima
1290 2131 1343 2174 et,
1370 2137 1467 2176 quae
1491 2131 1669 2163 extremo

181 2195 306 2247 capite
328 2194 536 2248 leguntur,
571 2193 857 2232 demonstrant.
898 2190 1041 2244 Neque
1068 2206 1165 2232 uero
1198 2192 1320 2232 uerba
1350 2196 1538 2230 ‘currens
1568 2189 1668 2230 erat'

180 2261 452 2314 coniungenda
475 2267 581 2309 sunt,
607 2261 675 2300 sed
697 2260 837 2298 flumen
858 2258 968 2309 illud,
994 2261 1096 2314 quod
1114 2259 1352 2313 uoragiuoso
1370 2257 1454 2298 solo
1468 2257 1666 2305 currebat,

181 2328 229 2368 ad
251 2329 428 2368 dextram
451 2329 620 2381 positum
651 2327 773 2367 fuisse
804 2327 958 2366 dicitur.
1003 2325 1196 2367 Proxima
1226 2327 1282 2367 sic
1315 2326 1551 2367 edebantur:
1590 2323 1667 2364 ‘Et

181 2392 355 2445 Caesar,
391 2410 478 2436 cum
503 2395 627 2435 aciem
659 2394 846 2434 directam
877 2394 1068 2444 uidisset,
1103 2409 1181 2434 non
1204 2393 1336 2434 habuit
1357 2392 1540 2441 dubium,
1574 2392 1667 2444 quin

179 2463 307 2502 media
337 2463 497 2517 planitie
525 2464 566 2503 in
598 2476 762 2516 aequum
795 2461 840 2501 ad
871 2461 1129 2502 dimicandum
1152 2461 1368 2502 aduersarii
1390 2459 1663 2513 procederent.

179 2529 267 2570 Hoc
298 2536 384 2570 erat
404 2530 444 2569 in
467 2530 638 2570 omnium
662 2536 889 2583 conspectu.
934 2528 1022 2568 Huc
1043 2530 1278 2579 accedebat,
1302 2535 1346 2568 ut
1366 2528 1476 2568 locus
1498 2526 1564 2567 illa
1586 2526 1666 2578 pla-

178 2598 275 2638 nitie
296 2598 510 2652 equitatum
533 2604 696 2638 ornaret
723 2604 765 2637 et
795 2597 870 2636 diei
893 2597 1066 2650 solisque
1087 2596 1279 2637 serenitas
1294 2627 1305 2645 ,
1336 2602 1380 2635 ut
1400 2594 1604 2634 mirificum
1626 2600 1666 2633 et

179 2665 390 2718 optandum
414 2671 565 2718 tempus
586 2678 705 2718 prope
737 2664 784 2704 ab
817 2663 891 2703 diis
921 2663 1205 2704 immortalibus
1230 2663 1325 2704 illud
1346 2662 1536 2702 tributum
1557 2668 1665 2701 esset

179 2731 227 2771 ad
248 2731 435 2785 proelium
459 2731 807 2772 committendum'.
840 2729 960 2771 Initio
983 2732 1119 2771 horum
1131 2730 1357 2780 uerborum,
1383 2729 1522 2770 cumin
1539 2728 1664 2768 omni-

177 2798 248 2839 bus
272 2799 383 2840 codd.
402 2796 672 2852 Oudendorpii
694 2805 732 2838 et
751 2796 845 2839 Par.
862 2812 943 2838 sec.
959 2812 1036 2839 non
1061 2797 1145 2848 ‘et’‚
1169 2799 1238 2839 sed
1263 2798 1316 2838 ‘id
1338 2796 1453 2854 quod'
1476 2796 1661 2849 scriptum

179 2874 301 2916 esset,
319 2867 468 2920 ‘itaque
481 2863 645 2907 Caesar'
660 2864 776 2905 edidi.
801 2862 848 2905 In
859 2866 1112 2907 inferioribus
1123 2865 1252 2907 uerbis
1266 2864 1560 2921 reprehendere
1572 2873 1661 2916 pos-
