1835 3240
111 208 195 251 752
790 206 1066 252 CAESARIS

524 335 733 363 ORATmNss
763 336 915 362 ‘remens
936 336 1095 363 masam
1116 336 1321 364 TRIBVTAE.

301 389 468 431 Sueton.
497 389 612 431 Caes.
637 387 715 429 55:
751 386 964 430 Orationes
987 390 1137 443 aliquas
1158 390 1342 444 reliquit,
1365 391 1470 433 inter
1490 407 1584 446 quas
1608 401 1665 435 te-

188 471 296 499 mere
327 458 513 512 quaedam
546 458 740 497 feruntur.
774 455 853 497 Pro
877 454 928 509 Q.
954 456 1118 498 Metello
1148 473 1226 499 non
1247 459 1442 500 immerito
1463 461 1665 515 Augustus

188 526 390 567 existimat
424 523 546 577 magis
569 524 615 564 ab
639 524 822 564 actuariis
845 532 1050 578 exceptam
1072 525 1172 566 male
1197 527 1524 580 subsequentibus
1546 531 1667 571 uerba

188 594 376 643 dicentis,
411 606 523 644 quam
555 591 602 631 ab
626 592 709 644 ipso
731 592 888 632 editam.
932 592 1038 634 Nam
1061 594 1101 633 in
1124 594 1351 647 quibusdam
1375 596 1662 650 exemplaribus

187 662 346 702 inuenio
371 674 419 700 ne
440 659 671 712 inscriptam
693 660 846 712 quidem
869 675 939 714 pro
961 659 1125 702 Metello
1143 693 1153 712 ‚
1179 662 1245 703 sed
1268 676 1380 715 quam
1402 664 1562 718 scripsit
1583 662 1669 705 Me-

189 730 308 779 tello,
341 743 425 767 cum
457 742 509 768 ex
530 741 699 781 persona
723 724 909 769 Caesaris
932 743 1063 770 sermo
1085 730 1137 770 sit
1156 729 1363 770 Metellum
1388 745 1507 784 seque
1530 732 1668 773 aduer-

189 811 255 837 sus
278 796 535 836 communium
560 795 867 836 obtrectatorum
890 796 1182 838 criminationes
1205 799 1423 852 purgantis.
1462 799 1576 854 Apud
1597 800 1668 840 mi-

187 865 275 904 lites
299 878 451 917 quoque
471 864 511 904 in
527 862 717 917 Hispania
738 864 838 904 idem
852 864 1057 919 Augustus
1080 879 1168 906 esse
1189 866 1262 905 uix
1281 866 1402 919 ipsius
1424 874 1553 921 putat3
1569 881 1668 920 quae

187 940 317 972 tamen
341 932 485 985 duplex
505 933 648 982 fertur,
673 945 748 971 una
771 932 881 985 quasi
903 933 1033 986 priore
1056 933 1186 973 habita
1207 933 1371 987 proelio,
1392 934 1516 974 altera
1538 942 1668 988 postc-

186 1001 294 1040 riore
311 1030 320 1047 ‚
358 1014 432 1052 quo
454 999 618 1040 Asinius
640 998 765 1040 Pollio
789 1014 838 1040 ne
861 1007 1012 1055 tempus
1035 1001 1188 1055 quidem
1210 1004 1463 1044 contionandi
1485 1003 1670 1045 habuisse

188 1081 275 1108 eum
299 1067 388 1107 dicit
412 1068 539 1108 subita
561 1068 731 1108 hostium
752 1068 994 1109 incursione.

213 1190 287 1232 DE
310 1191 609 1234 ANALOGIA
629 1193 706 1234 AD
728 1192 788 1234 M.
812 1193 1073 1236 TVLLIVM
1098 1194 1441 1237 CICERONEM
1464 1198 1522 1249 (a.
1548 1195 1636 1247 55).

301 1272 470 1312 Samon.
493 1273 612 1313 Caes.
631 1271 709 1313 56:
742 1272 919 1326 Reliquit
941 1280 980 1314 et
1002 1274 1048 1314 de
1069 1275 1251 1328 analogia
1274 1276 1370 1315 duos
1392 1275 1512 1316 libros
1535 1283 1574 1316 et
1586 1273 1670 1315 An-

188 1339 381 1379 ticatones
406 1341 564 1380 totidem
587 1355 632 1381 ac
654 1349 859 1396 praeterea
882 1347 1040 1396 poema,
1067 1344 1169 1396 quod
1188 1343 1416 1384 inscribitur
1436 1345 1526 1384 iter.
1561 1341 1670 1395 Quo-

185 1420 272 1447 rum
304 1406 490 1448 librorum
512 1409 657 1462 primos
680 1410 720 1449 in
743 1409 906 1450 transitu
931 1410 1112 1464 Alpium,
1146 1426 1232 1452 cum
1263 1425 1316 1452 ex
1337 1412 1519 1453 citeriore
1542 1410 1671 1453 Gallia

188 1476 447 1516 conuentibus
484 1478 652 1530 peractis
676 1478 722 1518 ad
746 1478 964 1519 exercitum
986 1480 1161 1530 rediret,
1195 1487 1404 1533 sequentes
1426 1481 1496 1521 sub
1520 1487 1668 1535 tempus

186 1541 421 1584 Mundensis
445 1546 585 1599 proelii
608 1546 725 1596 fecit,
762 1547 1020 1587 nouissimum
1035 1578 1046 1597 ,
1081 1547 1169 1587 dum
1192 1548 1238 1588 ab
1260 1549 1354 1589 urbe
1376 1549 1417 1589 in
1438 1548 1668 1603 Hispaniam

186 1611 412 1651 ulteriorem
437 1621 574 1666 quarto
599 1621 638 1654 et
659 1615 849 1656 uicesimo
872 1615 932 1655 die
955 1616 1148 1668 peruenit.

299 1680 457 1721 Fronto
476 1696 520 1736 p.
546 1680 629 1721 203
652 1683 716 1723 ecl.
742 1684 859 1724 Rom.
879 1702 886 1723 :
928 1682 1011 1724 Fac
1033 1684 1259 1726 memineris
1282 1686 1321 1725 et
1343 1700 1428 1725 cum
1451 1685 1581 1726 animo
1603 1692 1670 1726 tuo

189 1747 339 1801 cogites
363 1745 411 1788 C.
439 1746 652 1790 Caesarem
685 1752 932 1792 atrocissimo
953 1752 1054 1792 bello
1078 1750 1230 1793 Gallico
1254 1768 1338 1793 cum
1361 1753 1438 1793 alia
1459 1753 1576 1793 multa
1597 1753 1669 1793 mi-

187 1814 314 1855 litaria
331 1823 408 1856 tum
426 1817 540 1857 etiam
561 1819 657 1859 duos
678 1820 724 1859 de
738 1819 918 1873 analogia
935 1820 1054 1860 libros
1070 1821 1430 1874 scrupulosissimos
1445 1821 1667 1874 scripsisse,

189 1883 294 1923 inter
316 1885 393 1924 tela
416 1886 590 1925 uolantia
614 1886 659 1926 de
682 1887 902 1927 nominibus
925 1888 1188 1937 declinandis,
1222 1889 1267 1930 de
1289 1889 1499 1929 uerborum
1521 1888 1669 1943 aspira-

190 1951 364 1993 tionibus
388 1960 425 1993 et
446 1954 667 1994 rationibus
689 1954 793 1995 inter
815 1955 980 1996 classica
1004 1963 1043 1996 et
1064 1957 1191 1996 tubas.

333 2119 352 2151 3
374 2119 544 2163 seruntur]
566 2127 602 2153 ut
621 2122 761 2154 addidit
783 2124 1034 2165 casaubonus,
1065 2124 1160 2166 quod
1178 2126 1212 2155 in
1231 2123 1447 2156 sslemmz'ano
1465 2125 1582 2156 abesse
1598 2132 1667 2154 non

189 2170 360 2211 refertur.
502 2183 560 2214 pro
581 2172 620 2214 Q.
641 2173 795 2217 Metello]
817 2186 849 2207 α.
871 2177 926 2209 62.
1067 2176 1085 2207 9
1104 2176 1137 2207 in
1157 2175 1331 2218 Hispania]
1351 2176 1455 2207 a.145.
1592 2182 1666 2204 esse

189 2220 439 2261 Memmianas,
462 2223 649 2255 orationem
669 2235 745 2257 esse
765 2229 877 2258 ceter-2¹
894 2227 1072 2258 meliores.
1236 2227 1295 2258 uix
1313 2237 1381 2259 om.
1402 2225 1575 2258 Medicam
1591 2226 1666 2265 pri-

189 2281 281 2303 mus.
425 2273 463 2305 10
477 2275 570 2315 prius
590 2276 755 2317 proelium
775 2277 921 2308 uidetur
939 2288 1023 2318 esse,
1045 2278 1086 2309 de
1105 2288 1172 2319 quo
1190 2281 1317 2309 auctor
1336 2278 1366 2309 b.
1385 2277 1485 2317 Hz'sp.
1506 2286 1533 2306 o.
1554 2276 1596 2309 24
1615 2284 1669 2306 re-

179 2322 273 2363 feri,
295 2325 464 2364 posterius
483 2325 678 2357 Mundense
697 2327 771 2358 dioc
786 2332 951 2369 apparet.
1099 2329 1139 2360 ¹13
1162 2328 1219 2370 Cs.
1243 2328 1363 2370 Qm'nt.
1383 2329 1410 2368 I,
1433 2328 1462 2367 7,
1485 2327 1539 2358 34.
1560 2325 1666 2357 Anal-

194 2372 342 2405 J'z'uslob.
361 2386 398 2416 J).
423 2376 498 2407 511.
643 2377 680 2409 15
697 2389 836 2419 quorum
857 2379 1019 2410 librorum
1039 2379 1165 2420 primos
1184 2379 1282 2421 cett]
1303 2378 1447 2410 Summa
1466 2379 1559 2408 inter
1580 2378 1668 2409 Cae-

191 2434 304 2455 sarem
327 2429 359 2456 et
377 2426 580 2459 Ciceronem
591 2429 840 2468 finniliare'las
860 2431 1066 2461 intercessit
1079 2432 1220 2471 magnis
1236 2431 1420 2469 utriusque
1435 2430 1560 2469 officiis
1575 2429 1670 2460 culta

193 2475 273 2506 inde
293 2486 312 2506 α
328 2480 529 2517 posteriore
544 2483 649 2520 parte
667 2484 755 2511 anni
772 2482 811 2513 56
833 2492 940 2522 nsque
952 2481 1000 2512 ad
1010 2492 1143 2512 annum
1160 2482 1212 2521 51,
1226 2490 1293 2522 quo
1309 2482 1431 2513 Cicero
1449 2482 1483 2511 in
1501 2480 1670 2511 Ciliciam

190 2528 378 2568 profectas
405 2533 460 2560 esl'
485 2531 637 2563 abducto
664 2543 779 2563 seeum
802 2533 930 2574 Quinto
949 2534 1096 2575 fratre,
1123 2535 1187 2574 qui
1203 2532 1283 2563 inde
1300 2532 1343 2563 ab
1362 2542 1451 2563 anno
1472 2533 1511 2564 54
1532 2532 1670 2573 legatus

194 2579 509 2621 Caesarissaerat.
536 2583 609 2614 Hoc
627 2587 798 2625 temporss
815 2588 934 2626 spatio
953 2586 1088 2617 Caesar
1103 2587 1208 2616 annis
1227 2586 1268 2616 54
1287 2588 1322 2615 et
1341 2584 1381 2615 5¹2
1400 2586 1434 2615 in
1453 2584 1603 2615 Galliam
1624 2587 1670 2616 ei-

194 2632 361 2662 ter-iorem
388 2642 456 2662 non
487 2637 541 2664 est
554 2636 752 2676 projeetus.
780 2637 882 2668 Anno
903 2636 944 2669 52
961 2636 1151 2667 rebellione
1169 2634 1478 2676 Vercingetorzgis
1497 2646 1542 2667 eat
1560 2637 1672 2668 ltalia

192 2685 381 2713 reuocatas
401 2685 435 2713 in
455 2694 591 2715 summa
610 2686 855 2717 sollieitudine
874 2697 941 2718 non
961 2686 1108 2718 uidetur
1119 2689 1372 2727 grammaticis
1391 2687 1495 2718 rebus
1515 2690 1672 2718 tractan-

195 2733 249 2764 dis
268 2744 426 2769 uacasse.
445 2736 548 2767 Anno
567 2737 609 2768 54
627 2747 696 2767 nna
715 2747 793 2768 eum
811 2738 940 2778 Quinto
957 2738 1127 2769 Cicerone
1146 2739 1182 2768 z'n
1198 2738 1353 2769 (lolliam
1372 2738 1578 2770 ulteriorem
1596 2739 1672 2770 red-

195 2786 255 2824 itt,
285 2785 520 2826 habemusque
539 2787 710 2827 epistolas
728 2799 748 2818 α
767 2788 889 2820 Marco
907 2789 1123 2829 adsratrem
1142 2799 1179 2821 eo
1200 2793 1356 2832 {empore
1372 2793 1520 2831 missas,
1541 2793 1577 2822 z'n
1596 2794 1674 2833 qui-

198 2836 258 2867 bus
278 2836 377 2867 nulla
398 2836 570 2868 librorum
589 2837 630 2869 de
648 2838 818 2879 analogia
836 2840 1042 2879 mentiost&
1062 2839 1187 2881 Itaque
1206 2851 1298 2874 anno
1319 2844 1359 2876 55
1378 2843 1439 2875 llos
1456 2843 1564 2875 libros
1583 2852 1672 2875 com-

192 2890 330 2929 positos
349 2890 573 2921 eoea‘stz‘mam’.

1701 942 1741 976 10

1701 1350 1741 1383 15
