<?xml version="1.0" encoding="UTF-8"?>
<!DOCTYPE html PUBLIC "-//W3C//DTD XHTML 1.0 Transitional//EN"
    "http://www.w3.org/TR/xhtml1/DTD/xhtml1-transitional.dtd">
<html xmlns="http://www.w3.org/1999/xhtml" xml:lang="en" lang="en">
 <head>
  <title>
</title>
<meta http-equiv="Content-Type" content="text/html;charset=utf-8" />
  <meta name='ocr-system' content='tesseract 3.04.00' />
  <meta name='ocr-capabilities' content='ocr_page ocr_carea ocr_par ocr_line ocrx_word'/>
</head>
<body>
  <div class='ocr_page' id='page_1' title='image "./commentarii00caesuoft_0291.png"; bbox 0 0 1835 3240; ppageno 0'>
   <div class='ocr_carea' id='block_1_1' title="bbox 620 143 1741 190">
    <p class='ocr_par' dir='ltr' id='par_1_1' title="bbox 620 143 1741 190">
     <span class='ocr_line' id='line_1_1' title="bbox 620 143 1741 190; baseline 0.001 -3"><span class='ocrx_word' id='word_1_1' title='bbox 620 144 801 188; x_wconf 84' lang='lat' dir='ltr'><strong>COMM.</strong></span> <span class='ocrx_word' id='word_1_2' title='bbox 826 144 845 186; x_wconf 95' lang='lat' dir='ltr'><strong>l</strong></span> <span class='ocrx_word' id='word_1_3' title='bbox 875 143 999 187; x_wconf 91' lang='lat' dir='ltr'>CAP.</span> <span class='ocrx_word' id='word_1_4' title='bbox 1025 145 1226 189; x_wconf 77' lang='lat'><strong>41-42.</strong></span> <span class='ocrx_word' id='word_1_5' title='bbox 1661 146 1741 190; x_wconf 82' lang='lat'><strong>281</strong></span> 
     </span>
    </p>
   </div>
   <div class='ocr_carea' id='block_1_2' title="bbox 114 259 1751 2215">
    <p class='ocr_par' dir='ltr' id='par_1_2' title="bbox 114 259 1751 2215">
     <span class='ocr_line' id='line_1_2' title="bbox 187 259 1664 315; baseline 0.001 -15"><span class='ocrx_word' id='word_1_6' title='bbox 187 266 338 300; x_wconf 83' lang='lat' dir='ltr'><strong>mentes</strong></span> <span class='ocrx_word' id='word_1_7' title='bbox 355 289 365 308; x_wconf 92' lang='lat'><strong>,</strong></span> <span class='ocrx_word' id='word_1_8' title='bbox 399 273 626 312; x_wconf 87' lang='lat' dir='ltr'><strong>summaque</strong></span> <span class='ocrx_word' id='word_1_9' title='bbox 648 259 832 300; x_wconf 73' lang='lat' dir='ltr'>alacritas</span> <span class='ocrx_word' id='word_1_10' title='bbox 856 267 894 300; x_wconf 86' lang='lat' dir='ltr'><strong>et</strong></span> <span class='ocrx_word' id='word_1_11' title='bbox 916 260 1105 314; x_wconf 86' lang='lat' dir='ltr'><strong>cupiditas</strong></span> <span class='ocrx_word' id='word_1_12' title='bbox 1128 259 1216 301; x_wconf 90' lang='lat' dir='ltr'><strong>belli</strong></span> <span class='ocrx_word' id='word_1_13' title='bbox 1239 259 1401 315; x_wconf 86' lang='lat' dir='ltr'><strong>gerendi</strong></span> <span class='ocrx_word' id='word_1_14' title='bbox 1424 260 1557 301; x_wconf 88' lang='lat' dir='ltr'><strong>innata</strong></span> <span class='ocrx_word' id='word_1_15' title='bbox 1580 268 1664 310; x_wconf 86' lang='lat' dir='ltr'><strong>est,</strong></span> 
     </span>
     <span class='ocr_line' id='line_1_3' title="bbox 189 326 1717 381; baseline 0.001 -15"><span class='ocrx_word' id='word_1_16' title='bbox 189 327 448 381; x_wconf 78' lang='lat' dir='ltr'>princepsque</span> <span class='ocrx_word' id='word_1_17' title='bbox 470 326 617 366; x_wconf 85' lang='lat' dir='ltr'><strong>decima</strong></span> <span class='ocrx_word' id='word_1_18' title='bbox 642 327 744 381; x_wconf 84' lang='lat' dir='ltr'><strong>legio</strong></span> <span class='ocrx_word' id='word_1_19' title='bbox 767 341 836 381; x_wconf 92' lang='lat' dir='ltr'><strong>per</strong></span> <span class='ocrx_word' id='word_1_20' title='bbox 859 328 1038 368; x_wconf 88' lang='lat' dir='ltr'><strong>tribunos</strong></span> <span class='ocrx_word' id='word_1_21' title='bbox 1060 328 1224 368; x_wconf 89' lang='lat' dir='ltr'><strong>militum</strong></span> <span class='ocrx_word' id='word_1_22' title='bbox 1238 329 1273 369; x_wconf 91' lang='lat' dir='ltr'><strong>ei</strong></span> <span class='ocrx_word' id='word_1_23' title='bbox 1286 328 1434 381; x_wconf 83' lang='lat' dir='ltr'><strong>gratias</strong></span> <span class='ocrx_word' id='word_1_24' title='bbox 1449 328 1543 381; x_wconf 84' lang='lat' dir='ltr'><strong>egit,</strong></span> <span class='ocrx_word' id='word_1_25' title='bbox 1569 328 1668 380; x_wconf 90' lang='lat' dir='ltr'><strong>quod</strong></span> <span class='ocrx_word' id='word_1_26' title='bbox 1689 327 1717 367; x_wconf 79' lang='lat'>2</span> 
     </span>
     <span class='ocr_line' id='line_1_4' title="bbox 189 394 1670 448; baseline 0 -14"><span class='ocrx_word' id='word_1_27' title='bbox 189 395 234 434; x_wconf 93' lang='lat' dir='ltr'><strong>de</strong></span> <span class='ocrx_word' id='word_1_28' title='bbox 257 408 301 434; x_wconf 89' lang='lat' dir='ltr'><strong>se</strong></span> <span class='ocrx_word' id='word_1_29' title='bbox 323 394 507 448; x_wconf 90' lang='lat' dir='ltr'><strong>optimum</strong></span> <span class='ocrx_word' id='word_1_30' title='bbox 530 394 713 435; x_wconf 89' lang='lat' dir='ltr'><strong>iudicium</strong></span> <span class='ocrx_word' id='word_1_31' title='bbox 738 395 915 445; x_wconf 78' lang='lat' dir='ltr'><strong>fecisset,</strong></span> <span class='ocrx_word' id='word_1_32' title='bbox 948 409 1069 448; x_wconf 91' lang='lat' dir='ltr'><strong>seque</strong></span> <span class='ocrx_word' id='word_1_33' title='bbox 1093 409 1183 436; x_wconf 90' lang='lat' dir='ltr'><strong>esse</strong></span> <span class='ocrx_word' id='word_1_34' title='bbox 1206 397 1253 437; x_wconf 91' lang='lat' dir='ltr'><strong>ad</strong></span> <span class='ocrx_word' id='word_1_35' title='bbox 1284 395 1425 436; x_wconf 86' lang='lat' dir='ltr'><strong>bellum</strong></span> <span class='ocrx_word' id='word_1_36' title='bbox 1458 396 1670 448; x_wconf 84' lang='lat' dir='ltr'><strong>gerendum</strong></span> 
     </span>
     <span class='ocr_line' id='line_1_5' title="bbox 186 460 1718 517; baseline 0 -16"><span class='ocrx_word' id='word_1_37' title='bbox 186 462 473 516; x_wconf 80' lang='lat' dir='ltr'>paratissimam</span> <span class='ocrx_word' id='word_1_38' title='bbox 498 462 758 502; x_wconf 84' lang='lat' dir='ltr'><strong>confirmauit.</strong></span> <span class='ocrx_word' id='word_1_39' title='bbox 811 460 965 502; x_wconf 82' lang='lat' dir='ltr'><strong>Deinde</strong></span> <span class='ocrx_word' id='word_1_40' title='bbox 994 463 1169 515; x_wconf 86' lang='lat' dir='ltr'><strong>reliquae</strong></span> <span class='ocrx_word' id='word_1_41' title='bbox 1198 462 1372 517; x_wconf 83' lang='lat' dir='ltr'><strong>legiones</strong></span> <span class='ocrx_word' id='word_1_42' title='bbox 1396 477 1481 503; x_wconf 91' lang='lat' dir='ltr'><strong>cum</strong></span> <span class='ocrx_word' id='word_1_43' title='bbox 1505 462 1671 502; x_wconf 89' lang='lat' dir='ltr'><strong>tribunis</strong></span> <span class='ocrx_word' id='word_1_44' title='bbox 1694 461 1718 502; x_wconf 86' lang='lat'><strong>3</strong></span> 
     </span>
     <span class='ocr_line' id='line_1_6' title="bbox 142 527 1674 585; baseline -0.001 -16"><span class='ocrx_word' id='word_1_45' title='bbox 142 539 159 569; x_wconf 83' lang='lat'><strong>5</strong></span> <span class='ocrx_word' id='word_1_46' title='bbox 191 529 356 569; x_wconf 88' lang='lat' dir='ltr'><strong>militum</strong></span> <span class='ocrx_word' id='word_1_47' title='bbox 380 537 420 569; x_wconf 93' lang='lat' dir='ltr'><strong>et</strong></span> <span class='ocrx_word' id='word_1_48' title='bbox 441 530 651 583; x_wconf 89' lang='lat' dir='ltr'><strong>primorum</strong></span> <span class='ocrx_word' id='word_1_49' title='bbox 676 530 854 570; x_wconf 77' lang='lat' dir='ltr'><strong>ordinum</strong></span> <span class='ocrx_word' id='word_1_50' title='bbox 878 529 1177 570; x_wconf 78' lang='lat' dir='ltr'><strong>centurionibus</strong></span> <span class='ocrx_word' id='word_1_51' title='bbox 1199 538 1392 585; x_wconf 86' lang='lat' dir='ltr'><strong>egerunt,</strong></span> <span class='ocrx_word' id='word_1_52' title='bbox 1428 530 1483 569; x_wconf 89' lang='lat' dir='ltr'><strong>uti</strong></span> <span class='ocrx_word' id='word_1_53' title='bbox 1506 527 1674 569; x_wconf 77' lang='lat' dir='ltr'><strong>Caesari</strong></span> 
     </span>
     <span class='ocr_line' id='line_1_7' title="bbox 188 597 1673 653; baseline -0.001 -16"><span class='ocrx_word' id='word_1_54' title='bbox 188 597 489 637; x_wconf 80' lang='lat' dir='ltr'><strong>satisfacerent:</strong></span> <span class='ocrx_word' id='word_1_55' title='bbox 526 611 569 638; x_wconf 91' lang='lat' dir='ltr'><strong>se</strong></span> <span class='ocrx_word' id='word_1_56' title='bbox 592 611 719 653; x_wconf 83' lang='lat' dir='ltr'><strong>neque</strong></span> <span class='ocrx_word' id='word_1_57' title='bbox 741 612 922 650; x_wconf 88' lang='lat' dir='ltr'><strong>umquam</strong></span> <span class='ocrx_word' id='word_1_58' title='bbox 946 598 1146 638; x_wconf 84' lang='lat' dir='ltr'><strong>dubitasse</strong></span> <span class='ocrx_word' id='word_1_59' title='bbox 1177 612 1304 651; x_wconf 89' lang='lat' dir='ltr'><strong>neque</strong></span> <span class='ocrx_word' id='word_1_60' title='bbox 1333 598 1513 638; x_wconf 85' lang='lat' dir='ltr'><strong>timuisse</strong></span> <span class='ocrx_word' id='word_1_61' title='bbox 1544 609 1673 649; x_wconf 89' lang='lat' dir='ltr'><strong>neque</strong></span> 
     </span>
     <span class='ocr_line' id='line_1_8' title="bbox 188 664 1670 718; baseline -0.001 -14"><span class='ocrx_word' id='word_1_62' title='bbox 188 664 235 705; x_wconf 91' lang='lat' dir='ltr'><strong>de</strong></span> <span class='ocrx_word' id='word_1_63' title='bbox 256 679 407 705; x_wconf 89' lang='lat' dir='ltr'><strong>summa</strong></span> <span class='ocrx_word' id='word_1_64' title='bbox 428 664 517 705; x_wconf 91' lang='lat' dir='ltr'><strong>belli</strong></span> <span class='ocrx_word' id='word_1_65' title='bbox 540 679 651 705; x_wconf 90' lang='lat' dir='ltr'><strong>suum</strong></span> <span class='ocrx_word' id='word_1_66' title='bbox 673 664 878 714; x_wconf 90' lang='lat' dir='ltr'><strong>iudicium,</strong></span> <span class='ocrx_word' id='word_1_67' title='bbox 903 665 972 704; x_wconf 88' lang='lat' dir='ltr'><strong>sed</strong></span> <span class='ocrx_word' id='word_1_68' title='bbox 993 665 1244 718; x_wconf 87' lang='lat' dir='ltr'><strong>imperatoris</strong></span> <span class='ocrx_word' id='word_1_69' title='bbox 1259 680 1345 706; x_wconf 89' lang='lat' dir='ltr'><strong>esse</strong></span> <span class='ocrx_word' id='word_1_70' title='bbox 1360 664 1670 706; x_wconf 79' lang='lat' dir='ltr'><strong>existimauisse.</strong></span> 
     </span>
     <span class='ocr_line' id='line_1_9' title="bbox 188 729 1722 788; baseline -0.001 -16"><span class='ocrx_word' id='word_1_71' title='bbox 188 731 338 772; x_wconf 91' lang='lat' dir='ltr'><strong>Eorum</strong></span> <span class='ocrx_word' id='word_1_72' title='bbox 362 732 633 773; x_wconf 82' lang='lat' dir='ltr'><strong>satisfactione</strong></span> <span class='ocrx_word' id='word_1_73' title='bbox 655 739 815 786; x_wconf 88' lang='lat' dir='ltr'><strong>accepta</strong></span> <span class='ocrx_word' id='word_1_74' title='bbox 843 739 882 772; x_wconf 91' lang='lat' dir='ltr'><strong>et</strong></span> <span class='ocrx_word' id='word_1_75' title='bbox 909 732 1053 773; x_wconf 89' lang='lat' dir='ltr'><strong>itinere</strong></span> <span class='ocrx_word' id='word_1_76' title='bbox 1085 734 1284 786; x_wconf 80' lang='lat' dir='ltr'><strong>exquisito</strong></span> <span class='ocrx_word' id='word_1_77' title='bbox 1313 748 1383 788; x_wconf 90' lang='lat' dir='ltr'><strong>per</strong></span> <span class='ocrx_word' id='word_1_78' title='bbox 1412 731 1672 781; x_wconf 85' lang='lat' dir='ltr'><strong>Diuitiacum,</strong></span> <span class='ocrx_word' id='word_1_79' title='bbox 1695 729 1722 770; x_wconf 80' lang='lat'>4</span> 
     </span>
     <span class='ocr_line' id='line_1_10' title="bbox 188 799 1674 855; baseline 0 -15"><span class='ocrx_word' id='word_1_80' title='bbox 188 801 290 853; x_wconf 91' lang='lat' dir='ltr'><strong>quod</strong></span> <span class='ocrx_word' id='word_1_81' title='bbox 312 814 358 840; x_wconf 80' lang='lat' dir='ltr'><strong>ex</strong></span> <span class='ocrx_word' id='word_1_82' title='bbox 381 800 467 840; x_wconf 89' lang='lat' dir='ltr'><strong>aliis</strong></span> <span class='ocrx_word' id='word_1_83' title='bbox 491 800 527 839; x_wconf 91' lang='lat' dir='ltr'><strong>ei</strong></span> <span class='ocrx_word' id='word_1_84' title='bbox 549 800 759 841; x_wconf 83' lang='lat' dir='ltr'><strong>maximam</strong></span> <span class='ocrx_word' id='word_1_85' title='bbox 782 800 894 840; x_wconf 85' lang='lat' dir='ltr'><strong>fidem</strong></span> <span class='ocrx_word' id='word_1_86' title='bbox 918 799 1107 850; x_wconf 85' lang='lat' dir='ltr'><strong>habebat,</strong></span> <span class='ocrx_word' id='word_1_87' title='bbox 1141 808 1184 841; x_wconf 91' lang='lat' dir='ltr'><strong>ut</strong></span> <span class='ocrx_word' id='word_1_88' title='bbox 1205 802 1354 841; x_wconf 89' lang='lat' dir='ltr'><strong>milium</strong></span> <span class='ocrx_word' id='word_1_89' title='bbox 1377 801 1540 855; x_wconf 90' lang='lat' dir='ltr'><strong>amplius</strong></span> <span class='ocrx_word' id='word_1_90' title='bbox 1563 800 1674 853; x_wconf 90' lang='lat' dir='ltr'><strong>quin-</strong></span> 
     </span>
     <span class='ocr_line' id='line_1_11' title="bbox 115 867 1673 922; baseline 0 -15"><span class='ocrx_word' id='word_1_91' title='bbox 115 875 155 907; x_wconf 86' lang='lat'><strong>10</strong></span> <span class='ocrx_word' id='word_1_92' title='bbox 187 869 371 921; x_wconf 79' lang='lat' dir='ltr'><strong>quaginta</strong></span> <span class='ocrx_word' id='word_1_93' title='bbox 394 867 561 907; x_wconf 89' lang='lat' dir='ltr'><strong>circuitu</strong></span> <span class='ocrx_word' id='word_1_94' title='bbox 583 867 680 908; x_wconf 87' lang='lat' dir='ltr'><strong>locis</strong></span> <span class='ocrx_word' id='word_1_95' title='bbox 703 868 850 922; x_wconf 87' lang='lat' dir='ltr'><strong>apertis</strong></span> <span class='ocrx_word' id='word_1_96' title='bbox 873 868 1090 908; x_wconf 81' lang='lat' dir='ltr'><strong>exercitum</strong></span> <span class='ocrx_word' id='word_1_97' title='bbox 1109 869 1286 918; x_wconf 90' lang='lat' dir='ltr'><strong>duceret,</strong></span> <span class='ocrx_word' id='word_1_98' title='bbox 1312 870 1357 909; x_wconf 92' lang='lat' dir='ltr'><strong>de</strong></span> <span class='ocrx_word' id='word_1_99' title='bbox 1369 877 1508 922; x_wconf 83' lang='lat' dir='ltr'><strong>quarta</strong></span> <span class='ocrx_word' id='word_1_100' title='bbox 1522 867 1673 921; x_wconf 86' lang='lat' dir='ltr'><strong>uigilia,</strong></span> 
     </span>
     <span class='ocr_line' id='line_1_12' title="bbox 190 933 1722 990; baseline 0 -15"><span class='ocrx_word' id='word_1_101' title='bbox 190 944 233 976; x_wconf 93' lang='lat' dir='ltr'><strong>ut</strong></span> <span class='ocrx_word' id='word_1_102' title='bbox 254 936 437 986; x_wconf 84' lang='lat' dir='ltr'><strong>dixerat,</strong></span> <span class='ocrx_word' id='word_1_103' title='bbox 472 937 672 990; x_wconf 83' lang='lat' dir='ltr'><strong>profectus</strong></span> <span class='ocrx_word' id='word_1_104' title='bbox 694 943 769 976; x_wconf 89' lang='lat' dir='ltr'><strong>est.</strong></span> <span class='ocrx_word' id='word_1_105' title='bbox 828 934 1005 990; x_wconf 87' lang='lat' dir='ltr'><strong>Septimo</strong></span> <span class='ocrx_word' id='word_1_106' title='bbox 1029 936 1106 986; x_wconf 89' lang='lat' dir='ltr'><strong>die,</strong></span> <span class='ocrx_word' id='word_1_107' title='bbox 1132 950 1218 976; x_wconf 90' lang='lat' dir='ltr'><strong>cum</strong></span> <span class='ocrx_word' id='word_1_108' title='bbox 1240 937 1316 977; x_wconf 89' lang='lat' dir='ltr'><strong>iter</strong></span> <span class='ocrx_word' id='word_1_109' title='bbox 1338 952 1416 977; x_wconf 89' lang='lat' dir='ltr'><strong>non</strong></span> <span class='ocrx_word' id='word_1_110' title='bbox 1438 936 1676 977; x_wconf 88' lang='lat' dir='ltr'><strong>intermitte-</strong></span> <span class='ocrx_word' id='word_1_111' title='bbox 1697 933 1722 975; x_wconf 86' lang='lat'>5</span> 
     </span>
     <span class='ocr_line' id='line_1_13' title="bbox 188 1003 1676 1058; baseline 0.001 -15"><span class='ocrx_word' id='word_1_112' title='bbox 188 1011 265 1053; x_wconf 87' lang='lat' dir='ltr'><strong>ret,</strong></span> <span class='ocrx_word' id='word_1_113' title='bbox 290 1003 336 1043; x_wconf 85' lang='lat' dir='ltr'><strong>ab</strong></span> <span class='ocrx_word' id='word_1_114' title='bbox 360 1003 678 1057; x_wconf 75' lang='lat' dir='ltr'><strong>exploratoribus</strong></span> <span class='ocrx_word' id='word_1_115' title='bbox 702 1004 850 1044; x_wconf 84' lang='lat' dir='ltr'><strong>certior</strong></span> <span class='ocrx_word' id='word_1_116' title='bbox 872 1005 999 1044; x_wconf 87' lang='lat' dir='ltr'><strong>factus</strong></span> <span class='ocrx_word' id='word_1_117' title='bbox 1023 1011 1084 1044; x_wconf 84' lang='lat' dir='ltr'><strong>est</strong></span> <span class='ocrx_word' id='word_1_118' title='bbox 1104 1005 1301 1045; x_wconf 91' lang='lat' dir='ltr'><strong>Ariouisti</strong></span> <span class='ocrx_word' id='word_1_119' title='bbox 1325 1005 1457 1058; x_wconf 89' lang='lat' dir='ltr'><strong>copias</strong></span> <span class='ocrx_word' id='word_1_120' title='bbox 1484 1019 1506 1044; x_wconf 90' lang='lat' dir='ltr'><strong>a</strong></span> <span class='ocrx_word' id='word_1_121' title='bbox 1529 1003 1676 1044; x_wconf 88' lang='lat' dir='ltr'><strong>nostris</strong></span> 
     </span>
     <span class='ocr_line' id='line_1_14' title="bbox 189 1069 1751 1126; baseline 0.001 -14"><span class='ocrx_word' id='word_1_122' title='bbox 189 1072 346 1113; x_wconf 90' lang='lat' dir='ltr'><strong>milibus</strong></span> <span class='ocrx_word' id='word_1_123' title='bbox 377 1086 559 1126; x_wconf 85' lang='lat' dir='ltr'><strong>passuum</strong></span> <span class='ocrx_word' id='word_1_124' title='bbox 594 1079 779 1126; x_wconf 86' lang='lat' dir='ltr'><strong>quattuor</strong></span> <span class='ocrx_word' id='word_1_125' title='bbox 810 1079 847 1112; x_wconf 90' lang='lat' dir='ltr'><strong>et</strong></span> <span class='ocrx_word' id='word_1_126' title='bbox 876 1079 944 1112; x_wconf 87' lang='lat' dir='ltr'><strong>XX</strong></span> <span class='ocrx_word' id='word_1_127' title='bbox 965 1072 1123 1113; x_wconf 86' lang='lat' dir='ltr'><strong>abesse.</strong></span> <span class='ocrx_word' id='word_1_128' title='bbox 1176 1070 1350 1126; x_wconf 83' lang='lat' dir='ltr'><strong>Cognito</strong></span> <span class='ocrx_word' id='word_1_129' title='bbox 1383 1070 1572 1113; x_wconf 82' lang='lat' dir='ltr'><strong>Caesaris</strong></span> <span class='ocrx_word' id='word_1_130' title='bbox 1605 1071 1670 1111; x_wconf 91' lang='lat' dir='ltr'><strong>ad·</strong></span> <span class='ocrx_word' id='word_1_131' title='bbox 1692 1069 1751 1114; x_wconf 76' lang='grc'><strong>42</strong></span> 
     </span>
     <span class='ocr_line' id='line_1_15' title="bbox 190 1139 1678 1194; baseline -0.001 -14"><span class='ocrx_word' id='word_1_132' title='bbox 190 1147 310 1181; x_wconf 91' lang='lat' dir='ltr'><strong>uentu</strong></span> <span class='ocrx_word' id='word_1_133' title='bbox 333 1140 561 1181; x_wconf 85' lang='lat' dir='ltr'><strong>Ariouistus</strong></span> <span class='ocrx_word' id='word_1_134' title='bbox 583 1140 735 1194; x_wconf 87' lang='lat' dir='ltr'><strong>legatos</strong></span> <span class='ocrx_word' id='word_1_135' title='bbox 759 1141 806 1180; x_wconf 89' lang='lat' dir='ltr'><strong>ad</strong></span> <span class='ocrx_word' id='word_1_136' title='bbox 829 1155 913 1181; x_wconf 87' lang='lat' dir='ltr'><strong>eum</strong></span> <span class='ocrx_word' id='word_1_137' title='bbox 937 1141 1081 1180; x_wconf 86' lang='lat' dir='ltr'><strong>mittit:</strong></span> <span class='ocrx_word' id='word_1_138' title='bbox 1123 1141 1223 1193; x_wconf 91' lang='lat' dir='ltr'><strong>quod</strong></span> <span class='ocrx_word' id='word_1_139' title='bbox 1257 1148 1374 1181; x_wconf 87' lang='lat' dir='ltr'><strong>antea</strong></span> <span class='ocrx_word' id='word_1_140' title='bbox 1406 1141 1452 1181; x_wconf 89' lang='lat' dir='ltr'><strong>de</strong></span> <span class='ocrx_word' id='word_1_141' title='bbox 1486 1139 1678 1192; x_wconf 89' lang='lat' dir='ltr'><strong>colloquio</strong></span> 
     </span>
     <span class='ocr_line' id='line_1_16' title="bbox 117 1208 1676 1263; baseline -0.001 -15"><span class='ocrx_word' id='word_1_142' title='bbox 117 1217 155 1248; x_wconf 80' lang='lat'><strong>15</strong></span> <span class='ocrx_word' id='word_1_143' title='bbox 188 1209 449 1262; x_wconf 85' lang='lat' dir='ltr'><strong>postulasset,</strong></span> <span class='ocrx_word' id='word_1_144' title='bbox 483 1209 520 1249; x_wconf 92' lang='lat' dir='ltr'><strong>id</strong></span> <span class='ocrx_word' id='word_1_145' title='bbox 552 1223 621 1262; x_wconf 90' lang='lat' dir='ltr'><strong>per</strong></span> <span class='ocrx_word' id='word_1_146' title='bbox 653 1223 695 1249; x_wconf 90' lang='lat' dir='ltr'><strong>se</strong></span> <span class='ocrx_word' id='word_1_147' title='bbox 717 1209 801 1249; x_wconf 86' lang='lat' dir='ltr'><strong>fieri</strong></span> <span class='ocrx_word' id='word_1_148' title='bbox 834 1208 979 1259; x_wconf 84' lang='lat' dir='ltr'><strong>licere,</strong></span> <span class='ocrx_word' id='word_1_149' title='bbox 1019 1210 1203 1262; x_wconf 88' lang='lat' dir='ltr'><strong>quoniam</strong></span> <span class='ocrx_word' id='word_1_150' title='bbox 1226 1209 1385 1263; x_wconf 90' lang='lat' dir='ltr'><strong>propius</strong></span> <span class='ocrx_word' id='word_1_151' title='bbox 1409 1208 1676 1256; x_wconf 84' lang='lat' dir='ltr'><strong>accessisset,</strong></span> 
     </span>
     <span class='ocr_line' id='line_1_17' title="bbox 191 1273 1727 1330; baseline -0.001 -14"><span class='ocrx_word' id='word_1_152' title='bbox 191 1290 310 1329; x_wconf 84' lang='lat' dir='ltr'><strong>seque</strong></span> <span class='ocrx_word' id='word_1_153' title='bbox 333 1277 370 1317; x_wconf 88' lang='lat' dir='ltr'><strong>id</strong></span> <span class='ocrx_word' id='word_1_154' title='bbox 392 1277 476 1317; x_wconf 91' lang='lat' dir='ltr'><strong>sine</strong></span> <span class='ocrx_word' id='word_1_155' title='bbox 499 1277 672 1330; x_wconf 89' lang='lat' dir='ltr'><strong>periculo</strong></span> <span class='ocrx_word' id='word_1_156' title='bbox 696 1278 826 1318; x_wconf 82' lang='lat' dir='ltr'><strong>facere</strong></span> <span class='ocrx_word' id='word_1_157' title='bbox 849 1291 966 1330; x_wconf 93' lang='lat' dir='ltr'><strong>posse</strong></span> <span class='ocrx_word' id='word_1_158' title='bbox 988 1276 1235 1317; x_wconf 84' lang='lat' dir='ltr'><strong>existimare.</strong></span> <span class='ocrx_word' id='word_1_159' title='bbox 1287 1276 1383 1317; x_wconf 92' lang='lat' dir='ltr'><strong>Non</strong></span> <span class='ocrx_word' id='word_1_160' title='bbox 1412 1276 1562 1329; x_wconf 84' lang='lat' dir='ltr'><strong>respuit</strong></span> <span class='ocrx_word' id='word_1_161' title='bbox 1585 1289 1679 1315; x_wconf 88' lang='lat' dir='ltr'><strong>con·</strong></span> <span class='ocrx_word' id='word_1_162' title='bbox 1700 1273 1727 1315; x_wconf 79' lang='lat'>2</span> 
     </span>
     <span class='ocr_line' id='line_1_18' title="bbox 193 1342 1677 1398; baseline -0.001 -14"><span class='ocrx_word' id='word_1_163' title='bbox 193 1345 385 1385; x_wconf 88' lang='lat' dir='ltr'><strong>dicionem</strong></span> <span class='ocrx_word' id='word_1_164' title='bbox 410 1342 562 1384; x_wconf 89' lang='lat' dir='ltr'><strong>Caesar</strong></span> <span class='ocrx_word' id='word_1_165' title='bbox 592 1345 745 1398; x_wconf 88' lang='lat' dir='ltr'><strong>iamque</strong></span> <span class='ocrx_word' id='word_1_166' title='bbox 768 1359 854 1386; x_wconf 87' lang='lat' dir='ltr'><strong>eum</strong></span> <span class='ocrx_word' id='word_1_167' title='bbox 888 1348 936 1387; x_wconf 91' lang='lat' dir='ltr'><strong>ad</strong></span> <span class='ocrx_word' id='word_1_168' title='bbox 967 1344 1175 1385; x_wconf 86' lang='lat' dir='ltr'><strong>Sanitatem</strong></span> <span class='ocrx_word' id='word_1_169' title='bbox 1210 1345 1362 1385; x_wconf 87' lang='lat' dir='ltr'><strong>reuerti</strong></span> <span class='ocrx_word' id='word_1_170' title='bbox 1394 1343 1677 1392; x_wconf 84' lang='lat' dir='ltr'><strong>arbitrabatur,</strong></span> 
     </span>
     <span class='ocr_line' id='line_1_19' title="bbox 192 1408 1726 1469; baseline -0.001 -18"><span class='ocrx_word' id='word_1_171' title='bbox 192 1426 276 1452; x_wconf 89' lang='lat' dir='ltr'><strong>cum</strong></span> <span class='ocrx_word' id='word_1_172' title='bbox 298 1412 351 1462; x_wconf 78' lang='lat' dir='ltr'><strong>id,</strong></span> <span class='ocrx_word' id='word_1_173' title='bbox 377 1413 477 1465; x_wconf 91' lang='lat' dir='ltr'><strong>quod</strong></span> <span class='ocrx_word' id='word_1_174' title='bbox 500 1419 616 1452; x_wconf 89' lang='lat' dir='ltr'><strong>antea</strong></span> <span class='ocrx_word' id='word_1_175' title='bbox 630 1414 1044 1469; x_wconf 84' lang='lat' dir='ltr'><strong>petentidenegasset,</strong></span> <span class='ocrx_word' id='word_1_176' title='bbox 1068 1415 1172 1454; x_wconf 91' lang='lat' dir='ltr'><strong>ultro</strong></span> <span class='ocrx_word' id='word_1_177' title='bbox 1185 1413 1453 1466; x_wconf 87' lang='lat' dir='ltr'><strong>polliceretur,</strong></span> <span class='ocrx_word' id='word_1_178' title='bbox 1479 1424 1679 1464; x_wconf 83' lang='lat' dir='ltr'><strong>magnam·</strong></span> <span class='ocrx_word' id='word_1_179' title='bbox 1701 1408 1726 1449; x_wconf 90' lang='lat'><strong>3</strong></span> 
     </span>
     <span class='ocr_line' id='line_1_20' title="bbox 194 1479 1680 1536; baseline -0.001 -17"><span class='ocrx_word' id='word_1_180' title='bbox 194 1494 267 1532; x_wconf 90' lang='lat' dir='ltr'><strong>que</strong></span> <span class='ocrx_word' id='word_1_181' title='bbox 298 1480 338 1520; x_wconf 92' lang='lat' dir='ltr'><strong>in</strong></span> <span class='ocrx_word' id='word_1_182' title='bbox 368 1494 475 1533; x_wconf 90' lang='lat' dir='ltr'><strong>spem</strong></span> <span class='ocrx_word' id='word_1_183' title='bbox 508 1480 693 1521; x_wconf 88' lang='lat' dir='ltr'><strong>ueniebat</strong></span> <span class='ocrx_word' id='word_1_184' title='bbox 722 1496 792 1534; x_wconf 88' lang='lat' dir='ltr'><strong>pro</strong></span> <span class='ocrx_word' id='word_1_185' title='bbox 824 1482 906 1522; x_wconf 92' lang='lat' dir='ltr'><strong>suis</strong></span> <span class='ocrx_word' id='word_1_186' title='bbox 936 1483 1056 1522; x_wconf 82' lang='lat' dir='ltr'><strong>tantis</strong></span> <span class='ocrx_word' id='word_1_187' title='bbox 1087 1482 1298 1536; x_wconf 80' lang='lat' dir='ltr'><strong>populique</strong></span> <span class='ocrx_word' id='word_1_188' title='bbox 1328 1479 1498 1520; x_wconf 83' lang='lat' dir='ltr'><strong>Romani</strong></span> <span class='ocrx_word' id='word_1_189' title='bbox 1528 1479 1570 1518; x_wconf 93' lang='lat' dir='ltr'><strong>in</strong></span> <span class='ocrx_word' id='word_1_190' title='bbox 1592 1492 1680 1518; x_wconf 91' lang='lat' dir='ltr'><strong>eum</strong></span> 
     </span>
     <span class='ocr_line' id='line_1_21' title="bbox 116 1547 1673 1604; baseline -0.001 -18"><span class='ocrx_word' id='word_1_191' title='bbox 116 1554 158 1586; x_wconf 77' lang='lat'><strong>‘20</strong></span> <span class='ocrx_word' id='word_1_192' title='bbox 189 1547 391 1587; x_wconf 87' lang='lat' dir='ltr'><strong>beneficiis</strong></span> <span class='ocrx_word' id='word_1_193' title='bbox 423 1548 588 1603; x_wconf 84' lang='lat' dir='ltr'><strong>cognitis</strong></span> <span class='ocrx_word' id='word_1_194' title='bbox 621 1549 702 1589; x_wconf 88' lang='lat' dir='ltr'><strong>suis</strong></span> <span class='ocrx_word' id='word_1_195' title='bbox 735 1550 942 1602; x_wconf 89' lang='lat' dir='ltr'><strong>postulatis</strong></span> <span class='ocrx_word' id='word_1_196' title='bbox 976 1552 1075 1600; x_wconf 80' lang='lat' dir='ltr'><strong>sore,</strong></span> <span class='ocrx_word' id='word_1_197' title='bbox 1110 1551 1166 1590; x_wconf 91' lang='lat' dir='ltr'><strong>uti</strong></span> <span class='ocrx_word' id='word_1_198' title='bbox 1190 1548 1406 1604; x_wconf 85' lang='lat' dir='ltr'><strong>pertinacia</strong></span> <span class='ocrx_word' id='word_1_199' title='bbox 1448 1547 1673 1587; x_wconf 86' lang='lat' dir='ltr'><strong>desisteret.</strong></span> 
     </span>
     <span class='ocr_line' id='line_1_22' title="bbox 195 1612 1727 1671; baseline -0.001 -17"><span class='ocrx_word' id='word_1_200' title='bbox 195 1613 290 1655; x_wconf 90' lang='lat' dir='ltr'><strong>Dies</strong></span> <span class='ocrx_word' id='word_1_201' title='bbox 313 1615 520 1668; x_wconf 84' lang='lat' dir='ltr'><strong>conloquio</strong></span> <span class='ocrx_word' id='word_1_202' title='bbox 544 1615 670 1656; x_wconf 87' lang='lat' dir='ltr'><strong>dictus</strong></span> <span class='ocrx_word' id='word_1_203' title='bbox 693 1623 754 1656; x_wconf 92' lang='lat' dir='ltr'><strong>est</strong></span> <span class='ocrx_word' id='word_1_204' title='bbox 776 1631 828 1656; x_wconf 79' lang='lat' dir='ltr'><strong>ex</strong></span> <span class='ocrx_word' id='word_1_205' title='bbox 850 1631 896 1657; x_wconf 89' lang='lat' dir='ltr'><strong>eo</strong></span> <span class='ocrx_word' id='word_1_206' title='bbox 920 1618 981 1658; x_wconf 91' lang='lat' dir='ltr'><strong>die</strong></span> <span class='ocrx_word' id='word_1_207' title='bbox 1004 1620 1178 1671; x_wconf 86' lang='lat' dir='ltr'><strong>quintus.</strong></span> <span class='ocrx_word' id='word_1_208' title='bbox 1228 1615 1390 1657; x_wconf 88' lang='lat' dir='ltr'><strong>Interim</strong></span> <span class='ocrx_word' id='word_1_209' title='bbox 1425 1628 1542 1668; x_wconf 85' lang='lat' dir='ltr'><strong>saepe</strong></span> <span class='ocrx_word' id='word_1_210' title='bbox 1575 1615 1677 1654; x_wconf 88' lang='lat' dir='ltr'><strong>ultro</strong></span> <span class='ocrx_word' id='word_1_211' title='bbox 1698 1612 1727 1654; x_wconf 88' lang='lat'>4</span> 
     </span>
     <span class='ocr_line' id='line_1_23' title="bbox 191 1681 1677 1736; baseline -0.001 -14"><span class='ocrx_word' id='word_1_212' title='bbox 191 1683 367 1735; x_wconf 89' lang='lat' dir='ltr'><strong>citroque</strong></span> <span class='ocrx_word' id='word_1_213' title='bbox 401 1697 487 1722; x_wconf 90' lang='lat' dir='ltr'><strong>cum</strong></span> <span class='ocrx_word' id='word_1_214' title='bbox 518 1683 637 1736; x_wconf 86' lang='lat' dir='ltr'><strong>legati</strong></span> <span class='ocrx_word' id='word_1_215' title='bbox 666 1684 772 1723; x_wconf 88' lang='lat' dir='ltr'><strong>inter</strong></span> <span class='ocrx_word' id='word_1_216' title='bbox 804 1698 872 1725; x_wconf 86' lang='lat' dir='ltr'><strong>cos</strong></span> <span class='ocrx_word' id='word_1_217' title='bbox 896 1686 1170 1735; x_wconf 85' lang='lat' dir='ltr'><strong>mitterentur,</strong></span> <span class='ocrx_word' id='word_1_218' title='bbox 1200 1684 1425 1724; x_wconf 87' lang='lat' dir='ltr'><strong>Ariouistus</strong></span> <span class='ocrx_word' id='word_1_219' title='bbox 1449 1681 1677 1735; x_wconf 87' lang='lat' dir='ltr'><strong>postulauit,</strong></span> 
     </span>
     <span class='ocr_line' id='line_1_24' title="bbox 188 1750 1681 1805; baseline -0.001 -15"><span class='ocrx_word' id='word_1_220' title='bbox 188 1763 237 1790; x_wconf 89' lang='lat' dir='ltr'><strong>ne</strong></span> <span class='ocrx_word' id='word_1_221' title='bbox 261 1763 372 1803; x_wconf 91' lang='lat' dir='ltr'><strong>quem</strong></span> <span class='ocrx_word' id='word_1_222' title='bbox 397 1751 565 1804; x_wconf 84' lang='lat' dir='ltr'><strong>peditem</strong></span> <span class='ocrx_word' id='word_1_223' title='bbox 588 1751 635 1790; x_wconf 89' lang='lat' dir='ltr'><strong>ad</strong></span> <span class='ocrx_word' id='word_1_224' title='bbox 659 1752 905 1805; x_wconf 80' lang='lat' dir='ltr'><strong>conloquium</strong></span> <span class='ocrx_word' id='word_1_225' title='bbox 930 1751 1083 1794; x_wconf 84' lang='lat' dir='ltr'><strong>Caesar</strong></span> <span class='ocrx_word' id='word_1_226' title='bbox 1105 1752 1342 1792; x_wconf 87' lang='lat' dir='ltr'><strong>adduceret:</strong></span> <span class='ocrx_word' id='word_1_227' title='bbox 1378 1750 1511 1791; x_wconf 84' lang='lat' dir='ltr'><strong>uereri</strong></span> <span class='ocrx_word' id='word_1_228' title='bbox 1540 1763 1598 1799; x_wconf 94' lang='lat' dir='ltr'><strong>se,</strong></span> <span class='ocrx_word' id='word_1_229' title='bbox 1633 1762 1681 1789; x_wconf 89' lang='lat' dir='ltr'><strong>ne</strong></span> 
     </span>
     <span class='ocr_line' id='line_1_25' title="bbox 191 1818 1678 1873; baseline -0.001 -14"><span class='ocrx_word' id='word_1_230' title='bbox 191 1833 261 1873; x_wconf 86' lang='lat' dir='ltr'><strong>per</strong></span> <span class='ocrx_word' id='word_1_231' title='bbox 281 1819 445 1859; x_wconf 84' lang='lat' dir='ltr'><strong>insidias</strong></span> <span class='ocrx_word' id='word_1_232' title='bbox 468 1819 514 1859; x_wconf 90' lang='lat' dir='ltr'><strong>ab</strong></span> <span class='ocrx_word' id='word_1_233' title='bbox 538 1832 583 1859; x_wconf 92' lang='lat' dir='ltr'><strong>eo</strong></span> <span class='ocrx_word' id='word_1_234' title='bbox 608 1820 990 1861; x_wconf 82' lang='lat' dir='ltr'><strong>circumueniretur:</strong></span> <span class='ocrx_word' id='word_1_235' title='bbox 1017 1828 1182 1873; x_wconf 86' lang='lat' dir='ltr'><strong>uterque</strong></span> <span class='ocrx_word' id='word_1_236' title='bbox 1206 1835 1291 1861; x_wconf 90' lang='lat' dir='ltr'><strong>cum</strong></span> <span class='ocrx_word' id='word_1_237' title='bbox 1308 1820 1482 1872; x_wconf 88' lang='lat' dir='ltr'><strong>equitatu</strong></span> <span class='ocrx_word' id='word_1_238' title='bbox 1500 1818 1678 1858; x_wconf 89' lang='lat' dir='ltr'><strong>ueniret:</strong></span> 
     </span>
     <span class='ocr_line' id='line_1_26' title="bbox 114 1882 1728 1942; baseline -0.001 -17"><span class='ocrx_word' id='word_1_239' title='bbox 114 1894 155 1925; x_wconf 79' lang='lat'><strong>25</strong></span> <span class='ocrx_word' id='word_1_240' title='bbox 187 1886 262 1927; x_wconf 86' lang='lat' dir='ltr'><strong>alia</strong></span> <span class='ocrx_word' id='word_1_241' title='bbox 285 1887 437 1927; x_wconf 90' lang='lat' dir='ltr'><strong>ratione</strong></span> <span class='ocrx_word' id='word_1_242' title='bbox 461 1901 550 1928; x_wconf 88' lang='lat' dir='ltr'><strong>sese</strong></span> <span class='ocrx_word' id='word_1_243' title='bbox 572 1902 650 1927; x_wconf 89' lang='lat' dir='ltr'><strong>non</strong></span> <span class='ocrx_word' id='word_1_244' title='bbox 673 1901 761 1928; x_wconf 89' lang='lat' dir='ltr'><strong>esse</strong></span> <span class='ocrx_word' id='word_1_245' title='bbox 784 1896 1009 1929; x_wconf 86' lang='lat' dir='ltr'><strong>uenturum.</strong></span> <span class='ocrx_word' id='word_1_246' title='bbox 1059 1887 1233 1938; x_wconf 85' lang='lat' dir='ltr'><strong>Cae-sar,</strong></span> <span class='ocrx_word' id='word_1_247' title='bbox 1269 1889 1370 1942; x_wconf 87' lang='lat' dir='ltr'><strong>quod</strong></span> <span class='ocrx_word' id='word_1_248' title='bbox 1399 1900 1524 1940; x_wconf 87' lang='lat' dir='ltr'><strong>neque</strong></span> <span class='ocrx_word' id='word_1_249' title='bbox 1547 1886 1680 1926; x_wconf 90' lang='lat' dir='ltr'><strong>conlo-</strong></span> <span class='ocrx_word' id='word_1_250' title='bbox 1702 1882 1728 1924; x_wconf 84' lang='lat'>5</span> 
     </span>
     <span class='ocr_line' id='line_1_27' title="bbox 189 1953 1679 2011; baseline 0 -18"><span class='ocrx_word' id='word_1_251' title='bbox 189 1954 319 2007; x_wconf 88' lang='lat' dir='ltr'><strong>quium</strong></span> <span class='ocrx_word' id='word_1_252' title='bbox 342 1954 573 2008; x_wconf 88' lang='lat' dir='ltr'><strong>interposita</strong></span> <span class='ocrx_word' id='word_1_253' title='bbox 600 1969 719 1995; x_wconf 87' lang='lat' dir='ltr'><strong>causa</strong></span> <span class='ocrx_word' id='word_1_254' title='bbox 742 1956 824 1996; x_wconf 89' lang='lat' dir='ltr'><strong>tolli</strong></span> <span class='ocrx_word' id='word_1_255' title='bbox 847 1957 1004 1997; x_wconf 88' lang='lat' dir='ltr'><strong>uolebat</strong></span> <span class='ocrx_word' id='word_1_256' title='bbox 1024 1971 1150 2011; x_wconf 88' lang='lat' dir='ltr'><strong>neque</strong></span> <span class='ocrx_word' id='word_1_257' title='bbox 1164 1957 1329 1997; x_wconf 86' lang='lat' dir='ltr'><strong>salutem</strong></span> <span class='ocrx_word' id='word_1_258' title='bbox 1346 1970 1455 1996; x_wconf 89' lang='lat' dir='ltr'><strong>suam</strong></span> <span class='ocrx_word' id='word_1_259' title='bbox 1472 1953 1679 1994; x_wconf 86' lang='lat' dir='ltr'><strong>Gallorum</strong></span> 
     </span>
     <span class='ocr_line' id='line_1_28' title="bbox 191 2020 1680 2075; baseline -0.001 -13"><span class='ocrx_word' id='word_1_260' title='bbox 191 2022 378 2074; x_wconf 86' lang='lat' dir='ltr'><strong>equitatui</strong></span> <span class='ocrx_word' id='word_1_261' title='bbox 402 2023 645 2064; x_wconf 87' lang='lat' dir='ltr'><strong>committere</strong></span> <span class='ocrx_word' id='word_1_262' title='bbox 668 2024 853 2075; x_wconf 87' lang='lat' dir='ltr'><strong>audebat,</strong></span> <span class='ocrx_word' id='word_1_263' title='bbox 880 2026 1236 2066; x_wconf 88' lang='lat' dir='ltr'><strong>commodissimum</strong></span> <span class='ocrx_word' id='word_1_264' title='bbox 1261 2039 1350 2065; x_wconf 87' lang='lat' dir='ltr'><strong>esse</strong></span> <span class='ocrx_word' id='word_1_265' title='bbox 1383 2023 1525 2064; x_wconf 84' lang='lat' dir='ltr'><strong>statuit</strong></span> <span class='ocrx_word' id='word_1_266' title='bbox 1555 2020 1680 2062; x_wconf 88' lang='lat' dir='ltr'><strong>omni-</strong></span> 
     </span>
     <span class='ocr_line' id='line_1_29' title="bbox 187 2088 1680 2147; baseline -0.003 -14"><span class='ocrx_word' id='word_1_267' title='bbox 187 2089 259 2133; x_wconf 85' lang='lat' dir='ltr'><strong>bus</strong></span> <span class='ocrx_word' id='word_1_268' title='bbox 282 2090 391 2144; x_wconf 91' lang='lat' dir='ltr'><strong>equis</strong></span> <span class='ocrx_word' id='word_1_269' title='bbox 416 2089 542 2131; x_wconf 89' lang='lat' dir='ltr'><strong>Gallis</strong></span> <span class='ocrx_word' id='word_1_270' title='bbox 566 2092 761 2145; x_wconf 87' lang='lat' dir='ltr'><strong>equitibus</strong></span> <span class='ocrx_word' id='word_1_271' title='bbox 785 2094 974 2134; x_wconf 88' lang='lat' dir='ltr'><strong>detractis</strong></span> <span class='ocrx_word' id='word_1_272' title='bbox 997 2108 1043 2134; x_wconf 88' lang='lat' dir='ltr'><strong>eo</strong></span> <span class='ocrx_word' id='word_1_273' title='bbox 1066 2093 1305 2147; x_wconf 83' lang='lat' dir='ltr'><strong>legionarios</strong></span> <span class='ocrx_word' id='word_1_274' title='bbox 1338 2092 1479 2132; x_wconf 88' lang='lat' dir='ltr'><strong>milites</strong></span> <span class='ocrx_word' id='word_1_275' title='bbox 1510 2088 1680 2143; x_wconf 83' lang='lat' dir='ltr'><strong>legionis</strong></span> 
     </span>
     <span class='ocr_line' id='line_1_30' title="bbox 191 2157 1678 2215; baseline 0 -18"><span class='ocrx_word' id='word_1_276' title='bbox 191 2158 389 2209; x_wconf 86' lang='lat' dir='ltr'><strong>decimae,</strong></span> <span class='ocrx_word' id='word_1_277' title='bbox 419 2159 480 2199; x_wconf 89' lang='lat' dir='ltr'><strong>cui</strong></span> <span class='ocrx_word' id='word_1_278' title='bbox 513 2174 628 2213; x_wconf 83' lang='lat' dir='ltr'><strong>quam</strong></span> <span class='ocrx_word' id='word_1_279' title='bbox 661 2161 835 2202; x_wconf 82' lang='lat' dir='ltr'><strong>maxime</strong></span> <span class='ocrx_word' id='word_1_280' title='bbox 858 2162 1103 2211; x_wconf 89' lang='lat' dir='ltr'><strong>confidebat,</strong></span> <span class='ocrx_word' id='word_1_281' title='bbox 1137 2162 1342 2215; x_wconf 88' lang='lat' dir='ltr'><strong>inponere,</strong></span> <span class='ocrx_word' id='word_1_282' title='bbox 1378 2167 1422 2200; x_wconf 93' lang='lat' dir='ltr'><strong>ut</strong></span> <span class='ocrx_word' id='word_1_283' title='bbox 1442 2157 1678 2213; x_wconf 89' lang='lat' dir='ltr'><strong>praesidium</strong></span> 
     </span>
    </p>
   </div>
   <div class='ocr_carea' id='block_1_3' title="bbox 189 2281 1680 2891">
    <p class='ocr_par' dir='ltr' id='par_1_3' title="bbox 189 2281 1680 2891">
     <span class='ocr_line' id='line_1_31' title="bbox 333 2281 1679 2328; baseline -0.002 -14"><span class='ocrx_word' id='word_1_284' title='bbox 333 2281 352 2314; x_wconf 86' lang='lat'>3</span> <span class='ocrx_word' id='word_1_285' title='bbox 371 2291 446 2313; x_wconf 89' lang='lat' dir='ltr'><strong>esse</strong></span> <span class='ocrx_word' id='word_1_286' title='bbox 465 2292 535 2313; x_wconf 86' lang='lat' dir='ltr'><strong>om.</strong></span> <span class='ocrx_word' id='word_1_287' title='bbox 559 2283 600 2314; x_wconf 83' lang='lat' dir='ltr'><strong>C.</strong></span> <span class='ocrx_word' id='word_1_288' title='bbox 741 2285 761 2316; x_wconf 85' lang='lat'>4</span> <span class='ocrx_word' id='word_1_289' title='bbox 781 2284 919 2328; x_wconf 85' lang='lat' dir='ltr'><strong>deinde]</strong></span> <span class='ocrx_word' id='word_1_290' title='bbox 940 2284 1084 2326; x_wconf 84' lang='lat' dir='ltr'><strong>denique</strong></span> <span class='ocrx_word' id='word_1_291' title='bbox 1106 2284 1137 2315; x_wconf 85' lang='lat' dir='ltr'><strong>b.</strong></span> <span class='ocrx_word' id='word_1_292' title='bbox 1279 2293 1353 2315; x_wconf 87' lang='lat' dir='ltr'><strong>cum</strong></span> <span class='ocrx_word' id='word_1_293' title='bbox 1375 2281 1520 2313; x_wconf 87' lang='lat' dir='ltr'><strong>tribunis</strong></span> <span class='ocrx_word' id='word_1_294' title='bbox 1539 2299 1581 2304; x_wconf 94' lang='lat'>—</span> <span class='ocrx_word' id='word_1_295' title='bbox 1600 2290 1679 2312; x_wconf 88' lang='lat' dir='ltr'><strong>cen-</strong></span> 
     </span>
     <span class='ocr_line' id='line_1_32' title="bbox 189 2331 1561 2375; baseline 0 -13"><span class='ocrx_word' id='word_1_296' title='bbox 189 2331 381 2364; x_wconf 85' lang='lat' dir='ltr'><strong>turionibus</strong></span> <span class='ocrx_word' id='word_1_297' title='bbox 400 2332 433 2363; x_wconf 85' lang='grc' dir='ltr'><em>Α</em></span> <span class='ocrx_word' id='word_1_298' title='bbox 444 2332 528 2372; x_wconf 87' lang='grc' dir='ltr'><strong>ΒΕ,</strong></span> <span class='ocrx_word' id='word_1_299' title='bbox 549 2343 611 2375; x_wconf 89' lang='lat' dir='ltr'><strong>per</strong></span> <span class='ocrx_word' id='word_1_300' title='bbox 629 2333 785 2366; x_wconf 90' lang='lat' dir='ltr'><strong>tribunos</strong></span> <span class='ocrx_word' id='word_1_301' title='bbox 803 2353 847 2358; x_wconf 89' lang='lat'>—</span> <span class='ocrx_word' id='word_1_302' title='bbox 867 2336 1088 2368; x_wconf 81' lang='lat' dir='ltr'><strong>centuriones</strong></span> <span class='ocrx_word' id='word_1_303' title='bbox 1111 2335 1165 2367; x_wconf 81' lang='lat' dir='ltr'><strong>C?</strong></span> <span class='ocrx_word' id='word_1_304' title='bbox 1184 2334 1201 2365; x_wconf 86' lang='lat' dir='ltr'><strong>b</strong></span> <span class='ocrx_word' id='word_1_305' title='bbox 1214 2333 1237 2365; x_wconf 83' lang='lat' dir='ltr'><strong>d</strong></span> <span class='ocrx_word' id='word_1_306' title='bbox 1250 2334 1351 2375; x_wconf 80' lang='lat' dir='ltr'><strong>eset</strong></span> <span class='ocrx_word' id='word_1_307' title='bbox 1366 2344 1434 2364; x_wconf 76' lang='lat' dir='ltr'><strong>sec.</strong></span> <span class='ocrx_word' id='word_1_308' title='bbox 1455 2342 1502 2363; x_wconf 85' lang='lat' dir='ltr'><strong>m.</strong></span> <span class='ocrx_word' id='word_1_309' title='bbox 1518 2332 1561 2363; x_wconf 88' lang='lat' dir='ltr'><strong>B.</strong></span> 
     </span>
     <span class='ocr_line' id='line_1_33' title="bbox 192 2381 1680 2426; baseline 0.001 -14"><span class='ocrx_word' id='word_1_310' title='bbox 192 2381 209 2412; x_wconf 88' lang='lat'><strong>5</strong></span> <span class='ocrx_word' id='word_1_311' title='bbox 228 2381 290 2423; x_wconf 87' lang='lat' dir='ltr'><strong>uti]</strong></span> <span class='ocrx_word' id='word_1_312' title='bbox 311 2392 370 2424; x_wconf 87' lang='lat' dir='ltr'><strong>per</strong></span> <span class='ocrx_word' id='word_1_313' title='bbox 387 2393 446 2414; x_wconf 91' lang='lat' dir='ltr'><strong>eos</strong></span> <span class='ocrx_word' id='word_1_314' title='bbox 464 2383 547 2415; x_wconf 79' lang='lat' dir='ltr'><strong>add.</strong></span> <span class='ocrx_word' id='word_1_315' title='bbox 565 2385 618 2416; x_wconf 74' lang='lat' dir='ltr'><strong>C?</strong></span> <span class='ocrx_word' id='word_1_316' title='bbox 637 2384 751 2426; x_wconf 84' lang='lat' dir='ltr'><strong>bdes</strong></span> <span class='ocrx_word' id='word_1_317' title='bbox 763 2388 799 2416; x_wconf 82' lang='lat' dir='ltr'><strong>et</strong></span> <span class='ocrx_word' id='word_1_318' title='bbox 814 2397 883 2418; x_wconf 77' lang='lat' dir='ltr'><strong>sec.</strong></span> <span class='ocrx_word' id='word_1_319' title='bbox 903 2397 951 2419; x_wconf 83' lang='lat' dir='ltr'><strong>m.</strong></span> <span class='ocrx_word' id='word_1_320' title='bbox 971 2386 1014 2418; x_wconf 88' lang='lat' dir='ltr'><strong>B.</strong></span> <span class='ocrx_word' id='word_1_321' title='bbox 1133 2385 1151 2417; x_wconf 87' lang='grc'><strong>6</strong></span> <span class='ocrx_word' id='word_1_322' title='bbox 1172 2384 1223 2426; x_wconf 89' lang='grc'><strong>36]</strong></span> <span class='ocrx_word' id='word_1_323' title='bbox 1253 2395 1356 2426; x_wconf 85' lang='lat' dir='ltr'><strong>seque</strong></span> <span class='ocrx_word' id='word_1_324' title='bbox 1377 2384 1407 2415; x_wconf 81' lang='lat' dir='ltr'><strong>b.</strong></span> <span class='ocrx_word' id='word_1_325' title='bbox 1529 2393 1590 2414; x_wconf 85' lang='lat' dir='ltr'><strong>nec</strong></span> <span class='ocrx_word' id='word_1_326' title='bbox 1609 2393 1680 2414; x_wconf 88' lang='lat' dir='ltr'><strong>um-</strong></span> 
     </span>
     <span class='ocr_line' id='line_1_34' title="bbox 192 2433 1677 2480; baseline 0.001 -16"><span class='ocrx_word' id='word_1_327' title='bbox 192 2443 287 2474; x_wconf 82' lang='lat' dir='ltr'><strong>quam</strong></span> <span class='ocrx_word' id='word_1_328' title='bbox 308 2436 421 2467; x_wconf 75' lang='lat' dir='ltr'><strong>ADE</strong></span> <span class='ocrx_word' id='word_1_329' title='bbox 436 2437 608 2478; x_wconf 85' lang='lat' dir='ltr'><strong>(umquam</strong></span> <span class='ocrx_word' id='word_1_330' title='bbox 628 2437 742 2478; x_wconf 77' lang='lat' dir='ltr'><strong>ADf,</strong></span> <span class='ocrx_word' id='word_1_331' title='bbox 764 2448 833 2469; x_wconf 79' lang='lat' dir='ltr'><strong>non</strong></span> <span class='ocrx_word' id='word_1_332' title='bbox 852 2438 1029 2480; x_wconf 86' lang='lat' dir='ltr'><strong>unquam).</strong></span> <span class='ocrx_word' id='word_1_333' title='bbox 1150 2435 1168 2467; x_wconf 89' lang='grc'>7</span> <span class='ocrx_word' id='word_1_334' title='bbox 1188 2446 1264 2467; x_wconf 86' lang='lat' dir='ltr'><strong>esse</strong></span> <span class='ocrx_word' id='word_1_335' title='bbox 1284 2446 1352 2467; x_wconf 84' lang='lat' dir='ltr'><strong>om.</strong></span> <span class='ocrx_word' id='word_1_336' title='bbox 1368 2436 1412 2467; x_wconf 68' lang='lat' dir='ltr'><strong>A.</strong></span> <span class='ocrx_word' id='word_1_337' title='bbox 1543 2435 1563 2466; x_wconf 82' lang='lat'>8</span> <span class='ocrx_word' id='word_1_338' title='bbox 1581 2433 1677 2465; x_wconf 89' lang='lat' dir='ltr'><strong>Diui-</strong></span> 
     </span>
     <span class='ocr_line' id='line_1_35' title="bbox 190 2485 1678 2529; baseline 0.001 -14"><span class='ocrx_word' id='word_1_339' title='bbox 190 2485 316 2516; x_wconf 86' lang='lat' dir='ltr'><strong>ciacum</strong></span> <span class='ocrx_word' id='word_1_340' title='bbox 332 2496 378 2517; x_wconf 83' lang='lat' dir='ltr'><strong>m.</strong></span> <span class='ocrx_word' id='word_1_341' title='bbox 395 2496 454 2528; x_wconf 82' lang='lat' dir='ltr'><strong>pr.</strong></span> <span class='ocrx_word' id='word_1_342' title='bbox 474 2488 518 2519; x_wconf 84' lang='lat' dir='ltr'><strong>B.</strong></span> <span class='ocrx_word' id='word_1_343' title='bbox 613 2489 630 2521; x_wconf 87' lang='grc'><strong>9</strong></span> <span class='ocrx_word' id='word_1_344' title='bbox 651 2499 691 2520; x_wconf 91' lang='lat' dir='ltr'><strong>ex</strong></span> <span class='ocrx_word' id='word_1_345' title='bbox 709 2489 787 2521; x_wconf 88' lang='lat' dir='ltr'><strong>aliis</strong></span> <span class='ocrx_word' id='word_1_346' title='bbox 807 2490 838 2522; x_wconf 88' lang='lat' dir='ltr'><strong>ei</strong></span> <span class='ocrx_word' id='word_1_347' title='bbox 857 2490 972 2522; x_wconf 81' lang='lat' dir='ltr'><strong>causis</strong></span> <span class='ocrx_word' id='word_1_348' title='bbox 991 2489 1091 2521; x_wconf 83' lang='lat' dir='ltr'><strong>fidem</strong></span> <span class='ocrx_word' id='word_1_349' title='bbox 1109 2489 1288 2520; x_wconf 84' lang='lat' dir='ltr'><strong>maximam</strong></span> <span class='ocrx_word' id='word_1_350' title='bbox 1308 2489 1339 2519; x_wconf 91' lang='lat' dir='ltr'><strong>b.</strong></span> <span class='ocrx_word' id='word_1_351' title='bbox 1459 2487 1500 2519; x_wconf 87' lang='grc'><strong>13</strong></span> <span class='ocrx_word' id='word_1_352' title='bbox 1518 2491 1678 2529; x_wconf 86' lang='lat' dir='ltr'><strong>quattuor</strong></span> 
     </span>
     <span class='ocr_line' id='line_1_36' title="bbox 192 2538 1677 2582; baseline 0.001 -16"><span class='ocrx_word' id='word_1_353' title='bbox 192 2540 227 2566; x_wconf 90' lang='lat' dir='ltr'><strong>et</strong></span> <span class='ocrx_word' id='word_1_354' title='bbox 243 2547 287 2567; x_wconf 89' lang='lat' dir='ltr'><strong>xx</strong></span> <span class='ocrx_word' id='word_1_355' title='bbox 304 2538 354 2578; x_wconf 85' lang='lat' dir='ltr'><strong>B,</strong></span> <span class='ocrx_word' id='word_1_356' title='bbox 375 2548 408 2569; x_wconf 83' lang='grc' dir='ltr'><strong>ιν</strong></span> <span class='ocrx_word' id='word_1_357' title='bbox 425 2542 460 2569; x_wconf 88' lang='lat' dir='ltr'><strong>et</strong></span> <span class='ocrx_word' id='word_1_358' title='bbox 476 2549 521 2569; x_wconf 88' lang='lat' dir='ltr'><strong>xx</strong></span> <span class='ocrx_word' id='word_1_359' title='bbox 540 2549 573 2570; x_wconf 83' lang='lat' dir='ltr'><strong>u.</strong></span> <span class='ocrx_word' id='word_1_360' title='bbox 691 2541 733 2572; x_wconf 79' lang='lat'><strong>14</strong></span> <span class='ocrx_word' id='word_1_361' title='bbox 751 2542 877 2582; x_wconf 83' lang='lat' dir='ltr'><strong>antes.</strong></span> <span class='ocrx_word' id='word_1_362' title='bbox 999 2541 1038 2573; x_wconf 72' lang='lat'><strong>16</strong></span> <span class='ocrx_word' id='word_1_363' title='bbox 1059 2540 1257 2571; x_wconf 83' lang='lat' dir='ltr'><strong>existimare</strong></span> <span class='ocrx_word' id='word_1_364' title='bbox 1286 2540 1318 2571; x_wconf 78' lang='lat' dir='ltr'><em>A</em></span> <span class='ocrx_word' id='word_1_365' title='bbox 1336 2539 1368 2571; x_wconf 79' lang='lat' dir='ltr'><strong>J)</strong></span> <span class='ocrx_word' id='word_1_366' title='bbox 1382 2539 1433 2579; x_wconf 84' lang='lat' dir='ltr'><strong>E,</strong></span> <span class='ocrx_word' id='word_1_367' title='bbox 1462 2538 1677 2570; x_wconf 84' lang='lat' dir='ltr'><strong>existimaret</strong></span> 
     </span>
     <span class='ocr_line' id='line_1_37' title="bbox 200 2587 1569 2633; baseline 0.001 -12"><span class='ocrx_word' id='word_1_368' title='bbox 200 2587 294 2628; x_wconf 72' lang='lat' dir='ltr'><strong>Bef.</strong></span> <span class='ocrx_word' id='word_1_369' title='bbox 442 2591 675 2623; x_wconf 85' lang='lat' dir='ltr'><strong>condicionem</strong></span> <span class='ocrx_word' id='word_1_370' title='bbox 693 2593 735 2630; x_wconf 85' lang='lat' dir='ltr'><strong>B,</strong></span> <span class='ocrx_word' id='word_1_371' title='bbox 763 2603 833 2624; x_wconf 82' lang='lat' dir='ltr'><strong>non</strong></span> <span class='ocrx_word' id='word_1_372' title='bbox 852 2593 1093 2624; x_wconf 88' lang='lat' dir='ltr'><strong>conditionem.</strong></span> <span class='ocrx_word' id='word_1_373' title='bbox 1257 2592 1297 2627; x_wconf 76' lang='lat'><strong>21</strong></span> <span class='ocrx_word' id='word_1_374' title='bbox 1326 2591 1502 2633; x_wconf 84' lang='lat' dir='ltr'><strong>conloquio</strong></span> <span class='ocrx_word' id='word_1_375' title='bbox 1527 2591 1569 2622; x_wconf 86' lang='lat' dir='ltr'><strong>B.</strong></span> 
     </span>
     <span class='ocr_line' id='line_1_38' title="bbox 193 2640 1673 2685; baseline 0.002 -17"><span class='ocrx_word' id='word_1_376' title='bbox 193 2647 293 2679; x_wconf 87' lang='lat' dir='ltr'><strong>saepe</strong></span> <span class='ocrx_word' id='word_1_377' title='bbox 311 2640 401 2671; x_wconf 88' lang='lat' dir='ltr'><strong>ultro</strong></span> <span class='ocrx_word' id='word_1_378' title='bbox 420 2640 574 2683; x_wconf 85' lang='lat' dir='ltr'><strong>citroque</strong></span> <span class='ocrx_word' id='word_1_379' title='bbox 593 2653 667 2674; x_wconf 86' lang='lat' dir='ltr'><strong>cum</strong></span> <span class='ocrx_word' id='word_1_380' title='bbox 686 2643 798 2674; x_wconf 81' lang='lat' dir='ltr'><strong>ABE</strong></span> <span class='ocrx_word' id='word_1_381' title='bbox 815 2644 912 2675; x_wconf 74' lang='lat' dir='ltr'><strong>‘mss.</strong></span> <span class='ocrx_word' id='word_1_382' title='bbox 928 2641 1118 2685; x_wconf 76' lang='lat' dir='ltr'><strong>plerique’,</strong></span> <span class='ocrx_word' id='word_1_383' title='bbox 1138 2653 1213 2675; x_wconf 86' lang='lat' dir='ltr'><strong>cum</strong></span> <span class='ocrx_word' id='word_1_384' title='bbox 1232 2652 1335 2684; x_wconf 83' lang='lat' dir='ltr'><strong>saepe</strong></span> <span class='ocrx_word' id='word_1_385' title='bbox 1351 2643 1442 2673; x_wconf 83' lang='lat' dir='ltr'><strong>ultro</strong></span> <span class='ocrx_word' id='word_1_386' title='bbox 1459 2642 1614 2684; x_wconf 85' lang='lat' dir='ltr'><strong>citroque</strong></span> <span class='ocrx_word' id='word_1_387' title='bbox 1634 2650 1673 2671; x_wconf 77' lang='lat' dir='ltr'><strong>u:</strong></span> 
     </span>
     <span class='ocr_line' id='line_1_39' title="bbox 189 2690 1677 2738; baseline 0.001 -19"><span class='ocrx_word' id='word_1_388' title='bbox 189 2690 351 2730; x_wconf 76' lang='lat' dir='ltr'><strong>infculn</strong></span> <span class='ocrx_word' id='word_1_389' title='bbox 370 2691 473 2732; x_wconf 79' lang='lat' dir='ltr'><strong>legati</strong></span> <span class='ocrx_word' id='word_1_390' title='bbox 486 2696 571 2734; x_wconf 79' lang='lat' dir='ltr'><strong>post</strong></span> <span class='ocrx_word' id='word_1_391' title='bbox 587 2703 690 2735; x_wconf 85' lang='lat' dir='ltr'><strong>saepe</strong></span> <span class='ocrx_word' id='word_1_392' title='bbox 704 2696 880 2735; x_wconf 69' lang='lat' dir='ltr'><strong>ponitur:</strong></span> <span class='ocrx_word' id='word_1_393' title='bbox 902 2705 1003 2738; x_wconf 81' lang='lat' dir='ltr'><strong>saepe</strong></span> <span class='ocrx_word' id='word_1_394' title='bbox 1021 2698 1087 2727; x_wconf 79' lang='lat' dir='ltr'><strong>int.</strong></span> <span class='ocrx_word' id='word_1_395' title='bbox 1102 2704 1196 2726; x_wconf 79' lang='lat' dir='ltr'><strong>uers.</strong></span> <span class='ocrx_word' id='word_1_396' title='bbox 1212 2694 1251 2731; x_wconf 81' lang='lat' dir='ltr'><strong>C,</strong></span> <span class='ocrx_word' id='word_1_397' title='bbox 1273 2704 1341 2725; x_wconf 85' lang='lat' dir='ltr'><strong>om.</strong></span> <span class='ocrx_word' id='word_1_398' title='bbox 1365 2694 1395 2725; x_wconf 84' lang='lat' dir='ltr'><strong>b.</strong></span> <span class='ocrx_word' id='word_1_399' title='bbox 1501 2692 1542 2725; x_wconf 79' lang='lat'><strong>23</strong></span> <span class='ocrx_word' id='word_1_400' title='bbox 1563 2690 1677 2722; x_wconf 90' lang='lat' dir='ltr'><strong>conlo-</strong></span> 
     </span>
     <span class='ocr_line' id='line_1_40' title="bbox 192 2741 1675 2788; baseline 0.001 -17"><span class='ocrx_word' id='word_1_401' title='bbox 192 2741 303 2782; x_wconf 85' lang='lat' dir='ltr'><strong>quium</strong></span> <span class='ocrx_word' id='word_1_402' title='bbox 323 2742 364 2773; x_wconf 88' lang='lat' dir='ltr'><strong>B.</strong></span> <span class='ocrx_word' id='word_1_403' title='bbox 494 2744 537 2779; x_wconf 69' lang='lat'><strong>2&#39;1</strong></span> <span class='ocrx_word' id='word_1_404' title='bbox 556 2745 713 2787; x_wconf 78' lang='lat' dir='ltr'><strong>uterque]</strong></span> <span class='ocrx_word' id='word_1_405' title='bbox 732 2746 792 2777; x_wconf 87' lang='lat' dir='ltr'><strong>sed</strong></span> <span class='ocrx_word' id='word_1_406' title='bbox 810 2751 956 2788; x_wconf 84' lang='lat' dir='ltr'><strong>uterque</strong></span> <span class='ocrx_word' id='word_1_407' title='bbox 980 2747 1011 2779; x_wconf 85' lang='lat' dir='ltr'><strong>b.</strong></span> <span class='ocrx_word' id='word_1_408' title='bbox 1130 2746 1174 2779; x_wconf 85' lang='lat'><strong>25</strong></span> <span class='ocrx_word' id='word_1_409' title='bbox 1195 2755 1270 2776; x_wconf 84' lang='lat' dir='ltr'><strong>sese</strong></span> <span class='ocrx_word' id='word_1_410' title='bbox 1289 2745 1360 2776; x_wconf 81' lang='grc' dir='ltr'><strong>ΑΕ</strong></span> <span class='ocrx_word' id='word_1_411' title='bbox 1378 2747 1474 2775; x_wconf 81' lang='lat' dir='ltr'><strong>‘mss.</strong></span> <span class='ocrx_word' id='word_1_412' title='bbox 1494 2744 1539 2781; x_wconf 74' lang='lat'><strong>8&#39;,</strong></span> <span class='ocrx_word' id='word_1_413' title='bbox 1560 2751 1595 2772; x_wconf 87' lang='lat' dir='ltr'><strong>se</strong></span> <span class='ocrx_word' id='word_1_414' title='bbox 1612 2741 1675 2780; x_wconf 86' lang='lat' dir='ltr'><strong>(B)</strong></span> 
     </span>
     <span class='ocr_line' id='line_1_41' title="bbox 194 2793 1674 2838; baseline 0.003 -16"><span class='ocrx_word' id='word_1_415' title='bbox 194 2803 227 2829; x_wconf 83' lang='lat' dir='ltr'><strong>n,</strong></span> <span class='ocrx_word' id='word_1_416' title='bbox 249 2803 317 2823; x_wconf 80' lang='lat' dir='ltr'><strong>om.</strong></span> <span class='ocrx_word' id='word_1_417' title='bbox 339 2793 394 2833; x_wconf 83' lang='lat' dir='ltr'><strong>bs.</strong></span> <span class='ocrx_word' id='word_1_418' title='bbox 534 2796 748 2838; x_wconf 85' lang='lat' dir='ltr'><strong>conloquium</strong></span> <span class='ocrx_word' id='word_1_419' title='bbox 768 2798 810 2829; x_wconf 89' lang='lat' dir='ltr'><strong>B.</strong></span> <span class='ocrx_word' id='word_1_420' title='bbox 935 2798 977 2831; x_wconf 79' lang='lat'><strong>27</strong></span> <span class='ocrx_word' id='word_1_421' title='bbox 998 2809 1075 2830; x_wconf 85' lang='lat' dir='ltr'><strong>esse</strong></span> <span class='ocrx_word' id='word_1_422' title='bbox 1094 2808 1163 2830; x_wconf 86' lang='lat' dir='ltr'><strong>om.</strong></span> <span class='ocrx_word' id='word_1_423' title='bbox 1184 2808 1230 2829; x_wconf 77' lang='lat' dir='ltr'><strong>m·</strong></span> <span class='ocrx_word' id='word_1_424' title='bbox 1249 2806 1310 2838; x_wconf 81' lang='lat' dir='ltr'><strong>pr.</strong></span> <span class='ocrx_word' id='word_1_425' title='bbox 1331 2797 1362 2827; x_wconf 84' lang='lat' dir='ltr'><strong>b.</strong></span> <span class='ocrx_word' id='word_1_426' title='bbox 1503 2795 1546 2827; x_wconf 72' lang='lat'><strong>23</strong></span> <span class='ocrx_word' id='word_1_427' title='bbox 1565 2793 1621 2835; x_wconf 87' lang='lat' dir='ltr'><strong>eo]</strong></span> <span class='ocrx_word' id='word_1_428' title='bbox 1642 2793 1674 2825; x_wconf 87' lang='lat' dir='ltr'><strong>in</strong></span> 
     </span>
     <span class='ocr_line' id='line_1_42' title="bbox 193 2844 1512 2891; baseline 0.002 -17"><span class='ocrx_word' id='word_1_429' title='bbox 193 2854 250 2874; x_wconf 88' lang='lat' dir='ltr'><strong>eos</strong></span> <span class='ocrx_word' id='word_1_430' title='bbox 270 2844 298 2875; x_wconf 90' lang='lat' dir='ltr'><em>B</em></span> <span class='ocrx_word' id='word_1_431' title='bbox 315 2845 354 2875; x_wconf 66' lang='lat' dir='ltr'><strong>F.</strong></span> <span class='ocrx_word' id='word_1_432' title='bbox 495 2846 536 2878; x_wconf 77' lang='lat'><strong>‘29</strong></span> <span class='ocrx_word' id='word_1_433' title='bbox 555 2846 668 2888; x_wconf 85' lang='lat' dir='ltr'><strong>quam]</strong></span> <span class='ocrx_word' id='word_1_434' title='bbox 690 2849 775 2888; x_wconf 84' lang='lat' dir='ltr'><strong>quod</strong></span> <span class='ocrx_word' id='word_1_435' title='bbox 796 2850 827 2881; x_wconf 23' lang='lat'><strong>⁴⁷1</strong></span> <span class='ocrx_word' id='word_1_436' title='bbox 845 2854 881 2881; x_wconf 83' lang='lat' dir='ltr'><strong>el·</strong></span> <span class='ocrx_word' id='word_1_437' title='bbox 899 2860 943 2881; x_wconf 82' lang='lat' dir='ltr'><strong>m.</strong></span> <span class='ocrx_word' id='word_1_438' title='bbox 961 2860 1020 2891; x_wconf 77' lang='lat' dir='ltr'><strong>pr.</strong></span> <span class='ocrx_word' id='word_1_439' title='bbox 1038 2851 1079 2881; x_wconf 87' lang='lat' dir='ltr'><strong>B.</strong></span> <span class='ocrx_word' id='word_1_440' title='bbox 1221 2849 1383 2890; x_wconf 84' lang='lat' dir='ltr'><strong>inponere</strong></span> <span class='ocrx_word' id='word_1_441' title='bbox 1406 2848 1435 2878; x_wconf 57' lang='lat' dir='ltr'><strong>„l</strong></span> <span class='ocrx_word' id='word_1_442' title='bbox 1447 2847 1512 2887; x_wconf 81' lang='lat' dir='ltr'><strong>Bs.</strong></span> 
     </span>
    </p>
   </div>
  </div>
 </body>
</html>
