1835 3240
89 163 174 206 476
581 187 584 191 ·
613 165 690 207 E
721 164 1200 222 BELLOQGALLICO

164 278 267 318 fecto
289 285 355 318 aut
377 285 490 333 capto
512 277 730 319 Labienum
754 293 841 318 cum
863 278 1013 319 duabus
1035 279 1258 332 legionibus
1278 270 1538 322 inTreueros
1560 282 1646 322 mit-

115 344 142 384 2
165 345 235 395 tit3
261 360 426 399 quorum
448 347 587 386 ciuitas
612 353 773 399 propter
785 344 1022 386 Germaniae
1043 347 1280 388 uicinitatem
1302 349 1508 390 cotidianis
1530 363 1646 390 exer-

163 413 280 454 citata
313 415 424 455 bellis
458 415 564 453 cultu
597 420 635 453 et
666 413 822 454 feritate
853 428 930 454 non
967 415 1128 454 multum
1162 431 1184 456 a
1206 413 1417 457 Germanis
1440 417 1643 458 differebat

85 479 141 523 26
165 495 290 534 neque
321 483 508 535 imperata
543 495 723 533 umquam
757 481 830 521 nisi
860 482 1044 522 exercitu
1078 490 1212 523 coacta
1236 483 1418 524 faciebat.
1480 483 1642 525 Interim

162 547 286 589 Gaius
318 547 511 589 Caninius
543 549 722 601 legatus,
760 563 845 588 cum
874 564 1055 604 magnam
1087 550 1374 590 multitudinem
1406 553 1640 594 conuenisse

162 616 331 656 hostium
355 617 392 655 in
415 616 513 655 fines
536 614 743 656 Pictonum
777 616 921 657 litteris
954 618 1180 671 nuntiisque
1204 617 1346 658 Durati
1369 628 1641 673 cognosceret,

162 683 224 736 qui
248 691 435 737 perpetuo
458 683 498 724 in
521 684 692 724 amicitia
716 692 916 725 manserat
936 685 1225 735 Romanorum,
1252 700 1336 725 cum
1352 700 1441 739 pars
1456 689 1642 739 quaedam

113 751 140 791 2
161 751 331 791 ciuitatis
364 752 447 791 eius
479 752 712 803 defecisset,
747 753 794 793 ad
824 753 1003 807 oppidum
1037 751 1246 793 Limonem
1275 754 1491 794 contendit.
1555 753 1644 807 Quo

162 833 247 858 cum
270 820 508 860 aduentaret
538 828 656 873 atque
686 834 737 860 ex
769 821 933 875 captiuis
964 821 1111 861 certius
1140 828 1402 875 cognosceret
1422 822 1554 862 multis
1579 823 1645 862 ho-

161 887 305 926 minum
329 887 483 927 milibus
507 902 529 927 a
552 887 757 930 Dumnaco
772 920 782 939 ,
808 890 904 930 duce
927 888 1121 939 Andium,
1147 887 1357 929 Duratium
1380 889 1553 929 clausum
1576 889 1646 930 Li-

161 968 276 994 mone
299 956 516 1010 oppugnari
542 971 666 1010 neque
691 958 865 998 infirmas
887 958 1063 1012 legiones
1097 957 1275 998 hostibus
1310 957 1555 998 committere
1577 972 1646 998 au-

113 1020 138 1061 3
161 1022 284 1071 deret,
311 1031 443 1064 castra
464 1026 594 1078 posuit
614 1025 700 1066 loco
723 1026 890 1066 munito.
934 1024 1162 1066 Dumnacus
1178 1057 1188 1075 ,
1224 1039 1309 1065 cum
1332 1025 1646 1079 adpropinquare

160 1089 369 1131 Caninium
393 1101 628 1146 cognosset,
662 1094 784 1148 copiis
818 1094 997 1134 omnibus
1022 1094 1068 1133 ad
1091 1094 1266 1147 legiones
1289 1094 1493 1133 conuersis
1516 1100 1646 1133 castra

111 1157 138 1197 4
159 1157 428 1200 Romanorum
452 1175 681 1215 oppugnare
701 1162 887 1202 instituit.
915 1160 1015 1202 Cum
1039 1162 1258 1214 complures
1281 1161 1362 1200 dies
1385 1160 1426 1200 in
1448 1175 1645 1215 oppugna-

158 1226 266 1267 tione
289 1230 600 1282 consumpsisset
633 1239 666 1269 et
702 1244 844 1283 magno
875 1244 1037 1270 suorum
1071 1229 1306 1269 detrimento
1329 1228 1472 1267 nullam
1498 1235 1646 1281 partem

159 1295 415 1335 munitionum
441 1297 665 1337 conuellere
689 1297 906 1350 potuisset,
932 1311 1070 1337 rursus
1092 1298 1140 1336 ad
1162 1290 1415 1337 obsidendum
1439 1294 1645 1335 Limonem

83 1361 137 1405 27
158 1363 272 1402 redit.
328 1362 476 1404 Eodem
513 1372 687 1418 tempore
719 1363 768 1406 C.
794 1364 940 1405 Fabius
972 1366 1124 1418 legatus
1154 1363 1363 1418 conplures
1394 1364 1574 1404 ciuitates
1607 1365 1646 1404 in

158 1430 270 1470 fidem
293 1432 447 1485 recipit,
473 1433 672 1473 obsidibus
696 1435 823 1473 firmat
844 1433 1062 1486 litterisque
1085 1431 1161 1473 Gai
1177 1430 1322 1473 Canini
1334 1430 1465 1472 Rebili
1500 1433 1540 1472 fit
1562 1447 1646 1473 cer-

159 1498 250 1547 tior,
277 1514 376 1552 quae
399 1500 439 1540 in
461 1499 691 1541 Pictonibus
714 1509 921 1555 gerantur.
987 1500 1138 1554 Quibus
1160 1501 1279 1541 rebus
1303 1500 1470 1554 cognitis
1494 1500 1647 1553 profici-

111 1565 138 1605 2
159 1567 284 1607 scitur
305 1569 353 1608 ad
376 1569 563 1609 auxilium
589 1568 758 1610 Duratio
783 1571 1000 1610 serendum.
1045 1570 1100 1610 At
1124 1568 1351 1609 Dumnacus
1373 1568 1545 1608 aduentu
1570 1566 1646 1608 Fa-

156 1635 208 1675 bii
232 1637 390 1690 cognito
413 1637 618 1691 desperata
650 1639 801 1687 salute,
836 1639 868 1678 si
901 1646 1075 1692 tempore
1107 1638 1241 1678 eodem
1274 1643 1433 1676 coactus
1467 1643 1573 1676 esset
1596 1643 1648 1675 -et

156 1701 377 1744 Romanum
402 1713 611 1746 externum
635 1707 834 1747 sustinere
857 1707 1005 1747 hostem
1030 1713 1067 1746 ct
1088 1706 1289 1760 respicere
1311 1718 1356 1744 ac
1378 1704 1518 1744 timere
1540 1704 1646 1758 oppi-

306 1889 315 1920 l
340 1887 511 1920 Treueros
530 1889 560 1921 B
579 1890 676 1921 ‘mss.
700 1890 940 1930 ztelnstiores',
963 1901 1030 1922 non
1051 1889 1186 1921 Treuir.
1366 1889 1386 1920 2
1406 1888 1594 1919 exercitata
1615 1898 1642 1927 e,

158 1941 310 1972 exercita
329 1941 402 1972 AB
418 1942 444 1973 (’
458 1942 502 1972 D.
644 1944 662 1974 4
683 1953 837 1984 umquam
857 1943 898 1975 B.
1057 1944 1074 1974 5
1095 1941 1200 1974 Gaius
1219 1942 1263 1983 B,
1284 1940 1322 1973 C.
1343 1951 1378 1972 u.
1546 1939 1646 1971 Caui-

159 1991 248 2034 nius]
269 1992 408 2024 Rebilus
428 1992 510 2024 add.
534 1993 589 2024 be.
733 1994 751 2025 6
771 1993 954 2025 Pectouum
975 1994 1016 2025 B.
1158 1992 1280 2024 Durati
1299 1992 1356 2024 Be
1374 1995 1411 2023 et
1427 1991 1576 2023 ‘Duratii
1590 1992 1650 2022 uel

155 2046 279 2085 potius
291 2043 410 2076 Durati
425 2046 678 2085 mss.pertl1i0
690 2049 725 2077 el
736 2046 847 2087 infra,
863 2056 930 2077 non
943 2044 984 2076 c'.
1081 2044 1099 2077 7
1112 2046 1167 2087 qui
1179 2064 1217 2068 —-
1233 2044 1284 2087 (9)
1295 2050 1516 2085 cognosceret
1530 2055 1598 2076 om.
1612 2055 1642 2076 e.

301 2096 319 2128 7
340 2102 514 2127 manserat
532 2096 758 2128 Romanorum
777 2098 808 2129 B
829 2097 1014 2139 ‘rele‘qui',
1044 2096 1269 2129 Romanorum
1297 2102 1533 2139 permanserat
1551 2097 1643 2129 bed.

301 2158 376 2179 cum
396 2159 464 2180 om.
488 2150 528 2180 A.
671 2150 691 2182 8
710 2149 887 2182 Limonem
907 2150 960 2182 ed.
983 2152 1052 2181 inc.
1074 2160 1107 2181 a.
1134 2150 1232 2189 1473,
1253 2149 1438 2181 Lemonum
1458 2150 1488 2181 B
1507 2151 1645 2181 ‘omnes

159 2201 387 2232 uetustiores·
408 2211 442 2232 u.
599 2201 638 2233 10
657 2211 675 2233 a
693 2202 768 2233 AB
781 2202 865 2242 CD,
885 2212 954 2233 om.
975 2212 1003 2232 e.
1169 2200 1322 2232 ‘Limone
1341 2204 1409 2232 aut
1423 2200 1571 2232 Lemone
1591 2202 1649 2233 uel

158 2249 337 2282 Lemonem
356 2261 440 2283 mss.
463 2255 603 2284 lantum
623 2263 692 2283 non
712 2252 853 2292 omnes',
875 2252 1050 2284 Limonem
1069 2251 1116 2291 B,
1145 2250 1298 2282 Libonae
1317 2251 1370 2290 D,·
1398 2250 1584 2283 Lemonum
1603 2262 1641 2291 e,

158 2301 299 2333 Lemoni
319 2313 354 2334 η.
499 2303 539 2335 12
556 2304 670 2346 posuit
689 2304 762 2335 loco
782 2304 910 2336 munito
930 2305 960 2336 B
979 2303 1058 2336 edd.
1078 2307 1159 2335 ante
1175 2303 1274 2344 Ald„
1298 2303 1425 2335 munito
1443 2304 1517 2335 loco
1536 2305 1648 2346 posuit

160 2353 275 2384 Aldus
294 2364 328 2385 u.
471 2355 548 2386 dum
571 2356 610 2387 C,
753 2355 1028 2398 adpropinquare
1045 2355 1088 2387 B.
1229 2354 1270 2386 13
1289 2360 1469 2394 cognosset
1487 2356 1562 2387 AB
1575 2356 1645 2388 (Ἰ)

158 2415 188 2444 c,
210 2411 395 2446 cognoscet
413 2417 451 2446 e;
473 2407 691 2447 cognouisset
710 2410 825 2439 inuito
847 2408 934 2439 Oud.
957 2418 990 2439 u.
1149 2407 1190 2439 14
1208 2407 1323 2449 plures
1341 2407 1385 2439 A.
1544 2419 1645 2451 oppu-

158 2457 351 2496 gnationem
370 2467 390 2488 α
405 2468 462 2490 ce.
608 2459 645 2491 16
666 2458 841 2491 Limonem
861 2459 922 2501 (B)
938 2462 973 2490 et
989 2461 1042 2490 sic
1061 2459 1134 2490 ‘uel
1144 2458 1326 2490 Lemonem
1345 2459 1440 2499 alii',
1462 2458 1646 2492 Lemonum

157 2506 220 2538 Db
235 2506 329 2538 edu.
476 2508 513 2540 17
535 2509 637 2540 rediit
655 2510 742 2550 (B)?
897 2520 936 2540 eo
957 2514 1106 2550 tempore
1126 2510 1185 2541 Be
1205 2509 1302 2540 ‘mss.
1325 2508 1365 2540 5⁷.
1528 2510 1567 2543 G.
1588 2522 1646 2542 su-

157 2557 330 2599 perducta
351 2559 445 2589 linea
466 2559 505 2590 Β.
647 2561 826 2602 conplures
842 2560 882 2591 B.
1027 2560 1067 2592 18
1087 2560 1219 2602 recepit
1237 2560 1268 2590 b.
1412 2559 1473 2592 Gai
1487 2561 1527 2602 Β,
1550 2561 1586 2593 C.
1604 2573 1644 2600 ιι,-

160 2620 228 2641 om.
249 2621 278 2639 e.
423 2610 541 2641 Canini
556 2611 613 2642 Be
634 2613 730 2641 ‘mssa
753 2609 887 2651 multi',
911 2610 1045 2642 Caninii
1065 2621 1100 2641 ιι.
1243 2609 1364 2642 ‘Rebili
1385 2612 1444 2642 ael
1457 2611 1569 2644 Reuili
1589 2613 1648 2645 uel

159 2660 282 2692 Rebilii
304 2662 481 2702 mss.ses·e
499 2661 644 2701 omnes',
669 2661 778 2693 Reuili
799 2663 849 2701 B,·
868 2672 937 2693 om.
960 2672 988 2693 e.
1149 2661 1187 2694 19
1207 2662 1343 2704 quibus]
1364 2663 1415 2694 his
1437 2664 1454 2694 b
1470 2675 1499 2695 e.

158 2713 201 2744 20
221 2713 261 2743 ad
282 2713 402 2744 auxilii
420 2714 472 2752 Α,·
493 2713 622 2744 auxilia
642 2715 772 2744 omisso
792 2713 846 2753 ad,
869 2716 907 2744 ut
926 2712 1082 2752 uidetur,
1104 2723 1132 2743 c.
1291 2713 1411 2746 Durati
1424 2715 1499 2746 AB
1514 2715 1643 2747 Cbce.

300 2767 339 2798 21
357 2771 504 2808 tempore
524 2766 642 2797 eodem
655 2765 685 2797 B
699 2765 777 2797 edd.
799 2768 882 2796 ante·
902 2775 934 2804 η,
957 2765 1073 2796 eodem
1095 2769 1243 2806 tempore
1262 2767 1340 2796 sine
1357 2768 1588 2798 annotatione
1607 2777 1642 2798 n.

305 2822 339 2849 et
358 2818 540 2849 Romanum
561 2823 590 2849 et
613 2821 790 2849 externum
811 2817 981 2848 sustinere
1001 2817 1131 2849 hostem
1161 2817 1188 2849 B
1205 2821 1240 2850 et
1260 2818 1448 2860 plerique,
1477 2823 1510 2850 et
1528 2818 1646 2851 Roma-

162 2879 238 2899 num
258 2868 385 2900 hostcm
406 2873 438 2900 et
458 2873 634 2900 externum
654 2868 825 2900 sustinere
845 2878 864 2899 α
879 2868 896 2898 b
910 2878 966 2899 ce.

1681 898 1748 937 10,

1684 1237 1720 1268 15

1678 1575 1721 1609 20
