1835 3240
86 899 125 931 10

90 1241 128 1272 15

88 1581 130 1616 20

571 161 754 205 COMM.
780 161 859 206 VII
881 159 1006 204 CAP.
1032 160 1230 202 15—18.
1634 162 1717 205 415

162 295 234 334 que
256 277 501 319 incommodo
523 276 753 327 adficiebat,
790 277 864 317 etsi
880 308 890 327 ‚
927 282 1113 330 quantum
1137 274 1290 314 ratione
1313 273 1508 326 prouideri
1533 283 1641 328 potc-

160 354 242 396 rat,
276 347 322 386 ab
356 345 503 386 nostris
536 346 843 395 occurrebatur,
879 351 920 385 ut
950 344 1112 384 incertis
1135 341 1375 396 temporibus
1399 341 1641 396 diuersisque

159 415 366 455 itineribus
390 414 525 454 iretur.
583 412 741 455 Castris
774 413 821 452 ad
853 426 937 452 cam
970 420 1119 466 partem
1153 411 1279 465 oppidi
1311 409 1449 464 positis
1473 406 1640 460 Caesar,
1666 412 1718 456 17

160 497 256 536 quae
279 483 507 523 intermissa
529 497 551 522 a
572 483 728 522 flumine
752 488 788 520 ct
811 495 832 520 a
856 480 1058 533 paludibus
1082 480 1243 528 aditum,
1268 485 1440 532 utsupra
1455 477 1640 526 diximus,

162 559 368 604 angustum
394 550 583 599 habebat,
609 563 791 603 aggerem
815 562 1027 602 apparare,
1053 549 1190 588 uineas
1212 561 1356 602 agere,
1391 553 1519 585 turres
1551 546 1645 586 duas

159 619 401 659 constituere
425 618 577 672 coepit:
603 632 693 657 nam
716 617 1014 657 circumuallare
1039 616 1112 656 loci
1136 623 1274 656 natura
1299 615 1544 670 prohibebat.
1583 614 1645 656 De
1665 616 1693 656 ,2

160 701 202 727 re
227 688 482 727 frumentaria
507 685 627 726 Boios
659 692 775 737 atque
800 683 985 724 Haeduos
1015 684 1219 724 adhortari
1249 699 1325 723 non
1350 683 1524 733 destitit3
1550 698 1645 736 quo-

163 770 244 795 rum
268 755 404 804 alteri,
441 754 541 807 quod
574 753 679 793 nullo
712 753 841 792 studio
874 753 1069 807 agebant,
1106 767 1182 792 non
1207 752 1366 791 multum
1390 751 1642 801 adiuuabant,

160 824 272 864 alteri
298 838 374 863 non
398 823 549 877 magnis
574 821 840 870 facultatibus,
866 821 966 874 quod
989 820 1129 860 ciuitas
1154 821 1395 873 cratexigua
1412 827 1451 860 et
1472 820 1642 868 infirma,

159 892 356 941 celeriter,
383 892 483 945 quod
506 891 741 940 babuerunt,
768 896 1109 943 consumpserunt.
1159 886 1318 928 Summa
1343 889 1567 928 difficultate
1589 887 1646 928 rei
1668 884 1693 926 3

162 960 440 1001 frumentariae
463 960 615 1000 adfecto
639 959 821 999 exercitu
843 958 1034 998 tenuitate
1047 955 1254 1005 Boiorum,
1279 956 1524 1009 indiligentia
1541 955 1647 995 Hae-

161 1029 351 1077 duorum,
376 1028 570 1068 incendiis
593 1026 860 1067 aedificiorum
879 1057 888 1073 ,
914 1040 1035 1079 usque
1067 1039 1113 1066 eo
1145 1032 1187 1065 ut
1218 1025 1429 1077 conplures
1462 1025 1543 1064 dies
1568 1026 1647 1064 fru-

160 1103 291 1137 mento
314 1096 458 1136 milites
491 1096 694 1136 caruerint
715 1102 753 1134 et
786 1108 926 1148 pecore
950 1108 1001 1133 ex
1024 1093 1366 1147 longinquioribus
1390 1092 1487 1132 uicis
1511 1092 1649 1132 adacto

161 1172 378 1205 extremam
402 1166 542 1204 famem
565 1170 859 1212 sustentarent,
895 1162 1001 1202 nulla
1034 1168 1161 1201 tamen
1193 1176 1273 1201 uox
1296 1168 1356 1202 est
1378 1161 1424 1200 ab
1447 1161 1494 1200 iis
1517 1160 1651 1200 audita

161 1233 289 1287 populi
321 1231 489 1273 Romani
521 1232 729 1273 maiestate
761 1239 800 1271 et
829 1230 1099 1285 superioribus
1124 1230 1299 1270 uictoriis
1324 1230 1498 1282 indigna.
1543 1226 1648 1281 Quin
1671 1228 1697 1267 4

164 1300 279 1341 etiam
296 1298 448 1341 Caesar
469 1315 555 1340 cum
578 1301 617 1340 in
641 1314 758 1354 opere
781 1300 955 1353 singulas
979 1299 1156 1353 legiones
1180 1298 1393 1352 appellaret
1416 1305 1468 1345 et,
1495 1297 1651 1337 siacer-

163 1368 247 1408 bius
271 1369 439 1423 inopiam
464 1370 637 1418 ferrent,
670 1382 712 1408 se
735 1369 985 1408 dimissurum
1010 1367 1340 1421 oppugnationem
1365 1366 1538 1415 diceret„
1565 1365 1651 1405 uni—

166 1437 269 1477 uersi
293 1437 339 1476 ab
363 1451 434 1487 eo,
469 1451 518 1476 nc
541 1437 578 1477 id
602 1438 774 1485 faceret,
800 1436 1010 1490 petebant:
1046 1436 1102 1475 sie
1126 1450 1168 1475 se
1191 1435 1412 1488 complures
1435 1447 1560 1474 annos
1584 1434 1649 1473 illo
1673 1432 1697 1473 5

164 1505 382 1558 imperante
403 1505 594 1546 meruisse
611 1537 620 1555 ‚
656 1512 699 1544 ut
731 1504 875 1544 nullam
898 1504 1151 1557 ignominiam
1174 1504 1425 1557 acciperent,
1462 1515 1652 1554 nusquam

162 1574 307 1614 infecta
329 1587 371 1614 re
384 1573 653 1614 discederent:
681 1574 752 1613 hoc
775 1586 818 1612 se
839 1572 1080 1625 ignominiae
1098 1572 1248 1611 laturos
1271 1572 1374 1620 loco,
1401 1571 1432 1611 si
1456 1571 1651 1623 inceptam
1674 1569 1699 1609 (ἲ

163 1642 494 1696 oppugnationem
516 1642 793 1695 reliquissent:
821 1647 1026 1694 praestare
1049 1654 1184 1680 omnes
1208 1640 1383 1693 perferre
1397 1639 1650 1686 acerbitates,
1676 1638 1702 1679 7

163 1724 276 1763 quam
300 1724 377 1749 non
402 1709 552 1749 ciuibus
576 1708 791 1758 Romanis,
818 1711 878 1762 qui
905 1709 1058 1749 Genabi
1083 1708 1245 1761 perfidia
1269 1706 1471 1748 Gallorum
1496 1707 1654 1746 interis-

162 1786 266 1827 sent,
291 1785 562 1832 parentarent.
607 1777 716 1817 Haec
739 1778 872 1817 eadem
897 1776 1196 1817 centurionibus
1220 1776 1466 1828 tribunisque
1489 1775 1652 1815 militum
1675 1773 1701 1814 8

164 1846 423 1896 mandabant,
449 1854 488 1886 ut
509 1860 580 1900 per
601 1859 669 1886 eos
694 1847 740 1886 ad
765 1843 981 1886 Caesarem
1005 1846 1270 1885 deferrentur.
1316 1841 1414 1884 Cum
1439 1844 1513 1883 iam
1538 1857 1650 1883 muro
1672 1841 1728 1887 18

115 1923 129 1930 '
165 1922 293 1955 turres
316 1915 716 1968 adpropinquassent,
742 1928 793 1954 ex
817 1914 983 1968 captiuis
1008 1910 1161 1954 Caesar
1183 1913 1368 1967 cognouit
1390 1911 1655 1966 Vercingeto-

165 1983 288 2036 rigem
312 1989 541 2037 consumpto
574 1983 714 2037 pabulo
746 1990 874 2023 eastra
908 1983 1082 2023 mouisse
1119 1982 1278 2036 propius
1300 1981 1516 2021 Auaricum
1541 1987 1656 2033 atque

163 2052 288 2105 ipsum
312 2066 397 2092 cum
421 2052 593 2105 equitatu
616 2052 890 2106 expeditisque
907 2084 916 2101 ‚
956 2051 1020 2105 qui
1050 2051 1157 2091 iuter
1178 2049 1330 2103 equites
1354 2048 1537 2103 proeliari
1562 2062 1655 2088 con-

165 2127 374 2170 suessent,
399 2120 627 2160 insidiarum
652 2135 769 2161 causa
792 2135 838 2161 eo
861 2121 1105 2173 profectum,
1131 2133 1207 2172 quo
1229 2125 1389 2157 nostros
1413 2123 1570 2171 postero
1594 2117 1656 2157 die

310 2258 325 2290 1
347 2258 530 2290 adficiebat
548 2259 590 2290 B.
731 2258 901 2301 peruidcri
921 2270 950 2289 e.
1116 2258 1135 2289 4
1154 2262 1188 2288 ct
1207 2266 1224 2287 a
1244 2256 1347 2297 Affl)
1364 2256 1391 2288 C
1413 2256 1536 2288 ‘multi
1552 2256 1652 2297 alz'i⁷,

168 2316 202 2342 et
220 2313 350 2342 omissa
364 2313 634 2352 praepositione
653 2321 682 2342 a.
908 2309 1090 2352 paludibus
1110 2309 1140 2340 B
1158 2313 1194 2339 et
1209 2309 1344 2349 reliqui
1360 2307 1459 2347 (nam.
1480 2308 1568 2340 Oml.
1587 2319 1654 2351 pro

170 2362 263 2393 ‘ms-v.
281 2362 310 2394 (Υ
323 2363 477 2393 seribere
491 2362 636 2393 uolebat
656 2364 750 2392 ί71135.
766 2361 812 2393 ο.’
826 2362 953 2393 honest
969 2360 1144 2399 ‘0711nes')‚
1166 2360 1289 2401 palude
1310 2360 1427 2391 bede.
1570 2361 1588 2391 6
1603 2371 1657 2391 ee-

170 2414 266 2456 pitB.
408 2414 664 2446 circumuallari
681 2414 711 2445 b.
855 2412 1055 2446 7dis1uitA
1069 2412 1151 2447 CD,
1167 2412 1303 2443 desistit
1317 2413 1349 2443 b.
1494 2412 1529 2444 'li
1547 2412 1658 2452 (adl'e-

169 2470 221 2495 rto
240 2464 282 2505 B)
303 2464 459 2497 confecto
481 2467 510 2497 la.
699 2464 875 2505 diligentia
893 2474 1014 2505 ¹111.]]7'.
1036 2463 1076 2503 Β,
1099 2463 1287 2502 indigentia
1307 2473 1375 2494 see.
1396 2473 1442 2493 m.
1463 2463 1510 2494 D.

175 2515 213 2549 12
231 2516 408 2557 conplures
428 2517 470 2548 B.
698 2515 866 2547 frumento
885 2515 1012 2546 milites
1032 2515 1088 2545 Be
1111 2513 1261 2554 ‘mulli',
1282 2514 1408 2545 milites
1430 2513 1599 2545 frumento
1619 2523 1653 2545 u.

315 2568 354 2599 ⁴13
374 2574 533 2600 carerent
552 2569 580 2599 b.
602 2568 641 2599 P.
663 2568 718 2600 83.
915 2578 956 2598 ex
980 2567 1048 2599 CD
1070 2567 1166 2598 ‘mss.
1189 2564 1256 2607 10‘,
1278 2577 1294 2598 e
1315 2566 1510 2608 (B)?(e)u.

172 2617 318 2648 adducto
338 2618 369 2649 b.
512 2619 551 2651 14
569 2618 624 2660 ab]
645 2629 685 2650 ex
707 2619 739 2650 b.
888 2618 925 2650 16
946 2618 1100 2649 acerbius
1119 2621 1202 2649 ante
1223 2627 1316 2649 corr.
1338 2618 1380 2649 B.
1541 2617 1580 2649 18
1599 2627 1657 2659 pa·

173 2669 291 2700 tebant
307 2679 353 2699 m.
368 2679 428 2709 pr.
448 2670 492 2701 B.
654 2669 837 2712 compluris
859 2669 889 2700 b.
1057 2669 1095 2701 19
1116 2679 1281 2711 nusquam
1305 2669 1331 2700 B
1351 2671 1446 2700 ‘mssa
1461 2669 1654 2710 plerique}-

173 2730 248 2751 num
268 2719 347 2760 quid
365 2729 393 2759 e,
415 2729 593 2761 numquam
610 2730 646 2751 u.
785 2720 828 2752 20
848 2719 984 2761 incepta
1003 2730 1039 2751 re
1058 2720 1131 2751 AB
1145 2720 1212 2752 CI)
1227 2721 1263 2751 bs
1399 2720 1439 2753 21
1460 2724 1654 2761 praestaret

182 2771 202 2801 ί1
214 2770 243 2801 B
257 2770 283 2801 C
296 2769 338 2800 D.
478 2771 520 2804 24
539 2771 776 2813 perferrentur
796 2771 828 2802 b.
969 2772 1011 2802 ‘25
1033 2771 1136 2802 turris
1155 2771 1464 2814 appropinquasset
1484 2770 1501 2801 b
1517 2768 1655 2812 (adpro-

171 2822 393 2864 pinquassent
410 2821 467 2858 B).
608 2822 736 2856 Caesar
756 2834 824 2855 om.
848 2824 877 2854 b.
1023 2822 1330 2865 Vercingetorigen
1351 2825 1381 2855 I).
1544 2823 1587 2857 28
1605 2823 1655 2854 in-

172 2876 319 2907 sidiandi
338 2884 440 2907 causa
460 2885 480 2905 a
495 2875 511 2905 b
525 2875 613 2907 ade.
754 2886 793 2907 co
812 2886 880 2908 om.
894 2886 914 2907 a
928 2877 1011 2907 boe.
