1835 3240
229 270 310 296 rem
340 261 550 310 gererent,
576 253 678 309 [qui]
702 261 904 308 postquam
937 254 1299 294 animaduerterunt
1330 253 1524 294 neminem
1547 254 1599 295 ibi
1622 269 1709 296 esse

231 323 485 378 [praesidio],
514 323 693 377 protinus
716 323 836 362 armis
858 321 1021 362 abiectis
1043 322 1082 362 in
1105 322 1216 375 regia
1238 329 1367 362 castra
1389 322 1526 375 fugere
1549 330 1710 363 conteu-

229 392 349 432 dunt'.
375 391 450 431 Hic
473 391 519 431 de
537 390 698 442 reliquis
710 389 827 429 rebus
840 389 980 429 dictum
995 396 1103 443 estp.
1120 388 1170 430 17
1187 407 1195 429 :
1215 390 1437 444 ‘praesidio'
1450 390 1549 443 quod
1565 391 1710 431 eicien-

228 459 562 513 dumsiguilicaui,
580 458 675 497 haec
698 471 818 497 causa
843 457 928 496 fuit.
956 454 1151 510 Scipionis
1174 458 1276 497 euim
1299 458 1474 511 legiones
1492 458 1710 511 adantiqua

228 534 374 575 castra,
391 541 488 580 quae
511 526 634 579 pridie
655 525 911 577 reliquerant,
931 525 1075 579 fugisse
1097 540 1132 565 c.
1148 524 1203 566 83
1223 533 1326 565 extr.
1344 526 1509 566 relatum
1532 532 1606 565 est.
1632 525 1710 565 Ita·

227 609 301 650 que
323 595 374 635 ihi
397 609 439 634 se
463 593 943 646 praesidiuminuenturos
958 607 1045 633 esse
1060 593 1172 646 plane
1185 601 1400 646 expectare
1414 607 1491 633 non
1513 600 1708 646 poterant.

228 663 370 717 Neque
383 676 478 702 uero
492 660 547 700 illi
561 661 796 714 praesidium
809 660 1077 713 requirebant,
1095 668 1131 700 ut
1148 675 1244 713 quos
1257 675 1326 700 suo
1340 661 1533 714 pracsidio
1545 661 1711 701 confisos

228 738 359 772 castra
381 730 545 770 relicere
568 734 607 768 et
619 742 662 768 se
675 728 887 769 defendere
903 728 1080 769 uoluisse
1094 728 1206 782 paulo
1220 736 1308 769 ante
1323 731 1466 769 dictum
1481 728 1546 777 sit,
1563 728 1630 768 sed
1645 728 1713 768 du-

227 813 310 840 cem
343 795 607 851 quaerebant,
644 810 756 849 quem
789 803 1060 849 sequerentur.
1100 795 1244 837 Deleto
1273 797 1394 849 igitur
1418 795 1642 849 ‘praesidio'
1665 796 1713 836 ad

226 866 349 907 uerba
374 865 584 904 ‘nemiuem
606 863 658 903 ibi
680 865 783 904 csse'
807 878 860 904 ex
881 864 1153 917 superioribus
1177 865 1258 904 dux
1278 864 1568 917 intellegendus
1591 870 1665 904 est.

341 930 390 974 C.
407 931 461 973 86
483 933 537 972 in.
555 931 702 972 haecin
719 932 831 971 codd.
848 932 994 986 scripta
1005 939 1120 972 suut:
1150 930 1320 972 ‘Caesar
1336 932 1450 971 trinis
1465 931 1604 972 castris
1617 931 1716 986 poti·

229 1009 289 1043 tus
312 1001 532 1053 occisisque
552 999 719 1040 hostium
733 997 775 1039 X
788 999 942 1040 milibus
959 1001 1178 1052 fugatisque
1192 999 1452 1052 compluribus
1466 997 1715 1053 serecepitL

228 1070 416 1111 militibus
431 1067 603 1117 amissis,
622 1068 755 1121 paucis
769 1068 913 1108 sauciis
927 1068 964 1107 iu
980 1075 1110 1108 castra
1126 1075 1164 1107 et
1176 1067 1307 1107 statim
1321 1080 1370 1106 cx
1383 1068 1526 1108 itinere
1539 1075 1629 1108 aute
1650 1082 1718 1121 op·

229 1138 356 1192 pidum
373 1137 574 1190 Thapsum
600 1136 779 1176 constitit
801 1136 1108 1189 elephantosque
1130 1133 1271 1176 LXIV
1283 1143 1445 1176 ornatos
1468 1142 1716 1188 armatosque

228 1220 315 1246 cum
338 1205 511 1245 turribus
535 1204 855 1256 ornamentisque
877 1204 1001 1257 capit,
1027 1211 1162 1256 captos
1186 1210 1276 1244 ante
1299 1205 1478 1257 oppidum
1501 1204 1716 1244 instructos

227 1273 460 1314 coustituit'.
497 1272 572 1312 Hic
605 1285 808 1312 numerum
839 1271 1139 1311 interfectorum
1163 1271 1333 1311 hostium
1357 1271 1516 1311 correxi
1538 1285 1590 1310 ex
1611 1269 1715 1310 Plut.

229 1338 349 1381 Caes.
367 1340 435 1390 53,
451 1340 514 1393 qui
529 1340 624 1379 haec
646 1340 772 1379 refert
794 1339 839 1378 de
854 1336 1056 1379 Caesare:
1081 1335 1251 1393 ἡμέρας
1263 1337 1308 1381 δὲ
1319 1337 1717 1394 μιᾱςμὲρειμικρῷ

227 1409 361 1464 ’τριῶν
374 1407 688 1463 στρατοπέδων
701 1405 913 1463 ἐγκρατής
925 1406 1115 1462 γεγονώς
1129 1407 1199 1448 καὶ
1211 1406 1621 1461 πεντακισμυρίους
1631 1406 1720 1448 τῶν

227 1477 458 1532 πολεμίων
489 1472 720 1533 α’νῃρηκώς
751 1470 853 1516 οὐδὲ
885 1472 1170 1527 πεντήκοντα
1200 1474 1290 1517 τῶν
1323 1473 1445 1518 ἰδίων
1475 1470 1719 1530 ἀπέβαλεν.

226 1546 333 1588 Nam
347 1560 432 1586 cum
449 1551 589 1584 auctor
601 1543 805 1597 superiore
817 1544 943 1597 capite
954 1542 1301 1582 retulissetomues
1312 1540 1589 1596 Pompeianos,
1604 1540 1720 1594 quiin

229 1621 359 1656 castra
381 1614 627 1666 refugerant,
644 1610 917 1652 crudelissime
940 1611 1284 1659 esscintcrfcctos,
1300 1610 1394 1649 nihil
1409 1617 1509 1659 erat,
1529 1610 1631 1662 quod
1646 1622 1718 1648 nu-

227 1696 379 1723 merum
402 1695 500 1721 uero
522 1680 711 1720 minorem
732 1685 908 1732 poneret.
931 1677 1086 1718 Deinde
1103 1677 1251 1731 ‘capit',
1268 1678 1367 1730 quod
1384 1678 1548 1731 ‘captos'
1562 1690 1722 1731 praece-

229 1751 298 1800 dit,
315 1750 518 1789 delendum
532 1762 620 1788 esse
631 1746 729 1787 uidit
742 1744 1024 1799 Glandorpius.
1040 1744 1220 1785 Ridicule
1235 1746 1336 1785 enim
1352 1742 1604 1786 Caesarante
1616 1742 1723 1784 Tha·

231 1832 342 1872 psum
367 1816 595 1857 constitisse
622 1822 661 1855 et
683 1829 768 1854 cun]
784 1814 964 1854 exercitu
976 1814 1203 1867 elephantos
1218 1820 1383 1853 uenatus
1398 1813 1609 1864 diceretur,
1625 1826 1722 1867 quos

229 1886 268 1926 in
286 1885 433 1939 proelio
447 1891 581 1938 captos
594 1897 681 1923 esse
702 1883 785 1936 ipsa
799 1896 864 1922 res
877 1883 1004 1922 docet.
1027 1880 1150 1922 Vides
1163 1882 1391 1934 magistrum
1407 1881 1617 1921 rhetorem.
1641 1881 1723 1922 Ve-

231 1968 317 1994 rum
350 1967 539 1994 numerus
563 1964 717 2005 quoque
740 1951 1036 2004 elephantorum
1063 1949 1328 1990 emendandus
1352 1955 1452 1990 erat.
1487 1948 1722 1990 Aduersarii

233 2022 334 2062 enim
347 2019 537 2062 Caesaris
550 2018 673 2061 CXX
685 2019 912 2072 elephantos
927 2016 1309 2069 habuerunt(c.l,4)
1327 2034 1335 2056 :
1352 2018 1420 2057 sed
1432 2031 1499 2057 eos
1513 2030 1648 2057 omnes
1661 2015 1726 2057 Iu-

231 2090 305 2130 bae
328 2089 448 2129 fuisse
470 2089 560 2128 iude
581 2094 757 2142 apparet,
779 2087 880 2140 quod
896 2085 961 2135 19,
979 2085 1002 2125 5
1016 2086 1122 2126 inter
1141 2086 1250 2139 regia
1264 2084 1413 2124 auxilia
1427 2091 1724 2125 enumerantur.

230 2155 328 2197 Iuba
351 2170 444 2197 uero
457 2171 542 2197 cum
556 2163 693 2196 contra
708 2152 866 2195 Sittium
881 2155 920 2194 iu
935 2168 1097 2208 regnum
1113 2154 1444 2207 proficisceretur,
1464 2152 1625 2204 triginta
1640 2159 1725 2192 tan-

234 2234 312 2266 tum
328 2225 557 2278 elephantos
569 2224 666 2278 apud
679 2221 903 2277 Scipionem
917 2222 1174 2274 reliquit(25,
1189 2221 1230 2274 5)
1249 2240 1255 2260 :
1271 2234 1395 2274 neque
1409 2220 1539 2273 plures
1550 2219 1724 2270 affuisse,

235 2294 460 2348 priusquam
475 2291 568 2332 Iuba
581 2291 745 2341 rediret,
759 2306 794 2331 c.
809 2289 876 2339 30,
891 2289 917 2331 2
928 2291 1196 2337 confirmatur,
1213 2288 1275 2328 ubi
1290 2286 1513 2342 Scipionem
1526 2287 1725 2327 uniuersis

235 2360 357 2414 copiis
369 2360 568 2414 productis
578 2373 663 2400 eum
677 2373 882 2400 numerum
894 2358 1074 2399 habuisse
1085 2358 1268 2397 refertur.
1281 2354 1380 2397 Cum
1392 2362 1521 2395 autem
1532 2353 1629 2395 Iuba
1640 2354 1728 2395 red-

233 2426 466 2480 iret‚XXX
477 2427 706 2482 elephantos
727 2427 886 2468 adduxit
900 2426 987 2479 (48,
1001 2425 1113 2480 1),ut
1131 2439 1216 2465 eum
1228 2425 1399 2477 reliquos
1411 2423 1621 2476 sexaginta
1639 2436 1727 2463 cum

235 2493 412 2537 Saburra
426 2503 562 2536 contra
578 2493 736 2537 Sittium
751 2495 906 2536 misisse
920 2494 1166 2535 statuendum
1182 2493 1247 2533 sit.
1273 2490 1411 2545 Itaque
1423 2506 1455 2531 c.
1472 2489 1541 2540 48,
1557 2489 1583 2530 (3
1595 2487 1727 2544 Scipio

236 2564 444 2604 uniuersas
455 2577 546 2603 suas
556 2564 739 2618 regisque
751 2563 884 2617 copias
898 2577 983 2602 cum
998 2561 1216 2615 elephantis
1230 2559 1305 2600 LX
1318 2559 1554 2613 produxisse
1567 2557 1726 2598 dicitur.

239 2629 338 2673 Cum
353 2633 481 2686 plures
496 2639 634 2685 postea
647 2645 724 2670 uon
737 2631 993 2680 accesserint,
1018 2630 1049 2669 is
1072 2643 1257 2669 numerus
1281 2629 1341 2669 hic
1355 2639 1505 2680 quoque
1528 2624 1730 2679 ponendus

238 2708 300 2742 cst
314 2718 323 2742 ε
340 2708 477 2741 etcum
491 2700 640 2754 proelio
652 2698 896 2753 Thapsitauo
911 2704 1064 2751 captum
1078 2711 1168 2738 esse
1182 2694 1349 2738 Orosius
1367 2694 1439 2745 VI,
1457 2692 1509 2734 16
1521 2695 1660 2734 refert.

354 2765 404 2809 C.
428 2767 509 2818 97,
542 2767 564 2808 1
589 2767 776 2808 edebatur
811 2766 1162 2820 ‘uectigalibusque
1194 2765 1315 2820 regiis
1347 2762 1547 2814 abrogatis
1579 2775 1630 2802 ex
1664 2773 1728 2801 re-

240 2851 394 2892 gnoque
418 2836 622 2892 prouincia
644 2835 774 2877 facta'.
808 2834 957 2876 Verum
981 2832 1214 2885 Caesarem,
1240 2848 1352 2888 quem
1376 2832 1539 2886 pecunia
1563 2830 1626 2871 uel
1647 2841 1728 2870 ma-
