1835 3240
695 188 1063 228 —4—

137 312 184 339 ea
206 299 252 340 de
274 314 391 341 causa
407 330 417 349 ‚
450 300 549 354 quod
570 299 781 355 Pompeius
811 308 851 341 et
871 300 1074 341 Labienus
1097 313 1286 353 nusquam
1309 313 1394 339 cum
1418 307 1619 341 contume-

134 366 202 416 lia,
227 368 296 408 sed
319 375 358 408 et
379 368 440 409 hic
462 382 577 422 saepe
601 376 639 409 et
659 369 725 409 ille
746 366 827 417 VI,
855 367 892 418 1,
917 368 943 408 4
966 376 1005 408 et
1026 367 1125 417 VII,
1150 366 1197 417 6,
1225 366 1243 405 1
1270 381 1357 406 611111
1381 367 1528 409 honore
1550 383 1617 422 ap-

135 434 331 487 pellantur
359 437 511 488 (neque.
544 436 646 476 enim
675 436 768 476 illud
798 436 913 475 etiam
944 443 1032 488 post
1054 436 1206 475 ciuilem
1231 434 1515 475 dissensionem
1538 436 1614 476 nisi

134 501 181 541 ab
212 502 368 542 homine
404 503 531 556 pusilli
574 503 720 555 ingenii
760 517 885 555 neque
920 503 1125 542 admodum
1156 502 1429 554 circumspecti
1470 503 1614 543 factum

134 571 293 621 esset),
319 571 386 609 sed
409 570 509 622 quod
533 567 684 610 Caesar
705 584 768 610 res
792 571 941 610 duobus
966 570 1107 609 ultimis
1130 569 1241 609 antiis
1264 569 1303 608 in
1327 566 1456 608 Gallia
1479 577 1611 622 gestas

134 650 260 689 neque
284 638 513 691 perscripsit
536 652 658 690 neque
681 645 810 677 tamen
832 652 875 678 se
898 637 1069 676 noluisse.
1093 637 1201 689 plura
1223 635 1396 675 scribere
1413 635 1612 689 significa-

132 703 204 742 uit.
257 703 364 743 Nam
397 705 429 744 si
460 712 548 758 post
579 706 862 746 dissensionem
897 704 1049 743 ciuilem
1075 704 1143 742 hos
1166 703 1285 743 libros
1309 703 1608 756 composuisset,

131 770 235 810 nulla
258 785 376 811 causa
405 779 511 821 erat,
545 787 614 812 eur
643 772 748 826 prius
781 773 825 812 de
856 771 960 811 ciuili
990 772 1089 811 bello
1113 771 1286 810 scribere
1308 771 1607 823 aggrederetur,

130 852 241 890 quam
264 839 352 878 illos
375 840 421 878 ad
444 839 557 879 finem
580 840 846 892 perduxisset.
900 838 1013 878 Hanc
1042 853 1123 878 rem
1147 835 1413 878 Sclineiderus
1435 839 1522 878 ideo
1544 852 1610 878 ae-

129 905 271 945 cidisse
293 913 417 959 putat,
443 908 541 959 quod
566 908 600 947 hi
624 907 892 947 commentarii
914 907 988 945 iam
1013 907 1142 958 priore
1166 913 1274 959 parte
1307 905 1398 945 anni
1431 905 1481 944 51
1517 905 1610 946 editi

128 979 278 1021 essent,
303 973 417 1026 idque
440 989 461 1013 a
484 972 659 1015 Caesare
684 977 823 1015 sactum
849 974 1065 1023 existimat,
1091 973 1179 1025 quia
1196 971 1255 1013 M.
1275 972 1492 1013 Marcellus
1516 987 1609 1013 6011-

128 1041 190 1080 sul
210 1047 290 1080 tum
314 1041 482 1081 maxime
511 1042 780 1091 incubuisset,
812 1049 854 1081 ut
876 1038 1041 1081 Caesari
1064 1041 1367 1081 succederetur:
1401 1041 1437 1081 ei
1460 1038 1608 1082 Caesa-

127 1121 210 1148 rem
233 1108 302 1148 hos
326 1109 447 1148 libros
471 1110 582 1162 quasi
605 1111 789 1159 quosdam
812 1110 1055 1149 uerecundos
1071 1139 1080 1157 ,
1107 1109 1175 1148 sed
1199 1109 1356 1148 eosdem
1378 1108 1609 1149 luculentis-

128 1175 248 1215 simos
271 1177 498 1216 meritorum
521 1191 676 1217 suorum
696 1184 817 1217 testes
836 1177 1078 1230 opposuisse.
1116 1174 1229 1227 Quae
1250 1176 1343 1215 mihi
1366 1190 1485 1216 causa
1502 1177 1609 1217 nulla

125 1242 295 1282 uidetur.
337 1242 443 1283 Nam
466 1245 527 1296 qui
551 1258 615 1283 res
639 1246 721 1284 eius
745 1244 984 1284 extollerent
1006 1250 1045 1283 et
1065 1244 1104 1282 111
1127 1250 1266 1283 senatu
1298 1250 1337 1283 et
1367 1244 1466 1296 apud
1489 1258 1608 1297 popu-

123 1310 217 1359 lum,
241 1308 393 1350 Romae
415 1312 545 1352 idonei
568 1312 742 1352 homines
766 1310 929 1352 Caesari
953 1313 1090 1352 deesse
1113 1325 1190 1350 non
1214 1317 1416 1364 poterant,
1442 1325 1607 1364 quorum

125 1377 252 1417 oratio
275 1386 312 1417 et
334 1378 379 1417 ad
403 1380 533 1432 plures
556 1380 809 1432 perueniebat
842 1394 954 1432 quam
988 1380 1023 1419 bi
1054 1379 1144 1419 libri
1168 1393 1293 1431 neque
1316 1379 1391 1419 ulla
1414 1393 1608 1419 uerecun-

125 1445 186 1484 dia
206 1445 502 1498 impediebatur.
556 1447 749 1495 Accedit,
782 1448 883 1499 quod
915 1444 1066 1486 Caesar
1097 1447 1187 1487 iude
1217 1447 1263 1486 ab
1296 1447 1407 1508 initio
1439 1447 1530 1486 anni
1554 1447 1608 1487 52

124 1526 246 1564 usque
267 1513 314 1552 ad
337 1528 479 1553 annum
503 1512 557 1553 50
578 1514 618 1552 111
642 1512 771 1553 Gallia
793 1514 982 1554 ulteriore
1006 1514 1331 1567 occupatissimus
1355 1516 1450 1563 suit,
1484 1515 1537 1554 ita
1564 1521 1608 1554 ut

123 1594 171 1620 ne
194 1580 397 1620 hibernum
422 1581 573 1633 quidem
596 1588 748 1633 tempus
771 1595 791 1620 a
810 1582 1007 1620 continuis
1029 1581 1140 1621 bellis
1162 1581 1506 1621 intermitteretur.
1549 1580 1607 1621 At,

122 1663 248 1688 annus
270 1648 348 1698 50,
384 1649 448 1701 qui
478 1648 550 1687 fuit
577 1655 823 1702 postremus,
860 1663 934 1701 quo
967 1645 1120 1688 Caesar
1147 1648 1388 1700 prouinciam
1419 1649 1602 1699 obtinuit,

123 1722 259 1769 pacata
281 1722 363 1755 tota
385 1715 513 1755 Gallia
542 1715 588 1754 ab
620 1715 725 1754 omni
758 1722 864 1755 motu
896 1716 1067 1755 uacauit.
1110 1714 1248 1768 Itaque
1269 1716 1604 1769 appropinquante

123 1783 286 1822 decessu
303 1814 313 1833 ,
349 1797 434 1823 eum
468 1796 592 1835 neque
627 1783 828 1835 quicquam
853 1797 894 1823 se
917 1783 991 1823 iam
1015 1784 1054 1822 in
1077 1781 1204 1823 Gallia
1227 1790 1428 1836 gesturum
1452 1784 1606 1824 uideret

122 1857 160 1890 et
182 1864 370 1890 summum
394 1850 513 1889 otium
537 1856 675 1889 nactus
699 1858 819 1900 esset,
846 1865 924 1890 11011
947 1858 1075 1904 potest
1097 1851 1280 1900 dubitari,
1307 1851 1399 1903 quin
1416 1852 1605 1892 110616111-

121 1931 190 1970 pus
215 1914 378 1957 Caesari
402 1917 572 1957 maxime
594 1917 775 1957 idoneum
799 1918 922 1958 uisum
948 1919 1020 1967 sit,
1057 1933 1131 1971 quo
1154 1933 1218 1959 res
1240 1920 1279 1958 in
1302 1919 1505 1972 prouincia
1536 1934 1604 1973 ge-

122 1991 203 2024 stas
226 1985 503 2038 perscriberet.
536 1984 667 2037 Atque
690 1984 869 2035 eiusrei,
895 1999 1007 2038 quam
1030 1987 1142 2039 paulo
1166 1994 1256 2026 ante
1279 1988 1600 2037 commemoraui,

122 2052 223 2103 quod
246 2053 408 2092 duorum
431 2052 654 2092 ultimorum
678 2066 869 2092 annorum
892 2067 956 2093 res
979 2067 999 2092 a
1025 2052 1200 2095 Caesare
1222 2054 1371 2094 relatae
1393 2069 1473 2094 non
1494 2062 1600 2105 sunt,

120 2119 174 2158 ita
206 2119 299 2158 mihi
328 2120 485 2159 uidetur
513 2119 712 2172 aptissime
744 2120 844 2159 ratio
876 2121 1008 2170 reddi,
1043 2128 1083 2160 ut
1111 2135 1197 2161 611111
1231 2122 1334 2161 6111111
1366 2122 1531 2162 tumultu
1561 2122 1602 2162 111

121 2186 328 2227 scribendo
351 2188 657 2240 interpellatum,
684 2201 770 2227 611111
793 2188 866 2227 sibi
889 2188 936 2228 ob
960 2189 1043 2228 eius
1067 2189 1157 2229 belli
1180 2190 1457 2247 oceupationes
1481 2191 1602 2229 otium

121 2267 200 2293 non
223 2255 306 2295 fore
328 2255 599 2308 intellegeret,
631 2255 902 2308 imperfectum
936 2269 1031 2308 opus
1060 2256 1217 2296 interim
1251 2257 1419 2297 edidisse
1452 2264 1601 2297 statua-

119 2335 221 2369 mus,
247 2323 478 2375 praesertim
502 2322 562 2361 cui
586 2336 657 2361 nec
680 2323 798 2361 multa
823 2336 895 2362 nec
914 2324 1044 2376 magni
1060 2324 1245 2363 momenti
1264 2324 1469 2375 deessent,
1494 2332 1600 2378 post-

121 2402 234 2441 quam
257 2396 385 2429 autem
408 2404 544 2429 rursus
568 2390 688 2429 otium
711 2389 962 2443 suppetebat,
997 2391 1104 2444 prius
1126 2405 1190 2431 res
1214 2392 1319 2431 ciuili
1340 2392 1442 2432 bello
1465 2399 1600 2445 gestas

120 2457 408 2509 componendas
432 2458 708 2506 constituisse,
747 2472 844 2510 quae
876 2464 913 2497 et
945 2458 1059 2511 longe
1091 2459 1260 2499 maiores
1292 2466 1426 2499 essent
1448 2466 1487 2499 et
1509 2473 1601 2499 acu-

120 2522 222 2562 tiore
246 2523 335 2562 stilo
358 2525 604 2564 scribendae.
645 2522 960 2565 Commentarios
983 2526 1105 2579 igitur
1122 2528 1167 2566 de
1195 2527 1297 2566 bello
1326 2524 1478 2567 Gallico
1509 2541 1600 2580 pro-

120 2590 229 2630 ximo
248 2597 338 2631 ante
361 2591 501 2631 bellum
525 2592 639 2631 ciuile
663 2599 837 2646 tempore
861 2593 1028 2646 scriptos
1051 2601 1090 2633 et
1110 2595 1221 2634 initio
1244 2595 1327 2634 eius
1348 2595 1441 2635 belli
1462 2595 1599 2648 uulga-

120 2664 182 2697 tos
213 2671 302 2698 esse
334 2659 532 2698 existimo.
596 2657 709 2698 Libri
738 2667 867 2699 autem
898 2660 943 2700 de
973 2660 1077 2701 bello
1106 2662 1212 2702 ciuili
1244 2669 1351 2702 certe
1383 2676 1461 2701 non
1491 2662 1598 2715 prius

120 2724 215 2764 editi
236 2732 350 2775 sunt,
385 2740 497 2779 quam
519 2724 578 2765 M.
603 2725 756 2766 Tullius
780 2724 923 2767 Cicero
945 2726 1111 2768 Brutum
1144 2743 1254 2769 suum
1276 2729 1516 2783 scripsisset.
1558 2728 1597 2769 Is

121 2793 222 2833 enim
254 2794 294 2834 in
324 2807 369 2833 eo
400 2793 497 2833 libro
529 2808 563 2833 6.
589 2793 666 2843 75,
701 2794 784 2835 262
811 2795 865 2835 ita
887 2795 933 2835 de
956 2797 1246 2837 commentariis
1270 2794 1454 2837 Caesaris
1478 2798 1595 2837 dicit:

124 2859 271 2914 ‘Atque
294 2860 409 2901 etiam
433 2861 733 2902 commentarios
756 2863 943 2915 quosdam
965 2865 1123 2918 scripsit
1144 2879 1275 2905 rerum
1298 2879 1470 2906 suarum.
1502 2864 1598 2907 Val-
