1835 3240
89 913 129 945 10

94 1252 132 1285 15

90 1590 132 1625 20

90 1930 132 1964 25

93 2270 134 2302 30

543 175 726 221 COMM.
751 176 810 219 III
832 175 957 219 CAP.
985 174 1241 219 106-109.
1635 177 1716 221 621

161 294 360 340 eunuchus
382 291 539 333 nomine
560 290 768 333 Pothinus.
822 290 861 332 Is
884 290 1049 345 primum
1069 289 1175 330 inter
1196 302 1289 329 suos
1312 288 1422 341 queri
1445 297 1558 343 atque
1579 292 1640 332 in-

162 362 312 418 dignari
334 360 461 415 coepit
481 374 615 414 regem
637 361 685 401 ad
707 373 864 401 causam
887 358 1089 399 dicendam
1112 357 1294 408 euocari3
1329 356 1468 397 deinde
1491 359 1640 399 adiuto-
1662 359 1689 401 2

158 445 224 473 res
247 430 435 484 quosdam
459 429 599 469 consili
622 428 684 469 sui
706 434 843 468 nactus
873 440 925 467 ex
955 426 1060 479 regis
1082 425 1218 466 amicis
1241 424 1459 465 exercitum
1483 438 1504 464 a
1525 425 1643 469 Pelu-

160 499 218 541 sio
241 499 339 539 clam
363 497 647 538 Alexandriam
671 494 854 536 euocauit
875 500 990 546 atque
1014 494 1178 534 eundem
1200 493 1412 542 Achillam,
1444 492 1555 533 cuius
1578 508 1643 535 su-

162 580 230 622 pra
252 566 512 615 meminimus,
539 564 715 605 omnibus
739 562 861 616 copiis
884 561 1087 615 praefecit.
1138 560 1256 602 Hunc
1277 561 1480 602 incitatum
1503 561 1585 602 suis
1608 570 1647 603 et

158 634 265 689 regis
287 634 462 674 inflatum
484 631 850 686 pollicitationibus,
877 643 976 682 quae
997 629 1082 669 fieri
1104 630 1238 679 uellet,
1263 629 1403 670 litteris
1417 630 1643 683 nuntiisque

160 703 330 743 edocuit.
375 700 422 742 In
444 706 682 741 testamento
704 697 922 738 Ptolemaei
953 698 1076 751 patris
1109 697 1273 738 heredes
1298 704 1412 738 erant
1433 697 1570 752 scripti
1592 712 1645 739 ex
1666 698 1692 740 3

161 770 310 811 duobus
333 769 421 810 filiis
442 768 569 808 maior
590 774 628 807 ct
650 780 702 807 ex
724 766 871 807 duabus
893 765 1046 806 filiabus
1069 778 1115 805 ea
1130 795 1140 815 ,
1166 779 1264 818 quae
1287 772 1415 806 aetate
1436 766 1644 807 antecede-

157 838 238 878 bat.
283 837 392 878 Haec
413 836 467 876 uti
490 837 654 883 fierent,
679 849 748 890 per
769 848 904 875 omncs
927 834 1020 874 deos
1043 846 1189 887 perque
1214 834 1396 884 foedera,
1439 847 1539 886 quae
1560 833 1644 875 Ro-

160 920 247 946 mae
281 906 466 954 fecisset,
501 904 638 944 eodem
669 909 905 943 testamento
927 900 1179 941 Ptolemaeus
1211 901 1391 954 populum
1422 900 1645 942 Romanum

161 974 447 1014 obtestabatur.
490 970 667 1012 Tabulae
698 970 924 1010 testamenti
956 983 1059 1009 unae
1089 982 1159 1022 per
1188 969 1338 1022 legatos
1371 969 1454 1010 eius
1476 968 1644 1011 Romam
1665 970 1692 1010 4

159 1048 273 1081 erant
293 1040 450 1089 allatae,
476 1046 518 1078 ut
538 1039 578 1078 in
599 1038 754 1079 aerario
778 1044 1021 1091 ponerentur
1042 1037 1151 1089 (hae,
1178 1050 1263 1076 cum
1287 1044 1449 1090 propter
1469 1038 1645 1090 publicas

159 1109 437 1162 occupationes
459 1107 551 1161 poni
572 1121 651 1146 non
674 1107 908 1160 potuissent,
933 1105 1033 1159 apud
1047 1103 1275 1158 Pompeium
1290 1111 1383 1144 sunt
1405 1105 1642 1158 depositae)5

161 1177 309 1217 alterae
334 1175 470 1216 eodem
493 1175 674 1229 exemplo
696 1174 858 1214 relictae
881 1180 996 1227 atque
1019 1172 1251 1226 obsignatae
1264 1171 1534 1212 Alexandriae
1557 1187 1646 1227 pro-

160 1244 404 1285 ferebantur.
448 1242 510 1283 De
541 1243 601 1283 his
632 1243 751 1283 rebus
783 1255 870 1282 cuin
901 1248 1089 1295 ageretur
1109 1240 1210 1296 apud
1233 1238 1476 1291 Caesarem,
1509 1240 1718 1295 isque109

162 1312 333 1352 maxime
355 1311 476 1352 uellet
496 1325 566 1365 pro
589 1309 785 1351 communi
806 1309 932 1349 amico
955 1316 1070 1365 atque
1092 1308 1241 1349 arbitro
1265 1308 1562 1350 controuersias
1584 1323 1648 1350 re-

161 1394 252 1434 gum
274 1393 528 1434 componere,
553 1379 682 1420 subito
703 1378 907 1419 exercitus
918 1377 1052 1431 regius
1075 1377 1349 1430 equitatusque
1362 1376 1487 1416 omnis
1510 1377 1647 1418 uenire

162 1448 447 1489 Alexandriam
470 1447 687 1488 nuntiatur.
725 1445 912 1487 Caesaris
935 1445 1071 1499 copiae
1092 1458 1339 1498 nequaquam
1361 1451 1474 1485 erant
1494 1451 1644 1496 tantae,
1668 1444 1696 1485 2

162 1523 205 1556 ut
225 1516 283 1557 eis
306 1523 422 1557 extra
444 1516 640 1571 oppidum,
665 1515 699 1555 si
722 1521 830 1555 esset
851 1513 1127 1563 dimicandum,
1153 1513 1384 1553 confideret.
1433 1511 1650 1566 Relinque-

163 1583 305 1633 batur,
340 1591 382 1624 ut
412 1598 454 1626 se
486 1584 567 1625 suis
600 1583 696 1624 locis
729 1582 868 1636 oppido
899 1588 1055 1622 teneret
1075 1580 1359 1634 consiliumque
1381 1579 1563 1622 Achillae
1585 1595 1650 1622 co-

162 1659 386 1705 gnosceret.
429 1651 581 1692 Milites
613 1659 745 1691 tamen
777 1663 914 1690 omnes
945 1649 986 1689 in
1015 1649 1135 1690 armis
1168 1662 1256 1689 esse
1285 1648 1403 1689 iussit
1440 1663 1650 1704 regemque
1671 1648 1697 1690 3

163 1719 342 1760 hortatus
366 1727 452 1771 est,
486 1727 532 1760 ut
552 1733 605 1760 ex
626 1719 707 1759 suis
730 1718 968 1758 necessariis
991 1731 1087 1770 quos
1112 1716 1276 1758 haberet
1296 1716 1492 1757 maximae
1515 1724 1650 1758 aucto-

163 1787 293 1828 ritatis
315 1788 468 1843 legatos
491 1788 539 1828 ad
559 1786 756 1827 Achillam
778 1787 953 1826 mitteret
974 1792 1028 1836 et,
1054 1785 1146 1838 quid
1169 1791 1277 1825 esset
1298 1798 1395 1825 suae
1417 1785 1647 1835 uoluntatis,

164 1855 406 1895 ostenderet.
449 1856 487 1895 A
509 1869 584 1908 quo
606 1855 717 1895 missi
738 1853 995 1894 Dioscorides
1019 1850 1282 1907 etSerapion,
1308 1852 1373 1906 qui
1395 1852 1507 1893 ambo
1531 1853 1651 1907 legati
1671 1855 1698 1896 4

164 1922 316 1963 Romae
338 1924 494 1962 fuerant
514 1937 773 1976 magnamque
795 1921 894 1975 apud
916 1928 1066 1975 patrem
1080 1919 1350 1961 Ptolemaeum
1374 1922 1652 1962 auctoritatem

167 1990 406 2040 habuerant,
440 1990 488 2030 ad
508 1990 705 2030 Achillam
728 1997 1011 2044 peruenerunt.
1057 1987 1168 2042 Quos
1190 1989 1254 2030 ille
1270 2021 1280 2039 ,
1314 2003 1399 2029 cum
1422 1989 1461 2029 in
1484 2003 1650 2043 conspe-
1672 1989 1698 2030 5

166 2066 271 2099 ctum
294 2059 378 2099 eius
400 2058 630 2109 uenissent,
655 2058 880 2112 priusquam
902 2057 1055 2097 audiret
1076 2064 1168 2107 aut,
1194 2057 1305 2098 cuius
1326 2057 1384 2097 rei
1407 2070 1524 2096 causa
1541 2057 1652 2098 missi

167 2133 325 2176 essent,
366 2133 652 2180 cognosceret,
677 2125 823 2179 corripi
846 2131 963 2178 atque
984 2124 1153 2165 interfici
1184 2125 1324 2174 iussit3
1357 2138 1519 2177 quorum
1552 2124 1652 2166 alter

166 2202 326 2248 accepto
356 2194 522 2235 uulnere
545 2201 756 2247 occupatus
779 2206 848 2247 per
870 2207 963 2233 suos
985 2207 1055 2247 pro
1078 2193 1211 2233 occiso
1233 2192 1410 2233 sublatus
1425 2223 1435 2242 ,
1469 2191 1571 2233 alter
1591 2193 1653 2233 in-

166 2263 356 2303 terfectus
379 2270 454 2303 est.
499 2260 589 2315 Quo
612 2264 715 2302 facto
737 2275 872 2316 regem
896 2268 936 2301 ut
957 2261 997 2301 in
1020 2275 1089 2302 sua
1112 2267 1305 2314 potestate
1327 2259 1513 2310 haberet,
1548 2257 1651 2302 Cae·
1672 2260 1699 2302 6

168 2344 234 2371 sar
256 2330 373 2371 efficit
403 2345 584 2385 magnam
614 2331 764 2385 regium
798 2343 940 2370 nomen
971 2329 1071 2383 apud
1094 2343 1186 2369 suos
1208 2328 1485 2369 auctoritatem
1508 2328 1653 2370 habere

170 2398 401 2440 existimans
424 2406 463 2440 et
484 2406 527 2439 ut
548 2399 678 2453 potius
701 2399 856 2452 priuato
888 2411 1101 2451 paucorum
1125 2403 1163 2438 et
1183 2397 1382 2438 latronum
1405 2410 1520 2450 quam
1541 2397 1653 2451 regio

315 2525 328 2558 1
350 2524 512 2558 Pothinus
531 2526 565 2567 d,
585 2525 750 2558 Photinus
769 2535 790 2556 α
811 2522 990 2566 ‘relz'q11i'.
1161 2522 1252 2554 iuter
1269 2533 1305 2554 se
1325 2526 1359 2553 et
1377 2532 1456 2554 suos
1478 2522 1509 2554 b.

171 2574 191 2608 2
210 2584 345 2607 causam
364 2576 539 2608 dicendam
558 2587 590 2617 a,
613 2576 790 2608 dicendam
809 2585 949 2607 causam
968 2573 1046 2605 edd.
1207 2574 1226 2607 3
1246 2573 1369 2606 consili
1388 2574 1440 2606 sui
1459 2573 1651 2614 Amardus,

174 2625 301 2656 conscii
321 2626 373 2657 sui
392 2627 410 2657 b
429 2630 474 2667 et,
494 2629 560 2669 qui
575 2627 660 2668 suis,
680 2637 722 2667 a,-
742 2626 898 2658 conscios
917 2624 969 2657 sui
988 2634 1023 2656 u.
1165 2634 1208 2656 ex
1227 2635 1296 2656 om.
1310 2635 1330 2657 a
1345 2624 1376 2656 b.
1515 2622 1653 2655 Pulesio

172 2686 205 2707 α.
347 2677 365 2708 5
384 2678 536 2719 praeficit
553 2689 587 2710 α.
742 2678 762 2711 8
781 2677 916 2709 filiabus
937 2677 966 2717 ὁ,
989 2686 1058 2708 om.
1078 2675 1226 2718 reliqui.
1246 2677 1284 2708 P.
1306 2677 1382 2710 188.
1540 2680 1654 2707 aetate

173 2738 241 2761 om.
264 2728 295 2759 b.
437 2728 476 2761 11
495 2739 563 2760 una
579 2739 600 2760 a
621 2728 717 2761 ‘mss.
739 2728 784 2762 3⁹.
922 2727 1047 2760 Romae
1065 2738 1084 2758 α
1098 2728 1116 2759 b
1135 2727 1153 2760 6
1173 2728 1263 2760 dett.
1406 2728 1445 2760 15
1464 2726 1564 2758 rebus
1583 2736 1653 2757 om.

176 2781 207 2812 b.
350 2779 389 2812 16
409 2779 551 2811 arbitrio
569 2784 652 2812 ante
670 2791 763 2813 corr.
783 2791 818 2813 α.
956 2781 999 2815 25
1018 2789 1207 2822 magnaque
1226 2791 1260 2812 α.
1407 2779 1450 2813 26
1470 2784 1654 2820 conspectu

174 2842 194 2862 α
208 2831 239 2861 b.
377 2830 419 2863 27
438 2831 551 2862 adiret
567 2840 601 2862 a.
754 2831 797 2864 29
817 2835 956 2873 accepto
974 2849 1019 2853 -—
1037 2830 1126 2861 alter
1145 2840 1212 2862 om.
1234 2841 1253 2861 a
1268 2831 1298 2862 b.
1454 2829 1491 2861 31
1515 2829 1614 2862 eflicit
1633 2840 1654 2862 α

177 2881 272 2912 ίιηεε.
294 2880 337 2921 7',
358 2881 472 2913 effecit
490 2891 524 2912 u.
664 2891 818 2922 magnam
836 2891 928 2913 unus
946 2881 1032 2920 det„
1054 2890 1277 2923 magnamque
1295 2880 1440 2922 reliqui.
1462 2879 1502 2911 P,
1524 2880 1580 2913 20.
