1835 3240
128 161 210 203 592
694 164 768 206 DE
799 164 989 207 BELLO
1022 164 1197 208 CIVILI

155 272 180 314 5
203 288 253 315 na
277 282 384 316 CXX.
430 274 555 329 Quem
582 276 759 328 Caesar,
795 286 837 318 ut
867 286 953 318 erat
983 278 1029 318 de
1060 293 1103 319 se
1134 280 1293 321 meritus
1325 288 1364 321 et
1396 282 1441 322 de
1464 281 1676 335 republica,

200 343 383 383 donatum
408 344 559 384 milibus
583 352 635 384 CC
656 347 684 397 †
706 353 822 397 atque
845 346 890 385 ab
914 346 1066 386 octauis
1089 347 1288 387 ordinibus
1312 349 1358 388 ad
1381 349 1614 404 primipilum
1637 364 1680 390 se

200 411 405 451 traducere
428 412 696 465 pronuntiauit
718 413 819 463 (eius
843 414 946 454 enim
969 428 1087 467 opera
1111 414 1314 454 castellum
1337 430 1477 469 magna
1500 431 1552 457 cx
1569 425 1679 471 parte

152 477 180 518 6
200 465 473 520 conseruatuin
494 493 583 519 csse
597 480 821 529 constabat)
846 481 1121 534 cohortemque
1144 488 1278 535 postea
1302 483 1443 536 duplici
1467 484 1677 538 stipendio,

198 548 394 587 frumento
415 548 444 599 ἢ
467 546 721 600 uespeciariis
754 548 1064 601 militaribusque
1095 549 1206 588 donis
1241 550 1478 603 amplissime
1501 552 1673 593 donauit.

122 613 179 659 54
200 612 410 668 Pompeius
434 621 552 654 noctu
574 615 725 669 maguis
747 616 888 656 additis
912 617 1195 657 munitionibus
1217 617 1374 670 reliquis
1397 618 1529 659 diebus
1549 626 1679 660 turres

200 681 382 722 extruxit
404 688 442 721 et
464 682 503 721 in
526 682 768 723 altitudinem
798 685 936 737 pedum
958 691 1021 724 XV
1043 685 1194 725 effectis
1225 685 1407 738 operibus
1441 686 1564 726 uineis
1595 701 1678 727 eam

148 749 176 791 2
197 757 347 803 partem
379 756 598 789 castrorum
630 750 783 792 obtexit
813 759 852 792 et
884 753 1052 806 quinque
1084 753 1323 793 intermissis
1353 753 1487 794 diebus
1518 754 1681 794 alteram

196 824 351 857 noctem
385 817 630 858 subnubilam
670 827 808 860 nactus
841 820 1052 860 obstructis
1085 820 1266 861 omnibus
1302 821 1422 861 rebus
1461 828 1679 862 castrorum

195 885 319 939 portis
342 892 381 924 et
401 885 448 924 ad
469 885 758 940 impediendum
781 888 945 928 obiectis
969 888 1083 928 tertia
1106 889 1204 929 inita
1224 888 1358 942 uigilia
1381 888 1540 929 silentio
1564 902 1680 930 exer-

195 953 311 992 citum
334 952 471 992 eduxit
493 961 532 994 et
552 968 594 994 se
618 955 657 994 in
680 956 861 1009 antiquas
884 956 1124 997 munitiones
1146 957 1310 1010 recepit.

117 1020 174 1064 55
308 1021 490 1071 Aetolia,
521 1021 776 1073 Acarnania,
801 1024 1071 1078 Amphilochis
1095 1039 1162 1079 per
1185 1021 1367 1065 Cassium
1390 1022 1616 1078 Longinum
1640 1031 1679 1064 ct

195 1086 411 1129 Caluisium
437 1087 641 1140 Sabinum,
667 1099 708 1131 ut
730 1092 1101 1143 demonstrauimus,
1126 1093 1295 1147 receptis
1319 1093 1581 1145 temptandam
1605 1091 1679 1132 sibi

193 1157 384 1197 Achaiam
423 1171 468 1197 ac
510 1159 624 1211 paulo
662 1159 818 1213 longius
862 1161 1190 1213 progrediendum
1224 1159 1477 1201 existimabat
1507 1157 1675 1200 Cacsar.

191 1222 329 1277 Itaque
352 1239 398 1265 eo
422 1222 612 1266 Calenum
645 1227 752 1266 misit
782 1227 895 1280 eique
919 1225 1109 1268 Sabinum
1133 1235 1172 1267 et
1194 1225 1375 1267 Cassium
1399 1241 1483 1266 cum
1508 1227 1680 1267 cohorti-

142 1290 168 1332 2
191 1292 262 1331 bus
285 1292 474 1346 adiungit.
522 1291 698 1345 Quorum
723 1296 881 1348 cognito
904 1296 1077 1336 aduentu
1100 1294 1273 1335 Rutilius
1288 1292 1441 1347 Lupus,
1466 1294 1529 1346 qui
1549 1293 1679 1334 Acha-

189 1359 267 1399 iam
298 1359 440 1399 missus
473 1374 496 1400 a
517 1359 705 1415 Pompeio
736 1362 960 1413 obtinebat,
996 1362 1185 1403 Isthmum
1218 1362 1465 1416 praemunire
1486 1362 1674 1412 instituit,

143 1426 167 1466 3
192 1434 232 1466 ut
253 1426 407 1467 Achaia
428 1427 582 1468 Fufium
609 1430 847 1483 prohiberet.
907 1428 1082 1471 Calenus
1106 1430 1296 1484 Delphos,
1322 1429 1499 1480 Thebas,
1526 1427 1679 1471 Orcho-

187 1508 342 1535 menum
367 1496 567 1537 uoluntate
591 1498 763 1551 ipsarum
789 1498 991 1538 ciuitatum
1015 1500 1190 1553 recepit,
1227 1499 1435 1540 nonnullas
1467 1497 1584 1537 urbes
1608 1511 1677 1552 per

188 1563 266 1602 uim
290 1566 555 1618 expugnauit,
587 1566 758 1619 reliquas
790 1566 968 1608 ciuitates
992 1567 1273 1607 circummissis
1296 1566 1560 1620 legationibus
1583 1564 1679 1605 ami-

189 1631 279 1672 citia
305 1629 469 1673 Caesari
505 1634 717 1675 conciliare
749 1635 946 1675 studebat.
1005 1633 1051 1675 Iu
1082 1635 1140 1676 his
1172 1634 1288 1677 rebus
1320 1636 1404 1675 fere
1436 1639 1522 1675 erat
1542 1631 1677 1673 Fufius

186 1707 413 1754 occupatus.

114 1767 172 1811 56
305 1766 497 1810 Omnibus
523 1769 706 1825 deinceps
730 1772 864 1812 diebus
888 1770 1039 1813 Caesar
1061 1772 1278 1813 exercitum
1301 1771 1339 1810 in
1363 1770 1485 1811 aciem
1509 1783 1674 1823 aequum

333 1884 347 1915 1
371 1894 435 1915 cxx
454 1884 473 1915 ‘2
503 1878 611 1925 desa,
643 1896 727 1917 ccxx
747 1888 844 1926 abc-,-
873 1897 981 1918 ccxxx
1010 1897 1045 1918 η.
1077 1886 1228 1919 Secutus
1254 1896 1330 1917 sum
1361 1894 1569 1917 eonsensum
1595 1884 1673 1917 Val.

185 1934 288 1967 Mam.
309 1935 379 1974 III,
400 1935 439 1974 2,
460 1936 514 1968 2²3.
536 1936 680 1968 Sueten.
703 1937 802 1969 Caes.
824 1938 879 1970 68.
899 1938 997 1970 Flor.
1018 1938 1079 1979 IV,
1100 1939 1142 1977 2,
1170 1937 1225 1970 40.
1246 1937 1403 1978 Appiau.
1424 1935 1476 1976 II,
1506 1935 1567 1967 60:
1587 1945 1677 1966 cxxx

183 1987 279 2018 Plut.
305 1987 407 2018 Caes.
432 1987 484 2019 16.
640 1990 660 2023 2
679 1989 843 2021 militibus
863 2001 900 2021 cc
919 2001 953 2021 α.
1118 1994 1218 2031 atque
1239 1989 1355 2028 codd„
1377 1988 1468 2020 aeris
1487 1998 1522 2019 u.
1543 1987 1674 2019 Vtram

184 2040 268 2068 (nete
287 2042 388 2079 atque
407 2038 581 2079 quaedam
601 2040 823 2081 esrcc‘dcrae'nl,
855 2044 898 2072 uz*
912 2041 1138 2082 Elberlz'ngz'o
1158 2042 1276 2072 uisum
1294 2043 1366 2079 est,
1396 2050 1441 2071 an
1454 2041 1542 2080 post
1559 2038 1597 2070 id
1613 2048 1674 2070 uo-

185 2088 368 2129 eubulum,
397 2091 571 2121 incertum
593 2094 657 2122 est.
892 2093 1082 2135 ordinibus]
1103 2092 1270 2124 militibus
1289 2103 1309 2123 α
1329 2092 1392 2123 illo
1411 2093 1669 2132 suprascripto.

327 2140 534 2182 primipiluin
557 2142 647 2173 ‘mei
663 2141 790 2183 codd.’,
811 2143 952 2184 primum
973 2144 1076 2185 pilum
1096 2143 1146 2184 (a)
1160 2145 1175 2174 ?
1201 2146 1235 2174 et
1256 2143 1446 2183 ‘antiquus
1474 2141 1671 2173 cardinalis

184 2192 415 2224 Borromaet'
434 2193 518 2225 Αἶά.
541 2204 620 2236 nep.
779 2195 797 2227 3
817 2206 918 2237 opere
940 2196 970 2235 b,
991 2206 1052 2237 ope
1073 2206 1092 2226 a
1112 2196 1197 2226 ‘mec'
1214 2194 1257 2226 5'.
1413 2194 1433 2225 4
1452 2203 1528 2225 esse
1547 2203 1616 2224 om.
1639 2193 1669 2225 b.

331 2247 348 2277 5
371 2245 539 2277 l'rumento
558 2247 783 2289 uespeciariis
801 2258 868 2288 ae,
900 2247 1137 2279 ‘frumentoue
1157 2245 1337 2289 speciariis
1356 2255 1440 2276 mss.
1459 2243 1570 2284 771e17';
1601 2244 1671 2276 fru-

185 2300 342 2326 mentone
362 2301 395 2327 et
413 2297 592 2338 speciariis
612 2308 647 2328 u.
812 2298 1046 2340 militibusque
1067 2298 1098 2329 b.
1279 2297 1296 2328 7
1317 2295 1472 2327 extruxit
1490 2306 1522 2326 α.

184 2348 203 2379 9
223 2347 406 2379 obstructis
429 2349 484 2389 be,
507 2349 680 2381 obstruxit
697 2360 740 2389 a;
762 2351 931 2382 extructis
951 2360 985 2381 u.
1127 2349 1227 2381 rebus
1246 2358 1310 2390 ego
1329 2348 1508 2389 supplem:
1528 2348 1568 2379 P.
1591 2347 1666 2380 174.

328 2399 367 2431 10
388 2400 482 2431 initia
503 2411 536 2433 α.
696 2403 736 2434 12
758 2402 877 2443 Caput
895 2404 935 2435 55
954 2404 1075 2443 aptius
1090 2405 1177 2443 post
1194 2402 1234 2433 56
1254 2402 1446 2442 legeretur.
1602 2401 1669 2433 Ae-

184 2449 289 2480 tholia
309 2460 342 2481 a.
508 2451 706 2483 Amfilorhis
724 2463 757 2492 α,
779 2453 985 2494 Amphilocis
1007 2454 1101 2483 ‘'mss-
1122 2452 1219 2493 qdd.’
1391 2450 1468 2483 Cas.
1489 2462 1523 2483 a.

184 2504 218 2530 ct
235 2510 302 2530 om.
323 2511 342 2531 α
358 2502 387 2531 ἱ).
531 2502 571 2534 13
590 2502 640 2544 ut]
659 2513 761 2545 supra
781 2504 864 2535 add.
880 2504 909 2534 b.
1055 2503 1094 2534 14
1107 2501 1283 2543 Achaiam]
1303 2501 1521 2533 existimabat
1534 2501 1617 2534 add.
1633 2503 1664 2534 b.

328 2551 368 2582 15
389 2552 552 2583 Calenum
577 2564 598 2584 a
613 2554 651 2594 b,
680 2553 809 2585 Fufium
829 2554 994 2585 Calenum
1014 2563 1035 2584 u
1055 2553 1138 2593 (sed
1165 2551 1331 2584 Halenum
1358 2556 1483 2583 contra
1510 2552 1612 2584 codd.
1632 2556 1669 2585 et

182 2602 239 2633 lese
257 2605 293 2633 et
309 2601 500 2643 deinceps).
749 2605 847 2646 eique
870 2603 1124 2644 mandor-ptus,
1146 2609 1179 2635 et
1198 2614 1229 2645 q.
1250 2613 1293 2642 a,-
1314 2607 1348 2634 et
1368 2603 1408 2644 Q.
1427 2603 1506 2635 edd.
1527 2604 1565 2635 Ρ.
1589 2604 1664 2637 154.

328 2654 367 2685 17
379 2654 548 2686 sthunium
568 2666 588 2686 a
608 2659 642 2687 et
661 2658 712 2687 sic
730 2659 949 2687 autstuinum
966 2655 1074 2687 ‘mssa'
1219 2655 1257 2687 18
1272 2655 1409 2685 fluuium
1428 2665 1449 2686 a
1463 2655 1480 2686 b
1492 2665 1521 2686 e.

183 2704 320 2736 Thebas
340 2704 514 2747 Scalt'ger,
536 2706 672 2738 Thebas
691 2712 725 2737 et
743 2717 764 2738 a
785 2708 879 2738 ‘mss.
896 2706 1087 2748 pleriqae'.
1269 2704 1519 2737 Orchomenum
1536 2705 1663 2746 Aldus,

183 2757 427 2788 Orcomeneum
446 2767 467 2788 α
485 2761 521 2788 et
537 2760 590 2789 sic
610 2759 680 2789 ‘uel
697 2758 941 2790 Orcomoneum
961 2759 1003 2790 b'.
1217 2758 1256 2789 19
1276 2758 1519 2800 ciuitaciums.

181 2809 225 2842 20
245 2807 416 2839 amicitiae
438 2809 546 2850 {forte
566 2810 608 2840 b'.
762 2810 802 2842 21
825 2810 966 2841 Caesari
987 2809 1039 2851 (a)
1058 2810 1318 2850 Ilotomannus,
1340 2809 1497 2842 Caesaris
1516 2810 1660 2852 reliqui.

325 2859 446 2892 Fusius
464 2872 498 2893 a.

1715 897 1754 930 10

1714 1235 1753 1267 15

1709 1571 1752 1606 20
