1835 3240
617 162 801 207 COMM.
827 162 846 204 Ι
877 162 1002 205 CAP.
1027 164 1078 205 35
1095 163 1224 206 -38,
1657 168 1739 210 277

180 277 386 332 quotannis
409 278 647 331 penderent,
683 277 715 318 si
736 277 772 317 id
797 292 875 318 non
900 278 1111 328 fecissent,
1144 278 1261 331 longe
1283 278 1330 317 iis
1356 278 1570 319 fraternum
1595 295 1664 320 no-

181 359 270 386 men
301 346 431 399 populi
463 343 633 385 Romani
664 346 876 385 afuturum.
931 343 1047 398 Quod
1080 345 1153 385 sibi
1176 342 1330 385 Caesar
1351 346 1602 387 denuntiaret
1624 362 1665 388 se
1687 347 1713 388 6

184 413 437 454 Haeduorum
470 412 633 454 iniurias
664 427 742 453 non
772 414 1070 466 neglecturum,
1104 414 1299 454 neminem
1332 426 1463 452 secum
1487 413 1573 453 sine
1596 428 1666 454 sua

184 480 358 535 pernicie
380 481 644 521 contendisse.
690 478 788 521 Cum
814 481 957 530 uellet,
990 482 1324 535 congrederetur:
1360 480 1665 531 intellecturum,
1689 482 1714 521 7

137 557 155 588 5
179 549 268 601 quid
300 548 437 588 inuicti
468 546 685 597 Germani,
720 548 1044 588 exercitatissimi
1075 549 1114 588 in
1147 549 1290 598 armis,
1326 549 1390 601 qui
1411 548 1516 587 iuter
1537 561 1662 589 anuos

109 895 149 927 10

114 1236 151 1267 15

115 1573 158 1607 20

183 622 280 656 XIIII
312 622 456 656 tectum
479 630 558 656 non
580 615 803 666 subissent,
829 617 978 656 uirtute
1001 623 1178 670 possent.
1212 615 1321 656 Haec
1337 616 1471 656 eodem
1489 623 1663 669 tempore
1683 616 1737 660 37

184 681 351 724 Caesari
374 685 553 724 mandata
576 684 870 733 referebantur,
896 691 936 724 et
957 684 1077 735 legati
1099 684 1146 724 ab
1171 683 1346 725 Haeduis
1370 692 1409 724 et
1431 699 1451 724 a
1472 683 1667 724 Treueris

182 752 419 792 ueniebant:
444 750 600 792 Haedui
622 759 818 804 questum,
843 752 943 804 quod
970 751 1168 800 Harudes,
1203 753 1265 805 qui
1292 766 1416 805 nuper
1436 752 1477 792 in
1500 749 1667 792 Galliam
1689 751 1716 791 2

184 819 440 873 transportati
465 826 613 868 essent,
651 820 746 859 fines
770 834 904 860 eorum
929 820 1231 873 popularentur:
1267 834 1357 860 sese
1390 834 1439 861 ne
1468 820 1669 860 obsidibus

181 888 333 941 quidem
367 886 466 927 datis
499 901 633 940 pacem
662 885 859 927 Ariouisti
891 886 1085 927 redimere
1108 888 1307 941 potuisse3
1344 887 1516 928 Treueri
1540 895 1672 928 autem
1693 887 1718 928 3

182 969 303 1010 pagos
325 961 480 996 centum
504 952 726 995 Sueuorum
749 956 796 995 ad
818 955 942 1008 ripam
965 953 1094 995 Rheni
1118 955 1369 1004 consedisse,
1404 956 1467 1008 qui
1489 955 1672 996 Rhenum

184 1023 357 1064 transire
380 1029 641 1073 conarentur3
677 1023 736 1063 his
760 1036 945 1077 praeesse
967 1021 1147 1064 Nasuam
1181 1030 1220 1063 et
1242 1020 1485 1063 Cimberium
1509 1025 1670 1064 fratres.

185 1089 337 1144 Quibus
358 1090 476 1131 rebus
500 1089 654 1131 Caesar
675 1090 931 1132 uehementer
952 1098 1169 1131 commotus
1193 1092 1467 1131 maturandum
1491 1091 1564 1130 sibi
1588 1091 1675 1130 exi-
1697 1090 1722 1129 4

185 1159 372 1209 stimauit,
398 1173 462 1208 ne,
488 1159 521 1199 si
544 1173 648 1199 noua
671 1173 808 1199 manus
832 1157 1051 1200 Sueuorum
1075 1174 1160 1199 cum
1183 1159 1384 1200 ueteribus
1409 1158 1532 1212 copiis
1554 1158 1676 1198 Ario-

185 1227 275 1268 uisti
299 1240 388 1267 sese
411 1227 702 1275 coniunxisset,
727 1227 855 1267 minus
880 1227 993 1268 facile
1015 1227 1147 1267 resisti
1169 1234 1319 1281 posset.
1367 1225 1505 1279 Itaque
1528 1239 1571 1266 re
1594 1227 1676 1266 fru-
1699 1225 1723 1265 5

188 1295 382 1336 mentaria
412 1308 525 1347 quam
556 1294 761 1334 celerrime
793 1295 920 1348 potuit
948 1303 1175 1350 comparata
1206 1295 1359 1349 magnis
1390 1294 1599 1335 itineribus
1629 1294 1675 1334 ad

187 1363 435 1403 Ariouistum
458 1362 674 1401 contendit.
720 1359 820 1402 Cum
845 1363 960 1403 tridui
994 1364 1098 1404 uiam
1121 1363 1407 1417 processisset,
1450 1363 1670 1402 nuntiatum
1693 1361 1753 1406 38

190 1437 250 1470 est
272 1430 307 1469 ei
331 1429 577 1470 Ariouistum
602 1445 686 1470 cum
711 1429 791 1469 suis
815 1430 994 1471 omnibus
1019 1432 1141 1484 copiis
1164 1433 1211 1471 ad
1235 1430 1504 1483 occupandum
1521 1429 1678 1471 Veson-

191 1498 352 1546 tionem,
379 1497 480 1549 quod
504 1504 566 1536 est
587 1498 764 1551 oppidum
789 1498 1001 1538 maximum
1026 1496 1316 1551 Sequanorum,
1344 1497 1584 1539 contendere
1608 1498 1677 1537 tri-

191 1565 333 1618 duique
355 1565 458 1604 uiam
481 1580 504 1605 a
525 1565 605 1605 suis
628 1566 770 1607 finibus
794 1567 1027 1620 profecisse.
1061 1565 1106 1606 Id
1129 1580 1177 1606 ne
1200 1566 1413 1615 accideret,
1439 1579 1678 1619 magnopere
1700 1570 1725 1606 2

189 1633 264 1673 sibi
287 1633 603 1686 praecauendum
627 1631 780 1674 Caesar
802 1634 1071 1674 existimabat.
1125 1632 1310 1686 Namque
1333 1633 1504 1673 omnium
1526 1647 1676 1683 rerum,
1701 1631 1726 1672 3

191 1714 291 1754 quae
334 1701 378 1740 ad
421 1701 564 1740 bellum
606 1701 694 1741 usui
736 1709 872 1751 erant,
912 1716 1063 1741 summa
1104 1709 1191 1741 erat
1229 1701 1270 1741 in
1311 1715 1358 1741 eo
1391 1701 1530 1754 oppido
1562 1700 1683 1740 facul-

192 1776 276 1819 tas,
301 1769 415 1822 idque
447 1775 584 1808 natura
609 1768 684 1809 loci
714 1770 770 1809 sic
792 1769 1063 1819 muniebatur,
1098 1777 1141 1810 ut
1172 1782 1353 1822 magnam
1384 1769 1432 1808 ad
1463 1767 1681 1808 ducendum
1703 1766 1731 1807 4

190 1836 333 1877 bellum
367 1837 479 1877 daret
510 1836 756 1886 facultatem,
800 1844 1008 1891 propterea
1051 1837 1150 1890 quod
1194 1837 1339 1877 flumen
1382 1836 1556 1890 [alduas]
1599 1834 1682 1876 Du-

188 1905 247 1945 bis
298 1911 340 1944 ut
390 1905 536 1944 circino
586 1904 891 1945 circumductum
946 1919 1070 1959 paene
1128 1912 1253 1945 totum
1301 1904 1481 1958 oppidum
1532 1903 1680 1958 cingit3

193 1972 385 2025 reliquum
418 1972 609 2026 spatium,
654 1974 754 2026 quod
792 1981 853 2014 est
883 1988 960 2014 non
993 1973 1158 2027 amplius
1190 1973 1329 2026 pedum
1371 1978 1680 2019 sexcentorum,
1705 1969 1729 2010 5

195 2054 268 2093 qua
291 2040 431 2081 flumen
453 2040 698 2092 intermittit,
740 2056 853 2082 mons
877 2041 1056 2082 continet
1076 2054 1217 2095 magna
1239 2040 1446 2082 altitudine
1466 2071 1476 2092 ,
1520 2040 1598 2090 ita,
1641 2046 1685 2079 ut

338 2237 352 2268 1
381 2237 480 2278 longe
499 2237 551 2268 his
571 2238 601 2269 B
620 2241 656 2268 et
679 2240 820 2269 tantum
839 2248 1055 2278 nonomnes,
1077 2238 1176 2278 longe
1197 2237 1268 2269 illis
1289 2238 1320 2269 b.
1471 2237 1492 2268 2
1510 2235 1684 2267 afuturum

194 2287 385 2329 A(B)DE
404 2292 439 2320 ec
454 2300 501 2321 m.
519 2300 589 2321 sec.
611 2289 647 2329 C,
668 2290 850 2322 affuturum
871 2300 887 2321 e
909 2290 1118 2325 ‘nonnulli‘,
1140 2289 1336 2321 abfuturum
1356 2288 1434 2330 (s).
1597 2288 1615 2319 5
1634 2287 1684 2319 in-

194 2340 375 2372 uictissimi
397 2341 427 2372 b.
603 2342 694 2373 inter
717 2342 793 2374 AD
806 2343 837 2374 E
852 2343 868 2373 b
883 2353 918 2381 e,
949 2342 1038 2373 intra
1065 2342 1132 2384 Bf.
1299 2342 1317 2373 6
1335 2351 1395 2373 Χιν
1412 2341 1470 2381 (Β)
1483 2351 1518 2372 u.

197 2392 214 2423 7
234 2391 399 2425 Treueris
418 2392 522 2434 ΑΕ]
535 2394 658 2425 ‘mulli
675 2394 734 2425 lzz'c
752 2398 789 2425 et
805 2393 912 2434 dez'n’,
932 2392 1089 2425 Treuiris
1111 2393 1170 2434 (B)
1191 2396 1226 2424 et
1242 2393 1371 2433 ubique
1389 2402 1421 2423 -ιι,
1544 2392 1564 2424 8
1584 2400 1685 2433 quae-

201 2447 286 2474 stum
305 2447 387 2475 ante
407 2454 498 2475 corr.
519 2445 562 2476 B.
718 2446 737 2477 t)
758 2444 814 2486 ne]
834 2455 897 2476 non
922 2444 962 2476 C.
1121 2444 1160 2476 10
1180 2443 1325 2476 Treueri
1343 2443 1539 2484 ABDEf.

204 2493 243 2525 12
262 2494 313 2525 his
330 2495 477 2537 ABEf,
498 2495 541 2527 iis
560 2506 595 2527 u.
758 2494 922 2528 Natsuam
941 2495 987 2527 D.
1151 2495 1190 2527 14
1210 2506 1284 2527 cum
1305 2497 1373 2526 int.
1394 2504 1487 2526 vers.
1510 2495 1541 2525 b.

201 2544 241 2575 1ss
259 2546 455 2578 caeleri-ime
474 2551 558 2580 ante
576 2558 669 2580 corr.
692 2548 734 2580 B.
881 2548 919 2580 17
941 2547 1137 2579 nunciatum
1156 2558 1204 2579 m.
1220 2558 1279 2590 pr.
1301 2548 1344 2579 B.
1466 2547 1509 2580 20
1528 2555 1547 2577 a
1565 2556 1634 2577 om.
1655 2547 1685 2577 b.

342 2597 530 2638 profecisse
549 2600 622 2632 AD
636 2601 680 2638 E,
702 2602 787 2632 item
806 2601 836 2632 B
849 2625 857 2640 ,
878 2602 914 2631 2'71
935 2611 1003 2642 quo
1023 2610 1039 2631 c
1058 2610 1166 2640 super
1184 2599 1200 2631 f
1214 2603 1250 2631 et
1267 2610 1301 2631 ss
1319 2608 1427 2640 super
1444 2609 1461 2629 c
1479 2608 1527 2629 m.
1546 2608 1613 2628 sec.
1626 2607 1691 2638 po-

198 2648 292 2685 sui&
317 2650 528 2689 processisse
546 2652 629 2693 aes
638 2651 786 2693 aliique.
952 2650 1104 2682 acideret
1121 2660 1281 2693 suprasc.
1302 2650 1422 2681 altera
1442 2659 1458 2680 c
1476 2649 1519 2680 B.

203 2707 403 2739 magnopere
420 2711 580 2743 supr-ase.
602 2713 619 2733 ο
637 2706 721 2734 ante
741 2714 757 2745 p
779 2703 830 2743 B,
850 2712 971 2744 magno
991 2713 1091 2745 opere
1111 2703 1181 2735 Cu.
1358 2703 1402 2736 22
1423 2699 1585 2741 facultas]
1606 2699 1687 2730 diffi-

202 2749 311 2779 cultas
330 2750 430 2783 codd.
442 2756 590 2792 praeter
607 2763 717 2785 unum
736 2756 771 2784 et
787 2753 943 2784 alterum
961 2753 1030 2784 det.
1151 2754 1195 2787 24
1213 2753 1335 2784 alduas
1355 2752 1453 2784 dubis
1474 2751 1537 2792 Bf
1550 2754 1587 2781 et
1604 2760 1685 2781 eon-

205 2802 356 2831 inm-lim
375 2801 405 2832 A
418 2801 483 2833 OD
497 2803 554 2834 Ee
572 2804 777 2845 reliquique
791 2804 982 2845 plerique‚·
1011 2802 1118 2835 Dubis
1139 2803 1319 2835 Valesius.
1481 2802 1523 2836 25
1544 2802 1687 2832 circum-

202 2852 331 2883 dultum
354 2852 394 2883 C.
534 2855 576 2887 25
593 2864 654 2886 non
675 2856 772 2896 ests.
917 2859 1149 2887 sescentorum
1169 2855 1208 2886 B.
1322 2854 1363 2888 27
1384 2855 1436 2891 ut]
1455 2863 1473 2884 u
1493 2863 1536 2884 m.
1556 2862 1613 2894 pr.
1636 2852 1676 2884 B,
