1835 3240
122 585 140 615 U*

99 922 139 954 10

102 1259 139 1290 15

98 1598 140 1631 20

100 1937 142 1969 25

107 2275 149 2307 30

567 187 752 230 COMM.
778 186 838 229 111
861 184 985 228 CAP.
1010 184 1208 227 88—91.
1642 188 1721 230 611

168 307 266 349 sidio
288 305 548 358 disposuerat.
583 301 781 343 Dextrum
805 316 929 342 cornu
946 299 1028 341 eius
1045 298 1153 340 riuus
1169 297 1321 351 quidam
1343 298 1535 352 impeditis
1554 301 1647 356 ripis
1669 302 1694 343 5

167 372 389 423 muniebat3
415 385 530 425 quam
552 371 599 411 ob
622 385 778 411 causam
802 376 986 410 cunctum
1009 366 1246 420 equitatum,
1273 365 1501 420 sagittarios
1526 370 1648 409 fundi-

167 449 352 493 toresque
374 453 509 480 omnes
531 439 693 479 sinistro
717 451 839 477 cornu
861 436 1075 476 obiecerat.
1117 430 1271 474 Caesar
1291 433 1470 487 superius
1493 435 1647 477 institu-
1664 438 1723 482 89

168 516 249 547 tum
271 521 437 548 seruans
459 514 493 547 X
514 507 708 560 legionem
730 506 770 545 in
794 506 934 545 dextro
958 516 1097 551 cornu,
1118 515 1259 541 nonam
1283 501 1322 541 in
1345 501 1506 541 sinistro
1530 503 1650 544 collo-

173 582 348 626 eauerat,
375 574 529 615 tametsi
554 580 639 614 erat
657 572 943 628 Dyrrhachinis
966 569 1124 625 proeliis
1147 568 1403 609 uehementer
1424 569 1650 621 adtenuata,

170 651 210 684 et
237 644 325 683 huic
349 643 406 684 sie
429 642 611 682 adiunxit
633 648 810 681 octauam
827 670 837 689 ,
869 646 910 678 ut
932 651 1055 692 paene
1077 652 1194 677 unam
1218 650 1269 676 ex
1291 636 1439 677 duabus
1462 638 1650 688 efficeret,

168 719 286 765 atque
303 712 465 752 alteram
483 709 595 750 alteri
612 708 808 763 praesidio
828 720 918 747 esse
931 707 1117 746 iusserat.
1154 702 1350 746 Cohortes
1369 705 1410 745 in
1425 704 1508 746 acie
1525 712 1652 746 LXXV
1672 706 1699 747 2

170 780 403 819 constitutas
433 776 625 827 habebat,
656 790 755 830 quae
787 788 937 816 summa
969 779 1054 814 erat
1084 771 1229 812 milium
1259 779 1382 823 XX113
1417 773 1601 815 cohortes
1624 781 1653 814 ΙΙ

171 847 312 888 eastris
335 845 531 901 praesidio
553 844 781 897 reliquerat.
828 840 1002 883 Sinistro
1024 854 1146 880 cornu
1168 838 1386 881 Antonium
1402 873 1412 891 ‚
1438 842 1579 882 dextro
1601 839 1650 883 P.

172 912 320 955 Sullam
339 945 349 964 ,
392 913 518 953 media
561 912 645 952 acie
676 908 754 952 Cn.
789 909 1004 951 Domitium
1046 916 1341 962 praeposuerat.
1395 908 1483 963 Ipse
1514 917 1653 951 eontra

169 980 397 1036 Pompeium
421 980 611 1021 constitit.
656 977 782 1020 Simul
803 978 863 1018 his
885 977 1003 1017 rebus
1026 974 1313 1016 animaduersis
1329 1007 1339 1026 ,
1374 991 1469 1029 quas
1492 978 1654 1019 demon·
1675 978 1700 1019 3

170 1048 407 1099 strauimus,
445 1048 584 1088 timens
600 1078 610 1097 ‚
645 1060 694 1086 ne
717 1060 738 1085 a
761 1045 1009 1086 multitudine
1032 1043 1205 1097 equitum
1229 1043 1410 1083 dextrum
1434 1059 1556 1085 cornu
1579 1046 1655 1087 cir-

172 1116 494 1165 cumueniretur,
532 1114 717 1155 celeriter
747 1128 799 1155 ex
832 1114 950 1154 tertia
972 1112 1057 1153 acie
1079 1111 1256 1165 singulas
1279 1111 1461 1152 cohortes
1486 1113 1659 1154 detraxit

173 1191 290 1236 atque
324 1198 376 1224 ex
397 1183 458 1224 his
481 1190 658 1236 quartam
681 1182 854 1223 instituit
874 1180 1140 1235 equitatuique
1163 1180 1345 1233 opposuit
1366 1186 1428 1229 et,
1462 1180 1550 1234 quid
1573 1182 1658 1222 fieri

171 1251 315 1299 uellet,
341 1251 512 1292 ostendit
532 1252 760 1303 monuitque
783 1251 868 1291 eius
891 1250 968 1290 diei
990 1249 1193 1289 uictoriam
1216 1247 1257 1287 in
1279 1261 1414 1288 earum
1437 1248 1656 1290 cohortium

172 1318 319 1359 uirtute
350 1326 550 1360 constare.
595 1316 721 1359 Simul
748 1318 891 1358 tertiae
919 1317 1017 1357 aciei
1043 1317 1192 1370 totique
1216 1316 1411 1356 exercitui
1432 1316 1656 1371 imperauit,
1680 1319 1707 1359 4

172 1401 221 1427 ne
243 1387 397 1427 iniussu
420 1401 491 1427 suo
515 1393 795 1427 concurreret:
821 1399 879 1436 se,
905 1400 991 1426 cum
1013 1385 1053 1426 id
1074 1385 1158 1425 fieri
1181 1384 1314 1435 uellet,
1333 1384 1483 1425 uexillo
1505 1385 1659 1439 signum

176 1455 373 1495 daturum.
416 1453 652 1496 Exercitum
683 1469 769 1494 cum
798 1454 958 1494 militari
989 1467 1099 1494 more
1122 1453 1168 1493 ad
1192 1466 1358 1507 pugnam
1383 1452 1660 1494 cohortaretur
1673 1454 1734 1499 90

174 1536 321 1576 suaque
343 1523 383 1562 in
405 1537 492 1564 eum
514 1523 691 1578 perpetui
713 1523 900 1577 temporis
923 1522 1047 1562 officia
1069 1520 1331 1575 praedicaret,
1354 1520 1533 1575 inprimis
1554 1536 1660 1562 com-

174 1591 432 1631 memorauit:
470 1590 661 1632 Testibus
684 1605 727 1632 se
750 1590 937 1631 militibus
959 1591 1016 1630 uti
1038 1603 1153 1644 posse
1168 1620 1178 1639 ,
1204 1596 1349 1642 quanto
1372 1589 1502 1629 studio
1525 1604 1660 1644 pacem
1681 1591 1709 1633 2

174 1658 361 1712 petisset,
383 1672 481 1711 quae
503 1673 574 1712 per
585 1657 791 1700 Vatinium
814 1659 855 1699 in
877 1658 1097 1711 colloquiis,
1115 1671 1212 1712 quae
1234 1671 1304 1711 per
1315 1656 1462 1697 Aulum
1478 1655 1660 1699 Clodium

174 1740 260 1766 cum
276 1723 460 1780 Scipione
483 1726 645 1781 egisset,
672 1727 810 1780 quibus
832 1727 957 1767 modis
979 1726 1026 1766 ad
1045 1723 1206 1766 Oricum
1231 1739 1317 1765 eum
1332 1723 1487 1766 Libone
1510 1726 1555 1765 de
1575 1726 1663 1767 mit-

174 1793 302 1834 tendis
325 1794 466 1848 legatis
490 1794 776 1835 contendisset.
817 1793 963 1848 Neque
986 1809 1029 1835 se
1052 1808 1230 1847 umquam
1253 1793 1358 1833 abuti
1382 1793 1547 1833 militum
1570 1807 1661 1833 san-
1684 1794 1709 1835 3

175 1862 294 1915 guine
316 1876 445 1915 neque
466 1862 745 1916 rempublicam
769 1863 959 1903 alterutro
982 1861 1162 1903 exercitu
1177 1862 1334 1915 priuare
1352 1861 1541 1902 uoluisse.
1577 1860 1663 1902 Hac
1684 1862 1709 1902 4

176 1929 308 1969 habita
331 1930 508 1970 oratione
530 1930 835 1984 exposcentibus
854 1931 1042 1971 militibus
1060 1937 1097 1971 et
1115 1930 1244 1970 studio
1262 1943 1415 1984 pugnae
1433 1930 1662 1971 ardentibus

177 1997 268 2039 tuba
289 1998 444 2051 signum
467 1997 585 2037 dedit.
620 1996 722 2038 Erat
744 1995 955 2039 Crastinus
979 2004 1167 2039 euocatus
1189 1998 1229 2038 in
1253 1997 1433 2039 exercitu
1453 1995 1658 2048 Caesaris,
1684 1997 1736 2042 91

178 2066 241 2118 qui
265 2065 469 2119 superiore
492 2079 595 2106 anno
618 2066 716 2119 apud
741 2080 827 2106 eum
850 2065 1016 2120 primum
1038 2066 1156 2119 pilum
1181 2065 1221 2105 in
1243 2066 1399 2119 legione
1420 2072 1452 2105 X
1475 2066 1660 2117 duxerat,

180 2133 244 2173 uir
274 2133 463 2188 singulari
498 2134 660 2174 uirtute.
712 2133 788 2174 Hic
819 2134 933 2188 signo
965 2134 1079 2183 dato,
1117 2130 1354 2186 ‘Sequimini
1386 2133 1485 2183 me',
1520 2133 1662 2187 inquit,

183 2201 463 2255 ‘manipulares
491 2202 568 2242 mei
598 2202 661 2255 qui
693 2202 847 2252 fuistis,
882 2209 921 2241 et
950 2208 1085 2242 uestro
1115 2201 1343 2255 imperatori
1382 2215 1495 2254 quam
1519 2202 1664 2242 eonsti—

179 2269 311 2309 tuistis
343 2283 502 2323 operam
524 2269 627 2310 date.
690 2268 823 2311 Vnum
846 2270 918 2310 hoc
941 2269 1131 2323 proelium
1153 2275 1358 2323 superest3
1385 2283 1461 2322 quo
1485 2269 1664 2310 confecto
1687 2271 1713 2311 2

182 2343 222 2376 et
241 2337 306 2377 ille
328 2351 438 2378 suam
461 2338 693 2391 dignitatem
717 2345 754 2379 et
776 2352 847 2379 nos
871 2344 1047 2379 nostram
1069 2337 1290 2378 libertatem
1313 2337 1663 2391 recuperabimus'.

324 2479 342 2511 3
362 2480 503 2512 sinistro
523 2482 620 2523 abc,
641 2482 674 2514 in
694 2482 835 2515 sinistro
854 2492 891 2514 u.
1124 2482 1143 2514 4
1163 2481 1298 2523 nonam]
1320 2493 1383 2513 non
1404 2481 1469 2513 iam
1489 2492 1521 2514 a.

185 2529 201 2560 5
221 2533 297 2561 erat
314 2547 358 2553 —
375 2535 552 2563 attenuata
572 2543 588 2563 c
606 2532 682 2564 cod.
705 2532 787 2564 Vrs.
809 2533 827 2565 3
848 2532 949 2573 dect„
971 2536 1071 2564 erant
1088 2550 1131 2555 —-
1150 2536 1381 2564 attenuataea
1396 2533 1495 2564 ‘alii'
1515 2534 1602 2575 (adt.
1616 2536 1667 2578 a).

326 2581 525 2624 Dyrraeinis
545 2595 578 2617 a.
720 2585 739 2617 6
760 2589 795 2617 et
813 2585 890 2616 huic
909 2595 929 2616 α
948 2584 1090 2625 reliqui,
1112 2584 1189 2615 huic
1209 2584 1233 2615 d
1249 2585 1267 2617 3
1287 2584 1376 2616 dett.
1549 2588 1669 2618 adiun-

184 2631 250 2672 xit]
269 2632 308 2663 ad
330 2642 349 2663 a
365 2633 394 2663 b.
559 2646 644 2677 pene
663 2645 697 2666 α.
863 2635 881 2667 7
901 2646 990 2667 cxxv
1008 2645 1028 2666 α
1045 2634 1238 2666 secundum
1255 2635 1523 2675 Achaz’ntrimn,
1544 2647 1631 2668 Lxxx
1649 2648 1670 2669 (ι

183 2684 376 2715 secandum
395 2685 598 2727 Beyerlium
617 2691 652 2719 et
669 2687 747 2719 edd.
767 2688 807 2719 P.
831 2688 906 2720 154.
1064 2687 1084 2719 8
1101 2687 1172 2718 mil.
1193 2697 1227 2718 α.
1395 2687 1434 2719 10
1454 2686 1581 2729 Syllam
1603 2688 1669 2730 (a).

330 2733 391 2765 Cn.
413 2734 594 2767 Domitium
613 2756 654 2760 —
673 2737 748 2779 (13)
768 2738 842 2769 acie
860 2747 928 2769 om.
949 2747 983 2768 α.
1152 2737 1191 2770 17
1212 2737 1342 2769 iniusso
1363 2737 1393 2769 b.
1538 2737 1577 2768 19
1596 2746 1671 2778 per-

186 2789 324 2826 petuum
343 2794 377 2814 a.
515 2785 546 2816 in
567 2786 684 2828 primis
703 2787 767 2829 (a).
924 2789 963 2821 21
987 2788 1108 2820 Aulum
1127 2798 1160 2828 α,
1182 2788 1221 2820 Α.
1243 2798 1279 2820 u.
1445 2786 1599 2818 Clodium
1619 2786 1671 2827 (a)

188 2836 407 2877 sleplzarms,
427 2834 605 2868 Claudium
627 2837 723 2870 ‘ms-³.
744 2838 887 2870 omne-5³.
1067 2839 1110 2873 23
1131 2849 1286 2881 umquam
1306 2849 1338 2878 a,
1361 2847 1427 2869 ηοη
1448 2847 1526 2879 unq.

187 2886 230 2919 28
250 2885 364 2926 inquid
385 2896 419 2917 a.

1361 2941 1443 2982 39*
