1835 3240
105 578 122 608 27!

79 913 117 945 10

74 1250 114 1282 15

70 1589 113 1625 ‚20

683 184 870 228 CAPVT
895 185 944 228 91
962 183 1112 226 —94.·
1626 185 1707 226 715

151 314 304 342 manum
328 298 531 352 colligeret
553 313 720 353 seseque
744 300 1013 354 obpugnaret,
1047 297 1121 339 sibi
1142 296 1331 338 auxilium
1355 296 1552 338 mitteret:
1587 312 1631 339 se

154 376 281 407 tamen
305 374 462 421 paratos
486 381 574 408 0550
597 367 669 407 51111
685 398 694 416 ,
720 367 845 419 quoad
868 367 949 406 uita
972 371 1222 420 suppeteret,
1256 363 1436 417 oppidum
1458 378 1576 417 seque
1598 366 1634 405 ei

152 448 376 475 reseruare.
419 433 598 488 Legatos
630 434 870 474 collaudatos
902 432 1056 473 Cacsar
1077 433 1229 472 domum
1260 431 1369 471 iubet
1399 432 1633 473 antecedere
1654 432 1682 474 2

150 516 194 542 ac
217 516 328 542 suum
352 503 560 542 aduentum
585 501 879 554 praenuntiare.
925 498 1013 553 Ipse
1034 507 1192 553 postero
1215 499 1276 540 die
1300 497 1416 538 Vtica
1449 511 1633 552 egressus

155 584 240 609 cum
265 570 439 622 equitatu
460 569 500 609 in
521 582 684 622 regnum
708 568 764 607 110
787 567 1003 607 contendit.
1040 565 1204 607 Interim
1227 567 1265 606 in
1284 567 1426 606 itinere
1444 578 1497 605 ex
1513 566 1633 619 regiis
1655 566 1680 606 3

149 637 271 690 copiis
304 638 421 676 duces
454 636 673 689 complures
708 636 754 675 ad
787 632 1001 675 Caesarem
1037 635 1200 674 ueniunt
1233 641 1450 686 orantque,
1484 639 1528 673 ut
1558 633 1632 673 sibi

148 704 341 756 ignoscat.
377 700 530 754 Quibus
549 702 786 756 supplicibus
807 702 922 743 uenia
946 701 1035 741 data
1050 700 1211 742 Zamam
1229 701 1425 755 peruenit.
1459 700 1636 741 Rumore
1657 700 1682 740 4

147 772 303 811 interim
328 770 474 824 perlato
498 770 543 810 de
575 771 659 810 eius
690 770 852 810 lenitate
883 769 1165 821 clementiaque
1196 768 1471 822 propemodum
1501 781 1637 808 01111105

148 838 260 893 regni
284 838 433 891 equites
458 836 620 878 Zamam
643 837 880 891 perueniunt
901 837 949 877 ad
962 834 1177 877 Caesarem
1201 836 1247 876 ab
1270 851 1394 890 eoque
1417 843 1509 877 sunt
1528 842 1637 876 metu

149 906 397 960 periculoque
419 905 587 945 liberati.

261 972 363 1013 Dum
387 973 483 1012 haec
505 972 712 1025 utrobique
735 978 943 1025 geruntur,
969 968 1183 1012 Considius
1198 1001 1208 1021 ,
1242 972 1304 1024 qui
1327 971 1524 1012 Thisdrae
1547 983 1635 1010 cum
1656 968 1713 1013 93

150 1040 294 1080 familia
317 1054 404 1090 sua,
430 1039 662 1093 gladiatoria
684 1053 802 1078 manu
824 1037 1082 1093 Gaetulisque
1104 1046 1312 1093 praeerat,
1338 1039 1496 1092 cognita
1517 1038 1636 1079 caede

148 1120 306 1148 suorum
331 1106 574 1160 Domitiique
597 1113 636 1148 et
656 1106 854 1162 legionum
877 1107 1049 1148 aduentu
1071 1106 1309 1161 perterritus
1334 1107 1542 1160 desperata
1574 1120 1635 1146 sa-

149 1175 228 1216 lute
251 1175 430 1229 oppidum
453 1175 600 1216 deserit
621 1188 740 1228 seque
763 1175 861 1215 clam
885 1189 972 1216 cum
995 1175 1130 1229 paucis
1152 1174 1330 1215 barbaris
1353 1174 1519 1229 pecunia
1543 1187 1639 1213 onu-

147 1249 230 1283 stus
263 1243 441 1283 subducit
470 1250 587 1296 atque
617 1243 655 1283 in
687 1256 851 1295 regnum
884 1243 1019 1296 sugere
1048 1242 1264 1283 contendit.
1309 1240 1436 1294 Quem
1460 1239 1635 1291 Gaetuli,
1658 1240 1686 1279 2

148 1311 207 1350 sui
231 1311 410 1359 comites,
436 1311 475 1351 in
497 1311 640 1351 itinere
663 1311 828 1364 praedae
852 1311 979 1365 cupidi
1001 1310 1213 1351 concidunt
1234 1323 1352 1362 seque
1373 1309 1412 1349 in
1428 1323 1636 1362 quascum-

151 1392 223 1431 que
247 1386 409 1432 potuere
431 1378 553 1432 partis
578 1380 799 1418 conferunt.
835 1376 884 1418 C.
901 1379 1058 1419 1111011111
1072 1377 1291 1431 Vergilius,
1310 1384 1514 1430 postquam
1533 1383 1638 1417 terra
1658 1375 1685 1416 3

148 1447 321 1499 marique
343 1447 500 1489 clausus
523 1459 566 1486 se
589 1446 684 1486 nihil
707 1447 898 1500 proficere
919 1446 1118 1486 intellexit
1135 1459 1306 1499 suosque
1322 1445 1554 1485 interfectos
1571 1451 1639 1485 aut

151 1516 320 1568 fugatOS,
344 1513 525 1555 Marcum
550 1512 744 1555 Catonem
769 1514 914 1556 Vticae
935 1513 1007 1554 sibi
1029 1514 1154 1568 ipsum
1176 1527 1314 1554 manus
1336 1512 1515 1553 attulisse
1530 1543 1540 1562 ,
1575 1526 1639 1553 re-

150 1596 235 1637 gem
270 1596 410 1637 uagum
443 1597 465 1622 a
487 1583 646 1635 suisque
669 1583 865 1624 desertum
888 1581 936 1622 ab
957 1581 1137 1622 omnibus
1160 1581 1390 1634 aspernari,
1424 1578 1640 1621 Saburram

150 1650 310 1703 eiusque
333 1651 464 1704 copias
486 1650 533 1691 ab
556 1649 675 1691 Sittio
697 1664 786 1691 0550
809 1651 981 1701 deletas,
1016 1649 1160 1691 Vticae
1182 1646 1395 1690 Caesarem
1420 1649 1506 1688 sine
1527 1662 1638 1688 mora

146 1725 364 1771 receptum,
392 1720 438 1759 de
461 1726 570 1759 tanto
593 1719 772 1759 exercitu
794 1718 980 1771 reliquias
1003 1731 1092 1759 esse
1110 1718 1252 1767 nullas,
1279 1717 1416 1772 [quae]
1440 1716 1513 1756 sihi
1536 1716 1638 1756 suis-

148 1800 221 1839 que
243 1786 378 1827 liberis
401 1800 424 1826 a
446 1783 616 1826 Caninio
640 1786 898 1840 proconsule,
924 1786 988 1839 qui
1011 1799 1098 1826 eum
1121 1785 1347 1835 obsidebat,
1382 1785 1455 1824 fide
1477 1790 1639 1838 accepta

148 1868 268 1907 seque
291 1861 331 1895 et
351 1868 422 1895 sua
444 1855 575 1895 onmia
597 1862 636 1894 01.
658 1854 840 1908 oppidum
863 1854 1089 1909 proconsuli
1111 1854 1244 1894 tradit.
1288 1851 1383 1894 Rex
1404 1853 1561 1892 interim
1591 1851 1638 1892 ab
1657 1851 1715 1896 9-1

102 1930 115 1938 ”
150 1922 326 1962 omnibus
351 1913 573 1962 ciuitatibus
597 1922 784 1962 exclusus
807 1922 1016 1976 desperata
1039 1922 1166 1963 salute
1183 1953 1193 1972 ,
1229 1936 1316 1962 cum
1349 1921 1426 1962 iam
1449 1927 1638 1961 coenatus

150 1997 256 2031 esset
279 2004 365 2030 cum
383 1988 558 2040 Petreio,
584 1997 625 2029 ut
647 2004 731 2030 cum
755 1990 904 2030 uirtute
924 1991 1124 2030 interfecti
1147 2003 1237 2030 esse
1260 1989 1507 2038 uiderentur,
1534 1989 1639 2028 ferro

149 2059 254 2098 inter
275 2072 318 2098 se
342 2059 589 2112 depugnant,
615 2064 728 2110 atque
752 2057 901 2097 firmior
921 2057 1217 2098 imbecilliorem
1240 2055 1336 2096 Iuba
1357 2055 1560 2097 Petreium
1583 2055 1639 2095 fa-

154 2126 228 2166 cile
252 2127 357 2166 ferro
381 2125 638 2180 consumpsit.
683 2123 838 2166 Deinde
861 2125 946 2179 ipse
970 2125 1043 2165 sibi
1065 2140 1151 2165 cum
1175 2131 1386 2165 conaretur
1406 2123 1535 2177 gladio
1559 2130 1638 2164 tra·
1658 2121 1686 2163 2

149 2194 257 2235 10010
290 2201 425 2248 pectus
458 2207 529 2234 1100
561 2201 717 2248 posset,
752 2194 933 2248 precibus
970 2208 992 2234 a
1014 2207 1132 2234 seruo
1155 2207 1226 2233 suo
1248 2192 1499 2246 impetrauit,
1532 2199 1574 2231 ut
1594 2205 1638 2232 se

294 2321 310 2352 1
331 2320 542 2362 obpugnaret
560 2330 593 2351 a.
751 2322 772 2354 2
790 2321 1014 2363 oppidumque
1034 2330 1069 2352 50
1089 2320 1119 2351 01
1138 2330 1172 2351 α.
1323 2320 1341 2351 4
1361 2318 1583 2361 pronuntiare
1604 2317 1635 2349 b.

286 2372 420 2405 Vticam
434 2383 454 2404 a
470 2373 500 2404 b.
630 2371 648 2403 7
660 2373 817 2414 peruenit
833 2373 1006 2414 herinias,
1024 2372 1228 2415 perueniunt
1244 2371 1344 2404 codd.
1489 2370 1526 2403 11
1541 2368 1640 2401 This-

149 2424 229 2455 drac
240 2434 275 2464 a,
286 2423 430 2456 Tisdrae
441 2434 476 2454 u.
597 2424 637 2455 ‘15
649 2423 680 2454 in
693 2427 777 2456 ante
788 2425 910 2456 itinere
924 2435 992 2456 om.
1007 2435 1026 2455 α
1043 2425 1074 2455 b.
1193 2432 1412 2465 quascunque
1426 2420 1493 2464 (a).

150 2474 186 2506 17
200 2479 382 2516 potuerunt
401 2476 431 2507 b.
551 2475 658 2516 partis
677 2485 710 2506 α.
829 2474 1002 2516 Vergilius
1020 2485 1053 2515 α,
1074 2473 1240 2515 Virgilius
1259 2483 1294 2505 u.
1415 2473 1456 2506 18
1475 2471 1638 2515 suosque]

151 2529 209 2556 aut
228 2535 305 2557 cum
322 2537 393 2558 uno
413 2526 482 2558 det.
504 2525 586 2557 add.
609 2537 644 2557 u.
797 2526 835 2558 19
855 2525 1007 2558 Marcum
1026 2536 1059 2565 α,
1081 2523 1125 2556 Μ.
1148 2535 1184 2556 u.
1325 2525 1434 2567 ipsum
1454 2523 1505 2567 (a)
1525 2535 1543 2555 0
1561 2525 1636 2556 eod.

154 2576 248 2617 l'rs„
270 2577 335 2618 ipsi
356 2577 532 2619 ‘relz'qui'.
690 2588 823 2609 inanum
845 2579 876 2609 b.
1042 2578 1204 2610 attulisse
1223 2588 1244 2610 a.
1263 2578 1340 2610 eod.
1361 2577 1458 2616 [ΓΙ-5.,
1479 2578 1638 2609 intulisse

154 2629 170 2659 b
190 2638 223 2659 η.
362 2629 405 2660 ‘20
418 2629 458 2660 ab
473 2630 610 2672 suisque
625 2629 675 2672 (a)
693 2634 727 2661 et
739 2631 847 2663 0117112
864 2630 951 2662 dett.
965 2641 1002 2662 u.
1145 2630 1328 2663 Saburram
1348 2641 1368 2662 α
1390 2631 1510 2671 (711553,
1534 2629 1641 2661 Sabu-

148 2687 219 2709 ram
239 2689 272 2710 a.
419 2680 457 2713 21
479 2679 581 2713 Sittio
599 2692 632 2721 a,
654 2682 739 2713 Sitio
759 2692 793 2713 ιι.
942 2683 986 2714 22
1006 2682 1118 2714 nullas
1137 2693 1206 2715 om.
1228 2694 1256 2714 c.
1399 2692 1484 2724 quae
1503 2691 1566 2722 ego
1586 2683 1639 2712 ἰη-

153 2729 257 2770 clusi,
277 2730 350 2771 ipse
371 2730 401 2761 b.
527 2732 570 2764 23
589 2733 708 2764 liberis
726 2744 746 2765 α
768 2734 785 2765 b
805 2745 834 2775 0,
855 2734 972 2766 11110115
990 2734 1195 2776 prodessent
1214 2745 1248 2765 ιι.
1375 2738 1443 2764 111111
1464 2733 1496 2766 b.

151 2785 293 2823 excepta
313 2791 341 2811 0.
507 2783 550 2815 24
569 2783 704 2816 interim
723 2796 743 2816 a
765 2785 782 2816 b
801 2786 821 2817 4
840 2785 944 2825 dett„
967 2785 1102 2817 interim
1120 2785 1203 2817 Iuba
1221 2795 1256 2816 u.
1413 2784 1456 2816 25
1475 2788 1639 2816 coenatus

152 2833 336 2874 Gruterus,
357 2839 500 2866 conatus
521 2835 621 2867 codd.
763 2837 805 2869 26
826 2848 900 2870 011111
921 2839 1051 2870 uirtute
1070 2849 1089 2869 α
1111 2839 1127 2870 b
1148 2850 1177 2877 0,
1198 2848 1258 2879 1101·
1277 2837 1438 2868 uirtutem
1459 2846 1492 2867 u.

149 2885 191 2915 ‘28
211 2885 300 2916 ‘dein
322 2895 394 2916 cum
416 2885 456 2917 [1⁷.
