1835 3240
98 174 181 217 562
662 169 736 213 DE
767 169 957 212 BELLO
990 167 1164 212 CIVILI

172 300 292 328 onere
314 285 491 327 nonnulli
514 284 842 338 deprimerentur,
867 283 1007 336 reliqui
1029 283 1101 322 hoc
1125 282 1264 324 timore
1279 284 1435 339 propius
1449 284 1557 325 adire
1571 292 1650 325 tar-

96 356 155 400 44
176 356 376 396 darentur.
422 352 572 405 Quibus
596 352 711 391 rebus
735 351 897 399 accidit,
934 358 976 390 ut
1004 350 1115 404 pauci
1145 351 1286 392 milites
1308 359 1518 405 patresque
1540 352 1650 392 fami-

172 424 273 474 liae,
308 423 373 476 qni
405 428 473 462 aut
503 419 628 472 gratia
660 425 727 458 aut
756 418 1028 458 misericordia
1059 418 1238 458 ualerent
1267 426 1335 459 aut
1356 434 1477 461 naues
1500 422 1648 461 adnare

171 498 347 547 possent,
372 488 520 541 recepti
542 488 582 526 in
605 484 779 526 Siciliam
803 486 1018 526 incolumes
1041 486 1310 539 peruenirent.
1371 486 1563 541 Reliquae
1585 503 1649 528 co·

169 560 255 614 piae
277 558 407 599 missis
433 557 480 596 ad
503 554 652 596 Varum
676 560 795 594 noctu
815 554 1031 607 legatorum
1055 567 1219 594 numero
1241 555 1535 596 centurionibus
1557 569 1646 597 sese

123 628 151 669 2
173 628 206 668 ei
231 626 477 666 dediderunt.
503 621 681 675 Quarum
696 622 913 661 cohortium
928 621 1071 662 milites
1095 629 1254 675 postero
1277 623 1337 662 die
1359 629 1450 662 ante
1472 624 1649 677 oppidum

170 694 264 735 Iuba
289 692 537 746 conspicatus
569 704 679 731 suam
709 703 798 730 esse
830 690 1062 744 praedicans
1094 690 1276 743 praedam
1298 704 1477 744 magnam
1500 698 1650 744 partem

171 775 305 802 eorum
326 760 496 800 interfici
516 759 646 808 iussit,
672 771 816 812 paucos
839 758 986 798 electos
1008 758 1048 798 in
1070 771 1234 812 regnum
1255 758 1431 806 remisit,
1463 771 1547 797 cuni
1570 757 1652 800 Va-

170 844 237 870 rus
270 843 379 869 suam
411 828 523 868 fidem
553 826 600 867 ab
634 840 680 867 eo
710 825 812 866 laedi
845 833 1078 878 quereretur
1110 839 1235 878 neque
1257 825 1448 865 resistere
1471 825 1646 865 auderet.

124 897 149 938 3
171 896 259 951 Ipse
281 910 380 949 equo
402 896 442 936 in
464 895 643 949 oppidum
666 902 804 934 uectus
827 893 1154 947 prosequentibus
1177 893 1439 946 compluribus
1458 893 1652 933 senatori-

169 966 266 1015 bus,
300 979 375 1018 quo
404 964 445 1005 in
476 977 640 1003 numero
662 969 746 1003 erat
768 959 859 1002 Ser.
885 959 1085 1015 Sulpicius
1108 968 1146 1002 et
1166 959 1349 1001 Licinius
1372 959 1649 1015 Damasippus,

171 1033 306 1088 paucis
332 1031 504 1086 [diebus]
524 1061 534 1079 ,
559 1044 658 1084 quae
680 1030 765 1071 fieri
787 1030 931 1080 uellet,
957 1027 1098 1070 Vticae
1121 1028 1326 1069 coustituit
1347 1036 1464 1082 atque
1485 1029 1653 1081 impera-

171 1101 453 1153 uitdiebusque
475 1106 562 1153 post
583 1099 717 1152 paucis
739 1112 782 1139 sc
802 1098 843 1139 in
857 1112 1022 1151 regnum
1046 1112 1131 1138 cum
1155 1097 1334 1138 omnibus
1350 1097 1471 1151 copiis
1485 1095 1649 1149 recepit.

439 1517 494 1563 C.
573 1517 831 1563 IVLII
906 1514 1384 1563 CAESARIS

272 1662 442 1732 DE
519 1661 988 1732 BELLO
1080 1659 1550 1730 CIVILI

531 1829 994 1874 COMMENTARIVS
1026 1828 1289 1873 TERTIVS.

280 2114 486 2156 Dictatore
518 2116 685 2156 habente
717 2115 872 2155 comitia
896 2113 1070 2156 Caesare
1102 2114 1286 2155 consules
1319 2120 1504 2154 creantur
1532 2109 1655 2151 Iulius

171 2183 323 2225 Caesar
345 2191 384 2224 ct
404 2182 451 2224 P.
478 2182 699 2225 Seruilius:
725 2185 759 2224 is
782 2184 885 2224 enim
909 2190 993 2223 erat
1016 2197 1160 2233 annus,
1187 2197 1261 2236 quo
1284 2196 1352 2235 per
1375 2182 1482 2234 leges
1504 2180 1541 2220 ei
1562 2193 1655 2219 con-

121 2251 146 2292 2
171 2252 294 2293 sulem
317 2252 401 2293 fieri
424 2253 577 2293 liceret.
622 2251 696 2292 His
719 2251 838 2292 rebus
861 2251 1070 2302 confectis,
1096 2265 1182 2291 cum
1205 2250 1299 2290 fides
1322 2257 1403 2290 tota
1414 2248 1528 2290 ltalia
1550 2255 1656 2288 esset

314 2367 327 2398 1
352 2367 475 2407 reliqui
494 2385 535 2390 —
555 2366 777 2398 tardarentur
796 2376 864 2398 om.
885 2377 914 2398 e.
1092 2366 1155 2397 hoc
1174 2365 1293 2396 timore
1313 2374 1333 2396 a
1354 2361 1529 2405 ‘reliqui’,
1553 2361 1593 2393 ob
1614 2361 1655 2393 ti-

169 2429 294 2451 morem
315 2419 389 2450 cod.
412 2418 493 2449 ΓΜ.
514 2429 549 2449 u.
692 2418 871 2449 tardarent
890 2418 921 2448 b.
1070 2416 1091 2449 2
1110 2416 1212 2448 rebus
1232 2426 1300 2447 om.
1322 2426 1342 2447 a
1357 2415 1388 2446 b.
1530 2413 1654 2456 patris-

171 2479 234 2511 que
253 2479 285 2500 a.
446 2470 464 2501 s)
485 2478 625 2510 quarum
646 2469 838 2500 cohortium
858 2468 983 2499 milites
1005 2469 1022 2499 b
1036 2478 1065 2508 e,
1085 2477 1225 2509 quarum
1244 2467 1402 2499 cohortes
1421 2466 1547 2497 milites
1568 2464 1656 2495 mili-

170 2524 239 2551 tum
258 2530 301 2559 a,-
323 2529 464 2560 quornm
484 2520 643 2550 cohortes
663 2519 806 2550 militum
826 2529 860 2550 η.
1048 2518 1066 2550 7
1085 2517 1244 2560 praedem
1263 2527 1297 2549 a.
1496 2516 1514 2548 9
1534 2515 1656 2547 ledia.

316 2570 350 2600 11
374 2568 471 2601 Seru.
495 2569 562 2609 (α).
751 2568 918 2610 Sulpitius
936 2578 970 2599 α.
1142 2567 1182 2600 12
1202 2566 1349 2609 [diebus]
1369 2567 1409 2598 Ρ.
1433 2567 1509 2598 152.

171 2621 213 2654 13
232 2620 421 2662 diebusque
441 2621 517 2652 cod.
539 2620 619 2652 l'rs.
641 2620 661 2653 2
680 2621 783 2660 dett„
808 2620 926 2652 diebus
947 2629 1053 2662 aeque
1071 2618 1218 2661 reliqui.
1360 2617 1553 2661 Explicitc.
1570 2617 1654 2651 Cae-

172 2673 260 2705 saris
279 2672 361 2704 belli
380 2672 493 2703 ciuilis
513 2672 601 2703 liber
619 2673 790 2704 secundus
808 2682 842 2704 α.

315 2812 438 2855 Incipit
456 2813 544 2844 liber
563 2813 685 2845 tertius
705 2812 853 2843 eiusdem
874 2811 984 2853 operis
1004 2822 1036 2843 a.
1238 2812 1257 2844 2
1278 2809 1387 2852 leges]
1408 2811 1456 2843 les
1473 2821 1506 2844 α.

173 2866 191 2898 3
210 2870 313 2897 tutam
335 2864 467 2897 ltaliam
486 2876 519 2897 a.

1686 899 1726 933 10
