1835 3240
107 176 186 217 594
667 173 741 215 DE
773 173 961 215 BELLO
994 172 1170 216 CIVILI

189 290 393 330 arboribus
427 290 574 330 strictis
608 296 645 329 et
669 288 815 328 teneris
839 288 1098 327 harundinum
1123 289 1316 331 radicibus
1340 291 1516 331 contusis
1539 305 1661 344 equos

183 359 336 400 alerent
358 359 573 411 (frumenta
597 356 698 395 euim
715 386 726 404 ,
751 369 849 407 quae
872 355 1029 394 fueraut
1048 355 1152 396 intra
1175 358 1411 399 munitiones
1434 367 1517 399 sata
1534 390 1543 408 ,
1569 373 1663 399 con-

135 426 162 466 4
185 429 478 480 sumpserant);
513 423 755 476 cogebantur
777 420 957 477 Corcyra
987 430 1102 476 atque
1131 423 1358 465 Acarnania
1389 426 1507 479 longo
1538 426 1662 466 iuter-

182 494 285 534 iecto
321 492 586 545 nauigationis
619 491 745 543 spatio
779 490 955 543 pabulum
981 491 1240 544 subportare,
1275 493 1451 545 quodque
1473 501 1557 533 erat
1580 494 1662 534 eius

182 563 240 602 rei
270 562 398 601 minor
427 559 562 612 copia,
597 558 744 598 hordeo
767 559 964 612 adaugere
986 566 1102 611 atque
1126 558 1183 599 his
1206 559 1425 599 rationibus
1448 561 1659 613 equitatum

136 630 161 670 5
184 630 367 669 tolerare.
413 625 492 668 Sed
525 633 726 680 postquam
758 640 835 665 nou
858 627 972 666 modo
995 627 1180 666 hordeum
1204 627 1463 680 pabulumque
1485 628 1663 668 omnihus

184 697 280 737 locis
305 695 524 747 herbaeque
547 694 746 743 desectae,
775 694 841 734 sed
866 694 983 734 etiam
1008 695 1115 734 frons
1139 708 1190 735 ex
1212 695 1417 734 arboribus
1441 695 1659 743 deficiebat,

185 764 379 817 corruptis
403 763 513 815 equis
535 762 659 802 macie
683 762 900 802 conandum
924 762 997 802 sibi
1014 762 1154 814 aliquid
1172 761 1379 815 Pompeius
1397 763 1442 802 de
1461 763 1665 816 eruptione

109 834 164 877 59
188 831 448 872 existimauit.
482 829 613 871 Erant
635 830 734 883 apud
758 827 974 869 Caesarem
999 830 1172 883 equitum
1196 843 1357 870 numero
1379 828 1613 883 Allobroges
1637 838 1664 869 11

185 903 353 949 fratros,
381 899 582 940 Raucillus
606 906 645 938 et
666 896 792 951 Egus,
818 897 1013 938 Adbucilli
1036 899 1118 948 filii,
1144 899 1208 951 qui
1232 898 1488 952 principatum
1512 897 1551 937 in
1574 898 1668 938 ciui-

185 975 267 1009 tate
298 967 429 1007 multis
459 967 572 1007 annis
596 966 846 1015 obtinuerat,
881 967 1070 1019 singulari
1095 967 1242 1007 uirtute
1267 967 1467 1015 homines,
1504 980 1668 1018 quorum

186 1051 304 1091 opera
334 1033 487 1076 Caesar
526 1034 705 1074 omnibus
739 1033 901 1074 Gallicis
938 1035 1050 1075 bellis
1086 1034 1231 1088 optima
1261 1035 1551 1087 fortissimaque
1583 1041 1669 1074 erat

137 1104 163 1145 2
186 1118 293 1144 usuS.
340 1103 412 1144 His
447 1103 549 1143 domi
571 1102 619 1141 ob
644 1102 712 1142 has
736 1116 876 1142 causas
899 1102 1160 1156 amplissimos
1182 1103 1437 1156 magistratus
1456 1102 1668 1142 mandaue-

185 1180 249 1213 rat
270 1179 386 1225 atque
410 1185 478 1211 eos
502 1178 617 1210 extra
640 1171 815 1211 ordinem
838 1171 876 1210 in
900 1177 1078 1210 senatum
1097 1170 1283 1224 legendos
1303 1177 1518 1210 curauerat
1533 1184 1670 1223 agros-

187 1256 262 1294 que
286 1241 324 1280 in
341 1239 468 1279 Gallia
492 1253 543 1278 ex
567 1238 743 1278 hostibus
759 1246 893 1292 captos
921 1238 1171 1291 praemiaque
1189 1238 1245 1277 rei
1262 1237 1513 1291 pecuniariae
1530 1251 1671 1290 magna

141 1310 166 1349 3
191 1309 382 1348 tribuerat
403 1306 699 1359 locupletesque
723 1320 776 1346 ex
798 1306 1004 1359 egentibus
1028 1306 1191 1346 fecerat.
1228 1304 1281 1345 Hi
1304 1312 1464 1359 propter
1486 1306 1670 1347 uirtutem

188 1391 267 1416 nou
290 1376 412 1415 solum
433 1375 532 1427 apud
556 1371 769 1414 Caesarem
793 1374 832 1414 in
857 1374 1005 1413 honore
1029 1380 1167 1423 erant,
1202 1374 1270 1414 sed
1293 1373 1408 1414 etiam
1431 1374 1532 1428 apud
1554 1388 1672 1415 exer-

187 1445 305 1484 citum
329 1443 410 1483 cari
434 1442 700 1492 habebantur3
716 1443 784 1482 sed
810 1442 897 1482 freti
920 1441 1091 1482 amicitia
1105 1439 1292 1482 Caesaris
1316 1449 1356 1482 et
1377 1442 1496 1482 stulta
1518 1456 1562 1482 ac
1585 1442 1672 1483 bar-

187 1512 283 1553 bara
324 1511 554 1566 arrogantia
596 1510 688 1551 elati
734 1510 1000 1564 despiciebant
1034 1524 1127 1550 suos
1160 1509 1471 1564 stipendiumque
1502 1510 1671 1563 equitum

140 1582 165 1622 4
191 1580 422 1621 fraudabant
444 1587 482 1619 et
504 1579 688 1632 praedam
712 1592 863 1618 omnem
888 1578 1040 1618 domum
1066 1578 1314 1618 auertebant.
1357 1575 1512 1630 Quibus
1534 1578 1589 1618 illi
1611 1591 1674 1618 re-

188 1649 259 1689 bus
293 1648 455 1702 permoti
479 1647 654 1687 uniuersi
679 1645 892 1687 Caesarem
918 1647 1100 1686 adierunt
1122 1647 1323 1699 palamque
1347 1646 1393 1685 de
1415 1660 1550 1686 eorum
1572 1645 1672 1685 iniu-

189 1717 258 1757 riis
289 1724 379 1757 suut
401 1716 527 1769 questi
551 1722 590 1755 et
611 1716 658 1756 ad
683 1722 815 1755 cetera
837 1715 1072 1754 addiderunt
1094 1715 1233 1754 salsum
1258 1713 1303 1753 ab
1328 1714 1386 1753 his
1410 1714 1579 1766 equitum
1604 1727 1673 1753 nu-

113 1785 172 1828 60
189 1799 337 1825 merum
381 1784 551 1833 deterri,
595 1797 758 1836 quorum
799 1782 1033 1836 stipendium
1076 1789 1320 1822 auerterent.
1366 1778 1519 1821 Caesar
1548 1794 1673 1834 neque

188 1860 339 1906 tempus
371 1853 456 1892 illut
488 1850 843 1891 animaduersionis
877 1865 965 1891 esse
987 1850 1220 1890 existimaus
1244 1857 1281 1889 et
1304 1850 1424 1889 multa
1449 1849 1583 1888 uirtuti
1606 1863 1672 1889 eo-

188 1936 273 1961 rum
308 1920 528 1960 concedens
560 1933 641 1959 rem
667 1926 787 1959 totam
811 1918 984 1967 distulit3
1017 1918 1106 1958 illos
1130 1924 1284 1957 secreto
1309 1917 1542 1970 castigauit‚
1576 1916 1676 1969 quod

188 1989 367 2043 quaestui
400 1989 550 2041 equites
580 1987 795 2036 haberent,
830 1987 1059 2039 monuitque
1075 2016 1085 2035 ‚
1121 1992 1163 2025 ut
1185 1999 1236 2025 ex
1258 1999 1329 2025 sua
1352 1984 1522 2024 amicitia
1545 1984 1674 2024 onmia

140 2059 167 2099 2
190 2063 448 2112 expectarent.
479 2062 518 2096 et
548 2069 600 2095 ex
632 2055 856 2109 praeteritis
879 2054 962 2094 suis
985 2053 1120 2093 officiis
1142 2053 1294 2106 reliqua
1315 2059 1539 2106 sperarent.
1584 2050 1672 2092 Ma-

188 2140 305 2181 gnam
328 2132 457 2165 tamen
480 2124 576 2164 haec
598 2137 663 2163 res
685 2123 761 2162 illis
784 2122 1043 2162 offensionem
1067 2128 1107 2161 et
1124 2122 1453 2174 contemptionem
1472 2121 1518 2160 ad
1536 2133 1671 2160 omnes

190 2194 342 2243 attulit,
375 2193 488 2247 idque
519 2192 572 2231 ita
606 2204 695 2231 esse
725 2204 810 2231 cum
842 2204 894 2230 ex
916 2190 1081 2230 aliorum
1104 2188 1430 2229 obiectationibus
1454 2195 1533 2228 tum
1558 2185 1674 2228 etiam

336 2367 349 2399 'l
372 2366 505 2398 arboris
526 2367 556 2397 b.
699 2369 818 2396 tenera
837 2375 855 2396 α
873 2365 902 2396 b.
1060 2362 1284 2394 harundinum
1304 2371 1323 2392 α
1339 2362 1369 2402 b,
1390 2371 1457 2392 non
1478 2370 1527 2391 ar.

189 2421 208 2452 3
229 2419 438 2459 cogebantur
456 2419 519 2458 ab,
540 2422 573 2449 ct
592 2417 804 2457 cogebantur
822 2427 856 2447 u.
1067 2415 1214 2446 Corciua
1234 2424 1265 2454 a,
1288 2423 1305 2444 a
1327 2412 1476 2456 Corcyra
1497 2414 1527 2443 b.

188 2473 207 2503 4
228 2471 429 2513 subportare
449 2480 482 2501 a.
624 2469 778 2511 quodque
799 2479 889 2499 unus
902 2468 988 2505 dea,
1011 2478 1142 2510 quoque
1161 2467 1305 2507 reliqui.
1325 2466 1364 2497 P.
1381 2467 1434 2497 58.
1578 2466 1595 2496 5
1616 2465 1674 2495 ad-

189 2523 330 2561 iungere
349 2524 432 2552 ante
450 2531 542 2552 corr.
563 2531 596 2551 α.
762 2521 779 2552 7
800 2520 961 2551 desectae
981 2538 1017 2542 —
1040 2529 1079 2550 ex
1099 2518 1278 2550 arboribus
1298 2527 1366 2548 om.
1389 2518 1420 2548 b.
1583 2515 1673 2547 frons

191 2573 380 2611 cellarius,
404 2572 534 2603 fructus
555 2571 655 2603 codd.
675 2571 714 2602 P.
738 2573 791 2603 55.
956 2570 1139 2602 deficiebat
1157 2579 1216 2609 ac,
1239 2568 1447 2600 deficiebant
1465 2568 1529 2600 bd.

190 2626 210 2658 9
230 2625 380 2666 equitum
400 2634 419 2654 α
435 2624 452 2654 IJ
466 2634 493 2663 c,
516 2634 555 2654 ex
575 2624 723 2664 equitum
745 2634 778 2654 ll.
937 2623 974 2655 10
996 2622 1169 2654 Raucitlus
1187 2632 1207 2652 α
1222 2622 1238 2652 b
1253 2632 1280 2661 c,
1304 2621 1475 2653 Roscillus
1494 2631 1529 2652 u.

191 2675 283 2716 Egus
303 2685 322 2706 a
344 2673 467 2714 δὀντες),
488 2675 599 2713 Aegus
618 2674 731 2705 Aldus
751 2685 784 2706 ιι.
938 2674 1069 2705 Adbuci
1087 2683 1131 2704 a:
1154 2672 1356 2711 ‘Abduc-itti,
1376 2671 1540 2707 Abucilli,
1559 2670 1675 2703 Adbu-

193 2727 278 2766 eilii,
300 2725 460 2757 Adbualli
481 2724 576 2755 mss.'
718 2725 893 2756 ciui-tatem
915 2725 970 2755 be.
1116 2724 1155 2755 12
1175 2722 1284 2754 Gallis
1304 2733 1323 2753 α
1339 2733 1367 2753 e.
1528 2723 1564 2754 14
1586 2723 1677 2754 ordi-

193 2778 251 2809 uEs
271 2788 304 2810 α,
326 2776 463 2807 ordines
485 2776 515 2806 b.
659 2775 696 2807 15
718 2774 776 2817 ex]
799 2780 830 2806 et
850 2785 883 2805 α.
1024 2775 1067 2806 *24
1086 2775 1160 2806 illut
1180 2786 1213 2806 α.
1380 2773 1595 2805 aduersionis
1614 2784 1674 2805 ae.

338 2829 379 2860 ‘25
399 2831 545 2869 quaestu
566 2826 594 2857 b.
761 2826 800 2858 27
823 2829 1042 2867 expectarent
1062 2836 1095 2857 a.
1260 2825 1302 2857 20
1323 2825 1575 2857 obiectionibus
1594 2827 1676 2856 ante

196 2891 286 2912 corr.
308 2891 339 2911 α.
485 2877 600 2919 etium]
622 2883 679 2909 aut
699 2879 714 2909 b
733 2880 772 2914 (i.
794 2889 821 2910 c.
844 2878 987 2918 autem).

1703 905 1741 936 to

1704 1244 1744 1277 ‘15

1705 1585 1747 1619 20

1707 1923 1748 1957 25
