1835 3240
616 155 801 199 COMM.
825 155 843 197 1
866 153 990 198 CAP.
1021 154 1212 197 13—15.
1646 156 1724 198 501

168 277 436 326 delectumque
458 271 702 322 colonorum,
725 271 791 325 qui
813 270 899 325 lege
920 267 1022 311 Iulia
1042 267 1220 323 Capuam
1242 268 1397 309 deducti
1419 276 1532 309 erant
1546 300 1556 318 ,
1583 269 1649 310 ha-

164 343 259 385 bere
279 340 518 392 instituunt3
542 339 859 395 gladiatoresque.
874 369 886 389 ,
917 352 1014 392 quos
1041 337 1095 378 ibi
1117 334 1271 378 Caesar
1290 336 1332 376 in
1353 335 1442 375 ludo
1466 336 1648 383 habebat,

165 410 214 452 ad
235 410 362 449 forum
386 407 575 449 deductos
590 407 784 449 Lentulus
796 422 868 462 spe
889 405 1082 447 libertatis
1095 406 1300 446 confirmat
1319 410 1437 456 atque
1459 402 1518 443 his
1533 417 1650 456 equos

165 476 352 518 adtribuit
375 484 414 517 et
435 490 478 517 se
501 477 611 530 sequi
633 476 775 526 iussit3
801 489 898 528 quos
920 481 1056 528 postea
1078 473 1248 513 monitus
1269 472 1317 513 ab
1339 471 1421 511 suis
1436 500 1447 520 ,
1482 470 1584 523 quod
1605 483 1651 510 ea
1673 469 1697 510 5

121 555 139 586 5
171 558 236 586 res
268 544 438 585 omnium
469 544 613 585 iudicio
635 542 1022 597 reprehendebatur,
1057 542 1203 582 circum
1235 539 1402 581 familias
1432 544 1653 578 conuentus

94 894 134 926 10

97 1234 137 1266 15

95 1572 139 1606 20

167 610 410 666 Campaniae
433 612 635 653 custodiae
658 625 776 652 causa
801 609 1013 650 distribuit.

278 680 455 721 Auximo
470 677 624 720 Caesar
644 692 879 734 progressus
902 691 1054 718 omnem
1078 690 1213 730 agrum
1225 675 1416 716 Picenum
1438 672 1648 727 percurrit.
1674 671 1728 716 15

167 746 347 790 Cunctae
379 762 512 789 earum
542 747 747 801 regionum
778 746 1053 800 praefecturae
1093 742 1366 785 libentissimis
1395 740 1536 782 animis
1568 753 1655 780 eum

166 817 364 872 recipiunt
385 815 684 869 exercitumque
706 815 790 856 eius
813 814 992 854 omnibus
1013 813 1133 853 rebus
1154 812 1305 852 iuuant.
1349 809 1481 850 Etiam
1504 805 1655 862 Cingu·
1675 808 1703 849 2

165 885 204 926 lo
220 916 230 936 ,
264 885 365 939 quod
396 884 574 939 oppidum
596 882 800 924 Labienus
823 882 1087 923 constituerat
1107 893 1256 933 suaque
1278 878 1442 933 pecunia
1465 876 1655 918 exaedifi-

168 960 345 1003 cauerat,
369 953 416 993 ad
431 966 518 993 eum
540 952 661 1006 legati
684 950 847 991 ueniunt
868 963 1046 1003 quaeque
1066 946 1324 1002 imperauerit
1345 959 1387 986 se
1405 944 1658 1000 cupidissime

169 1022 344 1061 facturos
367 1020 617 1074 pollicentur.
661 1017 814 1060 Milites
836 1018 1027 1071 imperat:
1062 1016 1239 1057 mittunt.
1283 1012 1441 1054 Interea
1469 1013 1572 1066 legio
1593 1018 1657 1052 XtI
1680 1010 1704 1051 3

169 1086 383 1130 Caesarem
407 1088 678 1141 consequitur.
738 1083 839 1127 Cum
863 1086 922 1126 his
945 1084 1094 1125 duabus
1116 1083 1305 1124 Asculum
1326 1080 1519 1123 Picenum
1542 1080 1658 1133 profi-

169 1157 347 1198 ciscitur.
387 1154 432 1197 Id
454 1156 632 1211 oppidum
654 1153 851 1196 Lentulus
868 1151 1060 1207 Spinther
1078 1160 1112 1193 X
1134 1150 1361 1193 cohortibus
1384 1148 1570 1198 tenebat,
1595 1146 1659 1199 qui

169 1223 355 1266 Caesaris
386 1225 558 1265 aduentu
589 1224 747 1277 cognito
780 1222 952 1277 profugit
981 1235 1032 1262 ex
1065 1220 1205 1275 oppido
1238 1218 1502 1270 cohortesque
1524 1228 1658 1255 secum

171 1293 366 1334 abducere
388 1299 549 1333 conatus
572 1305 712 1346 magna
734 1298 844 1345 parte
866 1290 1027 1330 militum
1051 1287 1264 1329 deseritur.
1320 1285 1502 1326 Relictus
1534 1283 1574 1323 in
1595 1282 1660 1322 iti·
1679 1281 1708 1321 4

171 1375 266 1402 nere
289 1375 374 1401 cum
397 1361 530 1414 paucis
553 1360 690 1400 incidit
710 1359 751 1399 in
774 1358 989 1399 Vibullium
1014 1356 1160 1397 Rufum
1183 1355 1348 1395 missum
1370 1366 1392 1392 a
1411 1350 1598 1406 Pompeio
1618 1350 1660 1390 in

171 1443 310 1482 agrum
331 1427 518 1469 Picenum
552 1427 907 1468 confirmandorum
939 1424 1137 1465 homiuum
1170 1436 1303 1464 causa.
1357 1420 1395 1461 A
1427 1434 1504 1474 quo
1533 1420 1661 1460 factus

172 1496 371 1539 Vibullius
393 1497 555 1544 certior,
580 1509 680 1549 quae
702 1509 767 1536 res
789 1495 829 1535 in
840 1492 989 1535 Piceno
1012 1497 1266 1547 gererentur,
1289 1488 1435 1530 milites
1455 1487 1503 1529 ab
1526 1500 1573 1527 eo
1594 1500 1661 1527 ac-

170 1565 277 1618 cipit,
301 1564 426 1618 ipsum
443 1564 614 1604 dimittit.
660 1561 760 1604 Item
783 1577 836 1603 ex
857 1561 1030 1603 finitimis
1052 1558 1281 1614 regionibus
1304 1570 1401 1611 quas
1425 1560 1554 1610 potest
1567 1567 1660 1595 con·
1681 1550 1707 1593 5

171 1632 293 1673 trahit
313 1632 499 1672 cohortes
523 1645 574 1672 ex
597 1631 814 1672 delectibus
835 1627 1111 1683 Pompeianis3
1135 1627 1177 1667 in
1198 1626 1258 1668 his
1269 1622 1483 1666 Camerino
1507 1621 1663 1676 fugien-

169 1707 249 1741 tem
272 1698 471 1740 Lucilium
495 1698 658 1740 Hirrum
681 1713 768 1739 cum
797 1711 873 1739 sex
894 1695 1147 1744 cohortibus,
1181 1708 1279 1748 quas
1310 1692 1363 1733 ibi
1394 1691 1435 1732 in
1464 1688 1662 1744 praesidio

169 1767 381 1815 habuerat,
406 1767 578 1821 excipit3
605 1766 743 1820 quibus
766 1765 915 1806 coactis
937 1771 1018 1805 XIII
1041 1762 1171 1803 efficit.
1215 1758 1317 1802 Cum
1341 1759 1401 1800 bis
1423 1758 1470 1798 ad
1494 1756 1662 1797 Domiti·
1683 1754 1711 1795 6

171 1851 236 1877 um
257 1835 564 1876 Ahenobarbum
588 1832 806 1875 Corfinium
829 1834 981 1888 magnis
1002 1830 1210 1872 itineribus
1233 1823 1663 1883 peruenitCaesarem-

97 1915 115 1943 2
174 1918 247 1957 que
270 1904 409 1944 adesse
432 1918 518 1943 cum
541 1903 762 1957 legionibus
786 1902 934 1942 duabus
959 1900 1128 1940 nuntiat.
1168 1897 1366 1938 Domitius
1390 1908 1460 1948 per
1482 1907 1524 1934 se
1548 1891 1663 1932 circi·
1684 1890 1711 1931 7

174 1980 236 2012 ter
255 1979 323 2012 XX
345 1972 529 2012 cohortes
553 1971 670 2021 Alba,
697 1985 748 2011 ex
771 1969 920 2010 Marsis
944 1976 982 2009 et
1002 1966 1195 2022 Pelignis,
1222 1964 1397 2007 finitimis
1420 1962 1466 2004 ab
1489 1959 1662 2016 regioni-

320 2145 333 2176 1
356 2144 580 2186 dilectumque
601 2155 621 2176 α.
638 2144 731 2175 ‘mssa
751 2142 792 2174 δ’.
937 2142 956 2174 3
976 2141 1139 2172 deductos
1159 2150 1179 2170 a
1194 2139 1223 2179 b,
1245 2137 1429 2180 productos
1448 2134 1517 2166 dn.

172 2207 230 2239 spe.
250 2195 424 2228 libertatis
437 2207 513 2237 ego,
536 2196 707 2228 libertatis
727 2206 747 2226 a
763 2195 835 2234 cd;
855 2194 885 2225 in
902 2194 1095 2225 libertatem
1111 2193 1139 2232 b,
1162 2190 1313 2222 libertati
1327 2200 1361 2221 u.
1384 2187 1518 2220 P.135.

174 2254 273 2291 atque
293 2260 360 2281 om.
383 2249 414 2281 b.
630 2249 681 2279 his
702 2258 721 2279 α
742 2247 819 2278 edd.
843 2250 926 2277 ante
945 2245 1028 2277 ΑΜ.
1050 2244 1264 2284 stephanus,
1287 2241 1328 2273 iis
1348 2240 1463 2273 Aldus
1482 2247 1518 2268 τι.

174 2304 195 2335 4
212 2302 376 2334 acti-ibuit
393 2312 427 2333 α.
571 2303 588 2334 5
610 2301 758 2333 familias
778 2299 972 2339 Rubenius,
998 2297 1184 2329 familiares
1205 2294 1305 2326 codd.
1327 2294 1366 2325 P.
1389 2292 1474 2333 1353
1494 2289 1667 2331 abisalso

176 2354 365 2386 Dauz'sz'um
380 2364 448 2394 pro
470 2353 628 2386 Habonio
647 2354 846 2385 nominaui.
988 2352 1005 2383 7
1026 2349 1170 2381 maximo
1187 2348 1315 2380 Caesar
1334 2355 1515 2388 progressu
1536 2353 1556 2374 a
1571 2343 1588 2374 b
1602 2341 1663 2373 cd.

321 2405 360 2438 13
380 2404 607 2447 Picenumque
627 2415 656 2436 c.
844 2402 883 2434 14
902 2401 1042 2444 Spinter
1059 2403 1143 2432 ante
1162 2409 1256 2431 corr.
1277 2408 1310 2438 α,
1332 2397 1469 2429 Pistber
1489 2397 1519 2427 b.

181 2456 220 2488 16
240 2456 410 2488 adducere
429 2467 450 2488 a
471 2458 566 2488 ‘mssa
590 2455 633 2488 5‘.
777 2464 899 2496 inagna
918 2465 938 2485 (ι
960 2455 1056 2486 ‘ms-s,
1076 2452 1120 2493 4',
1142 2462 1158 2484 a
1178 2461 1298 2492 magna
1319 2461 1354 2482 u.
1500 2448 1538 2480 17
1555 2446 1667 2479 Bibul—

181 2506 261 2537 lium
280 2517 299 2538 a
321 2508 415 2539 (11133.
436 2507 480 2545 7’,
501 2508 683 2539 Bubillium
704 2518 732 2538 e.
891 2505 929 2537 19
949 2504 1116 2536 Ribullius
1135 2513 1182 2534 ae
1203 2503 1299 2533 (11133.
1322 2500 1365 2533 7‘.
1520 2499 1557 2531 21
1583 2498 1667 2530 dile-

182 2557 293 2589 ctibus
312 2567 347 2590 α.
485 2559 537 2590 his
556 2569 576 2591 a
596 2559 674 2590 edd.
695 2561 777 2590 ante
797 2557 879 2589 Ald.
902 2556 1118 2597 Stephanus,
1139 2554 1182 2585 iis
1201 2553 1317 2585 Aldus
1337 2562 1371 2582 11.
1516 2550 1665 2590 fugiente

182 2618 202 2640 a
218 2608 235 2639 l>
249 2618 277 2639 0·
440 2609 483 2642 22
500 2609 671 2641 Lucilium
693 2608 947 2650 Glandmyn'us,
972 2607 1111 2638 uciltum
1130 2616 1151 2637 a
1165 2606 1183 2636 b
1198 2604 1271 2643 cd,·
1292 2602 1451 2634 Vlcillein
1471 2613 1505 2633 u.
1526 2601 1565 2632 P.
1590 2600 1664 2632 135.

325 2659 459 2692 Hirrum
473 2661 507 2701 d,
527 2661 672 2704 Hyr-rum
685 2671 727 2701 a,·
748 2660 885 2692 Hircum
907 2659 937 2690 b.
1080 2657 1126 2688 ibi
1145 2655 1319 2698 praesidio
1334 2655 1364 2685 b.
1505 2652 1548 2683 23
1567 2660 1667 2682 exce-

183 2712 229 2753 pit
251 2711 281 2742 b·
446 2712 560 2744 effecit
579 2713 610 2744 b.
784 2712 836 2743 bis
855 2721 876 2742 a
895 2710 973 2742 edd.
994 2713 1078 2741 ante
1095 2708 1179 2742 Αἶά.
1200 2708 1417 2750 Stephanus,
1437 2705 1480 2737 iis
1499 2703 1610 2735 Aldus
1630 2712 1665 2734 ιι.

325 2761 512 2794 Domicium
531 2774 565 2796 α.
706 2763 749 2795 24
769 2761 1054 2795 Acheuobarbum
1075 2770 1109 2800 a,
1131 2759 1277 2792 ‘Aenob.
1298 2757 1406 2790 Enob.
1428 2754 1558 2787 Henob.
1578 2753 1668 2786 Ahe-

186 2813 371 2845 nebai-dum
390 2811 486 2845 mss.'
626 2813 857 2846 Cohorfinium
879 2813 909 2852 b,
930 2811 1165 2844 cohor-tiniam
1183 2820 1219 2842 α.
1383 2806 1569 2839 Caesarem
1588 2815 1669 2847 quo-

185 2874 248 2907 que
267 2864 387 2896 adesse
407 2864 437 2895 b.
576 2865 619 2897 ‘26
639 2864 790 2896 finitimis
808 2875 828 2895 a
843 2864 860 2895 b
874 2863 908 2904 d,
928 2868 962 2895 et
979 2861 1131 2894 finitimis
1145 2871 1179 2893 η.
