1835 3240
713 168 1139 213 —110—

182 293 276 326 sunt
295 286 334 327 in
358 299 521 327 numero
545 283 822 334 Curiosolites,
847 283 1057 334 Redones,
1083 283 1319 333 Ambibarii,
1345 281 1521 334 Caletes,
1554 282 1668 326 Osis·

181 354 250 402 mi,
274 351 464 403 Lexouii,
490 352 651 393 Vnelli’.

294 419 408 473 Quae
429 420 647 473 excipiunt,
672 418 719 458 ab
743 416 1023 472 Oudendorpio
1045 418 1099 458 ita
1122 425 1216 458 sunt
1237 418 1363 458 edita:
1392 418 1475 459 ‘Ex
1497 418 1555 459 1115
1577 417 1669 459 Β61-

180 489 309 530 louaci
331 502 441 529 suum
465 501 667 527 numerum
690 500 768 526 non
791 487 1058 533 contulerunt,
1083 486 1183 538 quod
1207 499 1249 525 se
1272 499 1343 524 suo
1366 487 1521 527 nomine
1551 493 1668 539 atque

181 557 344 597 arbitrio
378 569 465 595 cum
494 553 686 594 Romanis
714 553 857 593 bellum
881 560 1062 605 gesturos
1085 554 1262 592 dicerent
1283 565 1408 604 neque
1439 553 1665 607 cuiusquam

180 623 345 678 imperio
367 623 726 675 obtemperaturos,
760 621 888 675 rogati
911 627 1040 660 tamen
1061 619 1108 660 ab
1132 618 1311 660 Commio
1334 633 1403 672 pro
1434 619 1516 660 61115
1538 621 1668 675 1165111-

182 692 236 732 110
259 691 350 731 bina
372 690 475 730 milia
498 690 719 729 miserunt'.
762 687 893 728 ‘Bina'
928 688 1023 728 haec
1057 687 1190 727 ‘milia'
1212 687 1337 741 posita
1360 693 1453 726 sunt
1473 687 1520 727 de
1541 687 1668 728 Hoto-

180 759 285 799 mani
317 759 543 798 coniectura
571 756 685 810 plane
715 759 874 810 inepta,
909 770 996 795 cum
1026 755 1177 795 numeri
1211 754 1447 795 distributiui
1478 754 1539 794 hic
1562 755 1669 795 nulla

180 840 307 879 neque
328 825 429 865 ratio
452 837 577 876 neque
600 823 811 876 explicatio
834 823 1057 878 excogitari
1079 823 1219 877 possit.
1270 821 1399 863 Recte
1431 828 1547 863 antea
1578 823 1668 863 6116-

178 894 296 934 batur
328 893 419 932 ‘duo
441 892 547 931 milia
569 891 790 939 miserunt',
825 892 924 943 quod
955 891 994 930 in
1026 890 1275 943 interpolatis
1299 891 1409 930 codd.
1435 890 1513 944 legi
1534 888 1666 931 Haun.

180 975 239 1015 pr.
265 962 524 1001 demonstrat.
549 956 852 1012 Oudendorpius
875 964 1003 999 autem
1025 958 1121 998 haec
1144 965 1331 998 annotat:
1361 958 1430 998 ‘ita
1452 958 1583 1007 bene',
1608 959 1669 998 in—

180 1029 278 1082 quit,
306 1026 483 1066 ‘H0t0m.
511 1039 532 1065 6
553 1040 627 1066 1115.
655 1026 778 1076 ‘una'3
804 1025 860 1065 uti
883 1025 982 1065 etin
1004 1024 1133 1080 Bong.
1160 1040 1218 1079 pr.
1244 1024 1384 1067 Petau.
1410 1026 1449 1065 in
1481 1040 1576 1066 mss.
1603 1027 1669 1067 de-

180 1110 261 1136 cem
279 1093 411 1135 ‘XXI'
435 1094 497 1134 uel
521 1093 738 1135 ‘XXunaK
773 1091 875 1145 Quid
898 1093 938 1133 in
961 1093 1116 1146 optimis
1139 1094 1252 1134 codd.
1270 1094 1458 1147 scriptum
1482 1094 1548 1143 sit,
1571 1092 1666 1133 Par.

180 1178 240 1218 pr.
266 1164 522 1211 demonstrat,
546 1161 585 1201 in
608 1176 682 1215 quo
705 1161 800 1201 haec
823 1161 899 1215 legi
922 1159 1130 1216 Beyerlius
1154 1162 1329 1202 notauit:
1365 1167 1452 1216 ‘pro
1485 1161 1568 1201 eius
1600 1161 1668 1201 ho-

181 1232 296 1286 spitio
328 1228 414 1270 XX
447 1244 523 1270 una
553 1229 777 1270 miserunt’.
829 1229 939 1270 Haec
969 1229 1163 1283 scriptura
1193 1229 1288 1270 nihil
1329 1229 1434 1270 aliud
1475 1229 1670 1283 significat

179 1314 291 1352 quam
324 1299 420 1338 hoc:
457 1304 469 1322 ‘
489 1311 533 1340 ae
558 1310 599 1339 ω
623 1299 729 1348 una',
761 1298 797 1338 id
830 1304 890 1337 651
915 1302 1000 1351 ‘pro
1033 1297 1318 1351 eiusffhospitio
1349 1299 1423 1337 11110
1453 1297 1559 1336 milia
1591 1311 1668 1337 una

179 1367 400 1408 miserunt'.
435 1365 479 1406 111
503 1366 750 1419 interpolatis
783 1366 894 1405 codd.
923 1366 1030 1404 ‘una'
1053 1365 1241 1405 omissum
1266 1372 1341 1414 est,
1367 1365 1455 1416 quia
1480 1377 1668 1404 numerus

178 1435 400 1475 uidebatur.
434 1432 513 1475 Sed
535 1434 573 1474 id
595 1433 823 1473 aduerbium
846 1433 979 1473 eodem
1003 1433 1117 1472 modo
1140 1433 1307 1486 positum
1330 1438 1390 1472 est
1412 1432 1498 1471 hor.
1525 1446 1666 1471 comm.

177 1501 233 1552 ΙΙ,
257 1501 327 1549 29,
353 1502 377 1542 3
403 1501 704 1555 ‘impedimentis
727 1501 824 1540 citra
847 1499 1030 1540 Rhenum
1054 1500 1253 1554 dispositis
1277 1499 1490 1540 custodiam
1515 1513 1564 1539 ex
1588 1499 1669 1539 suis

177 1586 223 1612 ac
245 1570 481 1624 praesidium
504 1583 578 1609 sex
600 1569 706 1609 milia
726 1569 923 1608 hominum
954 1582 1030 1608 una
1062 1569 1345 1620 reliquerunt',
1380 1568 1452 1606 hoc
1484 1575 1544 1607 est
1577 1572 1666 1606 ‘una

179 1653 264 1678 cum
298 1637 615 1690 impedimentis'.
671 1634 733 1676 Cf.
766 1633 836 1684 VI,
865 1634 917 1675 ’19
949 1642 1054 1675 extr.
1080 1634 1174 1685 VII,
1200 1633 1280 1682 50,
1306 1634 1345 1674 3.
1372 1633 1449 1683 56,
1475 1634 1516 1674 2.
1552 1632 1666 1683 VIII,

180 1705 248 1754 14,
276 1705 314 1745 1.
346 1703 445 1744 Item
467 1702 562 1751 VII,
586 1703 656 1752 77,
682 1702 706 1742 5
738 1702 894 1742 restitui
928 1704 1092 1743 ‘coactis
1124 1716 1200 1742 una
1230 1700 1310 1742 XL
1344 1702 1583 1742 cohortibus'
1617 1716 1669 1742 ex

180 1771 274 1813 Par.
300 1787 356 1826 pr.
381 1779 420 1812 61
442 1772 617 1825 plurimis
641 1771 752 1810 codd.
769 1768 893 1811 Oud.:
918 1770 958 1810 in
980 1769 1110 1825 Bong.
1127 1784 1185 1824 pr.
1212 1770 1397 1823 scriptum
1422 1776 1482 1809 651
1507 1774 1598 1809 ‘una
1622 1770 1669 1809 de

179 1841 468 1896 quadraginta',
493 1840 530 1879 in
556 1838 687 1879 Haun.
712 1853 771 1892 pr.
800 1839 962 1878 ‘coac-tis
985 1839 1031 1879 de
1053 1838 1339 1891 quadraginta’,
1363 1838 1404 1877 in
1426 1834 1532 1877 Scal.
1548 1835 1666 1878 Leid.

180 1922 238 1961 pr.
255 1906 389 1948 Oxon.
408 1907 467 1947 hic
490 1922 642 1961 quoque
667 1906 774 1946 ‘una'
806 1906 992 1947 omissum
1016 1913 1091 1946 est.
1124 1904 1196 1945 Illa
1218 1919 1296 1944 non
1320 1912 1381 1945 est
1408 1905 1509 1957 quod
1539 1906 1667 1945 minus

179 1982 287 2016 recte
310 1976 412 2016 dicta
436 1976 644 2016 uideantur
665 1988 776 2029 quam
794 1974 890 2015 haec
902 1973 1033 2015 Taciti
1056 1988 1149 2014 ann.
1174 1971 1207 2023 Ι,
1236 1972 1310 2014 18;
1338 1978 1430 2012 ‘una
1453 1978 1535 2014 tres
1557 1973 1667 2026 aqui-

181 2043 238 2083 las
263 2051 301 2084 et
323 2043 436 2097 signa
460 2043 678 2084 cohortium
701 2043 857 2083 locant'.

293 2110 450 2151 Initium
475 2126 510 2152 c.
528 2110 583 2153 88
604 2112 644 2152 in
668 2110 850 2152 codd.ita
873 2110 1058 2164 scriptum
1083 2116 1168 2150 est:
1195 2107 1310 2148 ‘Eius
1333 2108 1504 2149 aduentu
1528 2122 1581 2149 ex
1602 2123 1667 2149 co-

181 2178 263 2219 lore
294 2179 462 2219 uestitus
492 2180 651 2233 cognito
668 2210 678 2229 ,
722 2193 797 2232 quo
818 2178 965 2231 insigni
987 2178 1027 2217 in
1050 2176 1209 2230 proeliis
1231 2176 1287 2216 uti
1309 2183 1544 2225 consuerat,
1584 2183 1668 2216 tur-

180 2247 330 2302 misque
355 2247 525 2300 equitum
550 2247 664 2298 uisis,
694 2260 791 2300 quas
815 2259 858 2286 se
879 2245 989 2298 sequi
1010 2246 1196 2295 iusserat,
1234 2250 1277 2284 ut
1306 2244 1352 2284 116
1374 2243 1470 2283 10615
1493 2244 1669 2297 superio-

181 2314 289 2354 ribus
311 2314 408 2355 haec
431 2315 598 2355 decliuia
619 2321 659 2355 61
680 2315 834 2355 deuexa
856 2312 1142 2362 cernebantur,
1177 2312 1309 2354 hostes
1341 2312 1529 2366 proelium
1563 2325 1668 2351 com-

181 2381 367 2422 mittunt'.
421 2380 500 2423 Sed
522 2382 687 2436 primum
710 2381 940 2423 incredibile
963 2388 1022 2421 est
1043 2382 1255 2421 aduentum
1280 2378 1469 2421 Caesaris
1493 2386 1531 2419 et
1554 2378 1668 2418 auxi·

181 2449 274 2489 lium
287 2448 478 2490 Romanis
502 2451 671 2490 additum
695 2450 875 2491 hostibus
898 2463 1056 2490 causam
1081 2448 1345 2489 committendi
1367 2448 1505 2502 proelii
1530 2447 1666 2487 fuisse.

180 2515 335 2557 Deinde
358 2517 492 2558 hostes
514 2532 760 2574 nequaquam
782 2525 862 2558 tum
887 2518 1038 2558 demum
1062 2517 1250 2571 proelium
1273 2516 1575 2564 commiserunt,
1600 2514 1669 2554 sed

180 2585 219 2625 id
241 2585 356 2639 longe
377 2591 492 2625 antea
525 2586 725 2632 fecerant,
758 2600 841 2625 cum
873 2585 1112 2625 munitiones
1139 2582 1409 2623 Romanorum
1444 2596 1669 2636 oppugnare

181 2652 450 2706 incipiebant,
484 2666 612 2706 neque
643 2667 695 2694 ex
727 2667 772 2694 eo
806 2659 982 2706 tempore
1010 2653 1195 2705 impetum
1216 2651 1468 2691 remiserant.
1517 2649 1669 2691 Verum

178 2721 300 2775 igitur
320 2721 419 2760 uidit
439 2719 629 2767 Iurinius‚
654 2721 717 2772 qui
739 2721 793 2760 ita
810 2719 1056 2760 scribendum
1081 2732 1168 2759 esse
1191 2719 1365 2758 monuit:
1395 2719 1536 2759 ‘nostri
1558 2731 1670 2772 proe-

181 2789 274 2829 lium
304 2787 577 2829 committunt'.
627 2786 731 2828 Nam
765 2802 851 2827 cum
883 2787 978 2827 haec
1011 2800 1101 2840 pars
1123 2786 1382 2826 munitionum
1406 2784 1670 2826 uehementis-

181 2856 279 2897 sime
309 2863 602 2911 oppugnaretur
633 2870 656 2896 a
675 2854 1076 2904 Vercassiuellauno,
1109 2850 1262 2894 Caesar
1294 2851 1497 2904 Labieno,
1533 2854 1595 2906 qui
1617 2852 1670 2893 ibi
