1835 3240
96 174 178 216 380
620 175 694 217 DE
727 176 916 219 BELLO
950 176 1201 220 GALLICO

172 287 304 338 uenit,
344 288 383 328 in
407 296 620 342 conspectu
651 290 911 330 multitudinis
934 291 1113 331 omnibus
1136 292 1372 334 cruciatibus
1396 295 1559 335 affectus
1583 308 1651 335 ne-

125 353 150 394 3
172 362 296 395 catur.
341 353 386 395 In
409 369 454 395 eo
478 357 643 396 coneilio
668 354 964 410 Cingetorigem
980 389 990 407 ,
1030 359 1190 399 alterius
1213 360 1423 414 principem
1447 363 1644 411 factionis,

170 437 360 476 generum
393 438 529 473 suum,
573 437 685 476 quem
715 438 832 478 supra
863 425 1219 466 demonstrauimus
1253 425 1441 469 Caesaris
1470 437 1646 470 secutum

172 491 286 531 fidem
309 492 354 530 ab
378 505 423 531 eo
447 505 524 530 non
543 491 792 541 discessisse,
817 491 967 532 bostem
991 493 1135 533 iudicat
1156 493 1334 547 bonaque
1356 496 1439 536 eius
1462 497 1645 550 publicat.

124 557 150 598 4
173 557 244 597 His
266 558 381 598 rebus
405 558 593 598 confectis
615 559 654 598 in
677 559 843 598 concilio
865 561 1093 612 pronuntiat
1115 561 1347 601 arcessitum
1371 576 1413 601 se
1435 577 1455 602 a
1479 562 1645 605 Senoni-
1677 572 1695 604 5

125 624 149 666 5
171 626 242 666 bus
265 634 302 666 et
324 623 563 665 Carnutibus
586 626 750 679 aliisque
773 627 1020 680 conpluribus
1035 626 1187 668 Galliae
1208 629 1455 680 ciuitatibus3
1481 631 1553 671 huc
1574 633 1648 672 itu-

170 709 254 734 rum
278 707 347 747 per
368 693 463 733 fines
485 691 698 734 Remorum
732 709 944 748 eorumque
977 710 1094 749 agros
1123 696 1396 750 populaturum
1420 711 1489 746 ac,
1523 700 1650 752 prius-

172 776 285 814 quam
307 761 343 800 id
368 761 509 810 saciat,
544 769 674 802 castra
696 761 866 803 Labieni
889 763 1214 817 obpugnaturum.
1279 762 1390 816 Quae
1423 765 1505 805 fieri
1537 766 1647 814 uelit,

95 829 151 873 57
170 829 374 883 praecipit.
437 826 663 880 Labienus,
699 844 785 870 cum
817 838 856 870 et
887 831 962 870 loci
995 839 1135 871 natura
1169 839 1206 871 et
1228 846 1343 872 manu
1366 833 1649 874 munitissumis

172 897 311 937 castris
335 910 424 936 sese
446 903 622 948 teneret,
657 898 702 938 de
725 912 795 938 suo
818 912 862 938 ac
885 899 1051 952 legionis
1073 900 1245 952 periculo
1268 900 1361 940 nihil
1384 901 1568 952 timebat,
1603 916 1652 942 ne
1685 910 1724 943 10

123 963 151 1004 2
174 978 285 1017 quam
309 965 554 1005 occasionem
578 965 639 1005 rei
661 965 759 1005 bene
782 967 978 1019 gerendae
1002 967 1229 1016 dimitteret,
1255 968 1466 1021 cogitabat.
1511 968 1651 1023 Itaque

171 1045 193 1072 a
216 1028 475 1086 Cingetorige
498 1040 612 1086 atque
642 1033 725 1073 eius
748 1035 972 1087 propinquis
996 1035 1172 1075 oratione
1195 1034 1451 1076 Indutiomari
1474 1038 1648 1090 cognita,

172 1114 283 1152 quam
305 1100 345 1140 in
369 1100 535 1140 concilio
568 1100 782 1150 habuerat,
823 1103 981 1142 nuntios
1014 1103 1133 1142 mittit
1163 1103 1209 1143 ad
1243 1103 1438 1144 finitumus
1470 1105 1652 1145 ciuitates

172 1168 399 1221 equitesque
431 1169 601 1222 undique
635 1176 797 1209 euocat:
844 1170 903 1210 his
936 1178 1084 1210 certum
1118 1171 1216 1210 diem
1250 1172 1509 1211 conueniendi
1542 1173 1649 1212 dicit.

125 1235 150 1277 3
171 1234 331 1276 Interim
355 1251 477 1292 prope
499 1237 642 1277 cotidie
665 1251 752 1277 cum
775 1238 880 1276 omni
911 1238 1083 1290 equitatu
1105 1236 1394 1278 Indutiomarus
1417 1239 1487 1278 sub
1511 1241 1652 1280 castris
1687 1248 1725 1280 15

171 1303 254 1344 eius
277 1305 517 1357 uagabatur,
552 1304 650 1344 alias
675 1311 716 1344 ut
737 1305 852 1344 situm
876 1314 1094 1345 castrorum
1119 1314 1404 1359 cognosceret,
1439 1307 1536 1346 alias
1560 1321 1653 1347 con-

169 1371 350 1424 loquendi
375 1379 443 1411 aut
465 1372 667 1412 territandi
693 1387 836 1413 causa:
873 1374 1024 1426 equites
1047 1374 1271 1426 plerumque
1294 1388 1428 1414 omnes
1451 1375 1528 1415 tela
1549 1375 1654 1415 intra

121 1437 148 1478 4
169 1438 310 1478 uallum
334 1439 596 1479 coniciebant.
650 1439 851 1481 Labienus
884 1455 975 1481 suos
1006 1442 1109 1481 intra
1142 1442 1394 1482 munitionem
1429 1443 1655 1483 continebat

92 1506 149 1551 58
172 1506 399 1560 timorisque
417 1507 656 1561 opinionem,
682 1509 992 1562 quibuscumque
1014 1516 1168 1563 poterat
1182 1509 1318 1559 rebus,
1344 1511 1525 1564 augebat.
1552 1507 1652 1551 Cum

168 1575 316 1616 maiore
346 1575 386 1615 in
422 1576 503 1615 dies
537 1578 827 1631 contemptione
859 1575 1154 1617 Indutiomarus
1187 1578 1232 1618 ad
1267 1585 1399 1618 castra
1428 1579 1650 1628 accederet,
1684 1586 1726 1619 20

169 1651 286 1683 nocte
318 1657 396 1683 una
434 1643 673 1685 intromissis
716 1645 910 1698 equitibus
942 1645 1113 1685 omnium
1147 1646 1397 1685 finitimarum
1431 1646 1649 1695 ciuitatum,

167 1724 264 1763 quos
287 1712 546 1752 arcessendos
569 1719 805 1762 curauerat,
831 1719 938 1752 tanta
961 1713 1164 1764 diligentia
1187 1727 1322 1754 omnes
1345 1728 1438 1754 suos
1461 1715 1650 1754 custodiis

167 1778 270 1818 intra
302 1786 432 1819 castra
464 1780 681 1829 continuit,
717 1787 761 1820 ut
791 1780 897 1820 nulla
926 1780 1080 1820 ratione
1115 1794 1159 1821 ea
1189 1795 1254 1821 res
1286 1782 1483 1821 enuntiari
1517 1782 1654 1821 autad

119 1844 148 1887 2
167 1843 367 1886 Treueros
391 1847 556 1901 perferri
581 1854 728 1901 posset.
781 1846 945 1888 Interim
979 1861 1031 1888 ex
1062 1850 1345 1889 consuetudine
1367 1850 1562 1889 cotidiana
1586 1847 1653 1888 ln-

133 1964 138 1967 »
168 1914 410 1954 dutiomarus
434 1916 480 1955 ad
504 1923 633 1955 castra
656 1916 807 1956 accedit
828 1923 943 1969 atque
965 1914 1017 1956 ibi
1040 1930 1218 1970 magnam
1243 1925 1391 1970 partem
1415 1917 1491 1959 diei
1513 1931 1654 1957 consu-
1684 1924 1727 1956 ‘25

167 1981 261 2032 mit3
297 1983 447 2036 equites
479 1983 559 2023 tela
591 1984 793 2024 coniciunt
825 1991 863 2024 et
892 1998 1032 2037 magna
1065 1998 1151 2024 cum
1182 1986 1418 2025 contumelia
1440 1985 1653 2025 uerborum

120 2048 145 2089 3
169 2056 326 2091 nostros
349 2051 396 2091 ad
418 2065 586 2105 pugnam
610 2060 793 2093 euocant.
848 2051 971 2092 Nullo
995 2052 1041 2091 ab
1066 2053 1213 2092 nostris
1237 2053 1325 2092 dato
1347 2067 1562 2106 response,
1587 2052 1653 2092 ubi

120 2116 147 2157 4
169 2117 296 2158 uisum
319 2126 404 2169 est,
439 2119 510 2159 sub
541 2133 747 2174 uesperum
770 2121 936 2175 dispersi
958 2135 1001 2160 ac
1026 2121 1203 2175 dissipati
1226 2120 1448 2160 discedunt.
1512 2117 1651 2160 Subito

168 2255 262 2286 uenit
279 2266 340 2287 eu.
363 2255 446 2289 Vz‘d.
468 2256 534 2297 VJ,
557 2258 613 2300 37,
635 2259 652 2290 6
671 2261 708 2289 et
724 2268 912 2291 conuocare
931 2270 987 2302 ap.
1012 2260 1086 2291 Cic.
1109 2259 1149 2291 de
1169 2259 1237 2301 leg.
1258 2268 1337 2300 agr.
1360 2257 1411 2289 III
1426 2260 1520 2288 eoetr.

167 2307 186 2339 4
199 2307 341 2349 iudicat]
361 2309 579 2341 iudicandum
598 2315 696 2341 curat
714 2311 802 2342 cde.
944 2312 1029 2342 bona
1051 2312 1124 2342 eius
1144 2311 1206 2342 de.
1347 2309 1366 2341 6
1379 2308 1595 2351 conpluribus
1606 2308 1648 2339 B.

310 2361 397 2392 hunc
418 2363 448 2393 b.
588 2363 714 2394 iturum
731 2364 762 2394 B
781 2366 815 2394 et
831 2363 985 2404 reliqui,
1006 2364 1074 2394 iter
1093 2362 1262 2394 facturum
1283 2362 1300 2393 b
1314 2372 1330 2392 c
1344 2371 1373 2391 e.
1553 2360 1570 2391 7
1591 2369 1651 2400 per

169 2410 291 2443 finibus
309 2423 356 2443 m.
372 2423 429 2454 pr.
451 2413 494 2445 B.
636 2415 655 2446 8
674 2419 788 2446 castra
806 2415 949 2446 Labieni
968 2416 999 2447 B
1018 2415 1094 2447 edd.
1116 2417 1197 2446 ante
1213 2414 1354 2453 Graeu„
1375 2412 1518 2443 Labieni
1538 2416 1654 2443 castra

171 2464 345 2496 Graevius
364 2476 399 2496 u.
597 2467 867 2509 obpugnaturum
884 2468 928 2499 B.
1083 2467 1101 2498 9
1120 2465 1366 2498 munitissumis
1386 2464 1456 2495 AB
1470 2464 1507 2495 C.

174 2517 211 2549 10
231 2528 270 2548 ne
291 2516 404 2559 quam]
425 2528 485 2549 uec
506 2518 685 2560 quicquam
706 2529 734 2549 c.
902 2518 945 2551 12
962 2516 1180 2556 Cingetorige
1200 2516 1341 2557 eiusque
1361 2524 1453 2556 prop.
1476 2515 1506 2545 b.

170 2568 390 2601 Indutiomari
412 2569 462 2608 B,
483 2568 710 2601 Indnciomari
728 2579 762 2600 u.
945 2568 985 2600 13
1005 2568 1175 2599 finitumas
1194 2568 1224 2598 B
1243 2571 1296 2607 et,
1319 2568 1383 2608 qm?
1399 2566 1584 2603 finitumos,
1605 2566 1649 2597 A.

314 2621 354 2652 14
367 2621 419 2651 his
436 2622 509 2652 AB
521 2622 588 2653 CD
601 2632 637 2661 e,
659 2622 701 2653 iis
721 2632 756 2652 u.
897 2625 1027 2652 certam
1046 2620 1188 2651 &Aldus
1207 2623 1241 2650 el
1255 2622 1403 2661 praeter
1416 2618 1540 2659 steph.
1555 2629 1651 2660 seqq.

170 2683 279 2714 usque
297 2673 345 2704 ad
361 2683 383 2704 u
403 2672 542 2704 ‘eontra
560 2673 656 2704 mss-³
798 2673 837 2705 15
852 2672 1102 2704 Indutiomarus
1123 2671 1195 2713 (B),
1219 2671 1473 2703 Induciomarus
1489 2682 1522 2703 u.

171 2724 212 2756 16
232 2723 456 2766 conloquendi
476 2723 517 2754 B.
672 2723 713 2755 18
733 2723 953 2754 munitionem
973 2723 1003 2754 B
1023 2723 1198 2763 ‘relz'q111'',
1220 2722 1426 2753 munitiones
1445 2733 1462 2752 e
1482 2724 1578 2753 ‘ms-9.
1599 2722 1651 2754 5⁹.

313 2775 353 2808 19
373 2775 638 2817 quibuscumque
657 2774 730 2815 (Β),
750 2784 818 2805 non
836 2792 880 2796 —
897 2784 1043 2816 cunque.
1245 2775 1287 2807 20
1306 2774 1557 2807 Indutiomarus
1577 2775 1650 2815 (B),

170 2827 422 2860 lndnciomarus
441 2837 475 2859 u.
631 2827 674 2858 2⁸2
692 2825 920 2858 accersendos
940 2826 987 2863 B,
1010 2826 1250 2858 arcessiendos
1271 2827 1301 2858 b.
1459 2826 1502 2861 24
1520 2825 1650 2858 Treue-

172 2890 228 2911 ros
248 2879 288 2911 B.
432 2878 680 2911 ludutiomarus
700 2878 771 2918 (B),
796 2876 1051 2908 luduciomarus
1071 2887 1105 2908 ιι.
