<?xml version="1.0" encoding="UTF-8"?>
<!DOCTYPE html PUBLIC "-//W3C//DTD XHTML 1.0 Transitional//EN"
    "http://www.w3.org/TR/xhtml1/DTD/xhtml1-transitional.dtd">
<html xmlns="http://www.w3.org/1999/xhtml" xml:lang="en" lang="en">
 <head>
  <title>
</title>
<meta http-equiv="Content-Type" content="text/html;charset=utf-8" />
  <meta name='ocr-system' content='tesseract 3.04.00' />
  <meta name='ocr-capabilities' content='ocr_page ocr_carea ocr_par ocr_line ocrx_word'/>
</head>
<body>
  <div class='ocr_page' id='page_1' title='image "./commentarii00caesuoft_0736.png"; bbox 0 0 1835 3240; ppageno 0'>
   <div class='ocr_carea' id='block_1_1' title="bbox 94 199 1208 245">
    <p class='ocr_par' dir='ltr' id='par_1_1' title="bbox 94 199 1208 245">
     <span class='ocr_line' id='line_1_1' title="bbox 94 199 1208 245; baseline -0.001 -2"><span class='ocrx_word' id='word_1_1' title='bbox 94 201 179 245; x_wconf 88' lang='grc'><strong>726</strong></span> <span class='ocrx_word' id='word_1_2' title='bbox 610 200 780 243; x_wconf 87' lang='lat' dir='ltr'>BELLI</span> <span class='ocrx_word' id='word_1_3' title='bbox 811 199 1208 243; x_wconf 84' lang='lat' dir='ltr'>HISPANIENSIS</span> 
     </span>
    </p>
   </div>
   <div class='ocr_carea' id='block_1_2' title="bbox 96 314 1662 2270">
    <p class='ocr_par' dir='ltr' id='par_1_2' title="bbox 96 314 1649 438">
     <span class='ocr_line' id='line_1_2' title="bbox 96 314 1648 370; baseline -0.001 -14"><span class='ocrx_word' id='word_1_4' title='bbox 96 316 151 361; x_wconf 83' lang='lat'><strong>16</strong></span> <span class='ocrx_word' id='word_1_5' title='bbox 174 328 380 368; x_wconf 82' lang='lat' dir='ltr'><strong>numquam</strong></span> <span class='ocrx_word' id='word_1_6' title='bbox 412 321 472 355; x_wconf 85' lang='lat' dir='ltr'><strong>est</strong></span> <span class='ocrx_word' id='word_1_7' title='bbox 502 315 659 355; x_wconf 86' lang='lat' dir='ltr'><strong>factum.</strong></span> <span class='ocrx_word' id='word_1_8' title='bbox 704 314 833 355; x_wconf 88' lang='lat' dir='ltr'><strong>Huius</strong></span> <span class='ocrx_word' id='word_1_9' title='bbox 862 314 938 355; x_wconf 90' lang='lat' dir='ltr'><strong>diei</strong></span> <span class='ocrx_word' id='word_1_10' title='bbox 959 321 1140 356; x_wconf 84' lang='lat' dir='ltr'><strong>extremo</strong></span> <span class='ocrx_word' id='word_1_11' title='bbox 1162 322 1337 369; x_wconf 87' lang='lat' dir='ltr'><strong>tempore</strong></span> <span class='ocrx_word' id='word_1_12' title='bbox 1357 331 1379 357; x_wconf 83' lang='lat' dir='ltr'><strong>a</strong></span> <span class='ocrx_word' id='word_1_13' title='bbox 1399 314 1648 370; x_wconf 83' lang='lat' dir='ltr'>Pompeianis</span> 
     </span>
     <span class='ocr_line' id='line_1_3' title="bbox 172 382 1649 438; baseline 0 -16"><span class='ocrx_word' id='word_1_14' title='bbox 172 383 266 423; x_wconf 91' lang='lat' dir='ltr'><strong>clam</strong></span> <span class='ocrx_word' id='word_1_15' title='bbox 282 383 366 437; x_wconf 90' lang='lat' dir='ltr'><strong>[ad]</strong></span> <span class='ocrx_word' id='word_1_16' title='bbox 381 390 539 423; x_wconf 90' lang='lat' dir='ltr'><strong>nostros</strong></span> <span class='ocrx_word' id='word_1_17' title='bbox 560 382 788 422; x_wconf 88' lang='lat' dir='ltr'><strong>tabellarius</strong></span> <span class='ocrx_word' id='word_1_18' title='bbox 802 389 863 422; x_wconf 88' lang='lat' dir='ltr'><strong>est</strong></span> <span class='ocrx_word' id='word_1_19' title='bbox 880 382 1039 432; x_wconf 87' lang='lat' dir='ltr'><strong>missus,</strong></span> <span class='ocrx_word' id='word_1_20' title='bbox 1056 389 1099 423; x_wconf 90' lang='lat' dir='ltr'><strong>ut</strong></span> <span class='ocrx_word' id='word_1_21' title='bbox 1118 395 1164 422; x_wconf 91' lang='lat' dir='ltr'><strong>ea</strong></span> <span class='ocrx_word' id='word_1_22' title='bbox 1176 389 1291 422; x_wconf 88' lang='lat' dir='ltr'><strong>nocte</strong></span> <span class='ocrx_word' id='word_1_23' title='bbox 1305 390 1432 424; x_wconf 88' lang='lat' dir='ltr'><strong>turres</strong></span> <span class='ocrx_word' id='word_1_24' title='bbox 1447 397 1649 438; x_wconf 85' lang='lat' dir='ltr'><strong>aggerem-</strong></span> 
     </span>
    </p>

    <p class='ocr_par' dir='ltr' id='par_1_3' title="bbox 123 449 1654 843">
     <span class='ocr_line' id='line_1_4' title="bbox 123 449 1651 504; baseline -0.001 -13"><span class='ocrx_word' id='word_1_25' title='bbox 123 449 150 490; x_wconf 78' lang='lat'>2</span> <span class='ocrx_word' id='word_1_26' title='bbox 172 465 244 504; x_wconf 93' lang='lat' dir='ltr'><strong>que</strong></span> <span class='ocrx_word' id='word_1_27' title='bbox 266 451 524 491; x_wconf 81' lang='lat' dir='ltr'><strong>incenderent</strong></span> <span class='ocrx_word' id='word_1_28' title='bbox 546 456 584 489; x_wconf 91' lang='lat' dir='ltr'><strong>et</strong></span> <span class='ocrx_word' id='word_1_29' title='bbox 606 449 722 489; x_wconf 82' lang='lat' dir='ltr'><strong>tertia</strong></span> <span class='ocrx_word' id='word_1_30' title='bbox 744 449 878 503; x_wconf 87' lang='lat' dir='ltr'><strong>uigilia</strong></span> <span class='ocrx_word' id='word_1_31' title='bbox 900 450 1141 504; x_wconf 80' lang='lat' dir='ltr'><strong>eruptionem</strong></span> <span class='ocrx_word' id='word_1_32' title='bbox 1166 451 1355 490; x_wconf 84' lang='lat' dir='ltr'><strong>facerent.</strong></span> <span class='ocrx_word' id='word_1_33' title='bbox 1399 449 1459 490; x_wconf 92' lang='lat' dir='ltr'><strong>Ita</strong></span> <span class='ocrx_word' id='word_1_34' title='bbox 1480 451 1571 504; x_wconf 86' lang='lat' dir='ltr'><strong>igne</strong></span> <span class='ocrx_word' id='word_1_35' title='bbox 1593 458 1651 490; x_wconf 87' lang='lat' dir='ltr'><strong>te-</strong></span> 
     </span>
     <span class='ocr_line' id='line_1_5' title="bbox 169 516 1652 572; baseline -0.001 -13"><span class='ocrx_word' id='word_1_36' title='bbox 169 519 372 571; x_wconf 87' lang='lat' dir='ltr'><strong>lorumque</strong></span> <span class='ocrx_word' id='word_1_37' title='bbox 394 517 638 557; x_wconf 89' lang='lat' dir='ltr'><strong>multitudine</strong></span> <span class='ocrx_word' id='word_1_38' title='bbox 659 516 762 556; x_wconf 86' lang='lat' dir='ltr'><strong>iacta</strong></span> <span class='ocrx_word' id='word_1_39' title='bbox 784 531 869 557; x_wconf 91' lang='lat' dir='ltr'><strong>cum</strong></span> <span class='ocrx_word' id='word_1_40' title='bbox 889 517 990 558; x_wconf 90' lang='lat' dir='ltr'><strong>bene</strong></span> <span class='ocrx_word' id='word_1_41' title='bbox 1002 531 1183 572; x_wconf 85' lang='lat' dir='ltr'><strong>magnam</strong></span> <span class='ocrx_word' id='word_1_42' title='bbox 1196 525 1343 572; x_wconf 88' lang='lat' dir='ltr'><strong>partem</strong></span> <span class='ocrx_word' id='word_1_43' title='bbox 1359 518 1544 571; x_wconf 84' lang='lat' dir='ltr'><strong>temporis</strong></span> <span class='ocrx_word' id='word_1_44' title='bbox 1559 532 1652 558; x_wconf 90' lang='lat' dir='ltr'><strong>con-</strong></span> 
     </span>
     <span class='ocr_line' id='line_1_6' title="bbox 169 583 1646 640; baseline -0.001 -13"><span class='ocrx_word' id='word_1_45' title='bbox 169 587 457 640; x_wconf 83' lang='lat' dir='ltr'><strong>sumpsissent,</strong></span> <span class='ocrx_word' id='word_1_46' title='bbox 482 591 632 637; x_wconf 88' lang='lat' dir='ltr'><strong>portam</strong></span> <span class='ocrx_word' id='word_1_47' title='bbox 648 615 658 634; x_wconf 99' lang='lat'><strong>,</strong></span> <span class='ocrx_word' id='word_1_48' title='bbox 684 598 782 637; x_wconf 91' lang='lat' dir='ltr'><strong>quae</strong></span> <span class='ocrx_word' id='word_1_49' title='bbox 805 598 826 624; x_wconf 86' lang='lat' dir='ltr'><strong>e</strong></span> <span class='ocrx_word' id='word_1_50' title='bbox 847 585 1009 638; x_wconf 85' lang='lat' dir='ltr'><strong>regione</strong></span> <span class='ocrx_word' id='word_1_51' title='bbox 1032 594 1070 626; x_wconf 89' lang='lat' dir='ltr'><strong>et</strong></span> <span class='ocrx_word' id='word_1_52' title='bbox 1090 586 1131 626; x_wconf 91' lang='lat' dir='ltr'><strong>in</strong></span> <span class='ocrx_word' id='word_1_53' title='bbox 1153 593 1363 640; x_wconf 88' lang='lat' dir='ltr'><strong>conspectu</strong></span> <span class='ocrx_word' id='word_1_54' title='bbox 1384 583 1560 639; x_wconf 89' lang='lat' dir='ltr'><strong>Pompeii</strong></span> <span class='ocrx_word' id='word_1_55' title='bbox 1583 600 1646 626; x_wconf 88' lang='lat' dir='ltr'><strong>ca-</strong></span> 
     </span>
     <span class='ocr_line' id='line_1_7' title="bbox 172 653 1654 708; baseline -0.001 -14"><span class='ocrx_word' id='word_1_56' title='bbox 172 660 341 694; x_wconf 83' lang='lat' dir='ltr'><strong>strorum</strong></span> <span class='ocrx_word' id='word_1_57' title='bbox 367 654 517 701; x_wconf 81' lang='lat' dir='ltr'><strong>fuerat,</strong></span> <span class='ocrx_word' id='word_1_58' title='bbox 552 659 819 705; x_wconf 88' lang='lat' dir='ltr'><strong>aperuerunt,</strong></span> <span class='ocrx_word' id='word_1_59' title='bbox 846 653 1058 707; x_wconf 81' lang='lat' dir='ltr'><strong>copiaeque</strong></span> <span class='ocrx_word' id='word_1_60' title='bbox 1081 661 1187 694; x_wconf 89' lang='lat' dir='ltr'><strong>totae</strong></span> <span class='ocrx_word' id='word_1_61' title='bbox 1209 653 1450 708; x_wconf 79' lang='lat' dir='ltr'><strong>eruptionem</strong></span> <span class='ocrx_word' id='word_1_62' title='bbox 1476 654 1654 693; x_wconf 88' lang='lat' dir='ltr'><strong>fecerunt</strong></span> 
     </span>
     <span class='ocr_line' id='line_1_8' title="bbox 169 719 1651 775; baseline -0.001 -13"><span class='ocrx_word' id='word_1_63' title='bbox 169 733 379 774; x_wconf 83' lang='lat' dir='ltr'><strong>secumque</strong></span> <span class='ocrx_word' id='word_1_64' title='bbox 402 719 633 760; x_wconf 82' lang='lat' dir='ltr'><strong>extulerunt</strong></span> <span class='ocrx_word' id='word_1_65' title='bbox 652 721 845 774; x_wconf 70' lang='lat' dir='ltr'><strong>uirgulta,</strong></span> <span class='ocrx_word' id='word_1_66' title='bbox 870 728 1006 762; x_wconf 81' lang='lat' dir='ltr'><strong>crates</strong></span> <span class='ocrx_word' id='word_1_67' title='bbox 1029 722 1074 762; x_wconf 85' lang='lat' dir='ltr'><strong>ad</strong></span> <span class='ocrx_word' id='word_1_68' title='bbox 1093 722 1218 763; x_wconf 87' lang='lat' dir='ltr'><strong>fossas</strong></span> <span class='ocrx_word' id='word_1_69' title='bbox 1234 721 1482 775; x_wconf 88' lang='lat' dir='ltr'><strong>complendas</strong></span> <span class='ocrx_word' id='word_1_70' title='bbox 1504 727 1544 760; x_wconf 90' lang='lat' dir='ltr'><strong>et</strong></span> <span class='ocrx_word' id='word_1_71' title='bbox 1565 720 1651 760; x_wconf 91' lang='lat' dir='ltr'><strong>har-</strong></span> 
     </span>
     <span class='ocr_line' id='line_1_9' title="bbox 168 787 1651 843; baseline -0.001 -14"><span class='ocrx_word' id='word_1_72' title='bbox 168 801 340 843; x_wconf 86' lang='lat' dir='ltr'><strong>pagones</strong></span> <span class='ocrx_word' id='word_1_73' title='bbox 364 787 411 827; x_wconf 87' lang='lat' dir='ltr'><strong>ad</strong></span> <span class='ocrx_word' id='word_1_74' title='bbox 434 800 562 837; x_wconf 87' lang='lat' dir='ltr'><strong>casas,</strong></span> <span class='ocrx_word' id='word_1_75' title='bbox 587 801 685 840; x_wconf 89' lang='lat' dir='ltr'><strong>quae</strong></span> <span class='ocrx_word' id='word_1_76' title='bbox 706 789 999 829; x_wconf 87' lang='lat' dir='ltr'><strong>stramenticiae</strong></span> <span class='ocrx_word' id='word_1_77' title='bbox 1021 789 1067 829; x_wconf 90' lang='lat' dir='ltr'><strong>ab</strong></span> <span class='ocrx_word' id='word_1_78' title='bbox 1090 789 1239 829; x_wconf 88' lang='lat' dir='ltr'><strong>nostris</strong></span> <span class='ocrx_word' id='word_1_79' title='bbox 1257 789 1509 829; x_wconf 88' lang='lat' dir='ltr'><strong>hibernorum</strong></span> <span class='ocrx_word' id='word_1_80' title='bbox 1534 801 1651 828; x_wconf 89' lang='lat' dir='ltr'><strong>causa</strong></span> 
     </span>
    </p>

    <p class='ocr_par' dir='ltr' id='par_1_4' title="bbox 98 855 1662 2270">
     <span class='ocr_line' id='line_1_10' title="bbox 124 855 1651 910; baseline -0.001 -14"><span class='ocrx_word' id='word_1_81' title='bbox 124 856 149 896; x_wconf 86' lang='lat'><strong>3</strong></span> <span class='ocrx_word' id='word_1_82' title='bbox 171 857 398 897; x_wconf 85' lang='lat' dir='ltr'><strong>aedificatae</strong></span> <span class='ocrx_word' id='word_1_83' title='bbox 440 862 578 905; x_wconf 85' lang='lat' dir='ltr'><strong>erant,</strong></span> <span class='ocrx_word' id='word_1_84' title='bbox 623 855 835 895; x_wconf 89' lang='lat' dir='ltr'><strong>diruendas</strong></span> <span class='ocrx_word' id='word_1_85' title='bbox 867 863 906 896; x_wconf 89' lang='lat' dir='ltr'><strong>et</strong></span> <span class='ocrx_word' id='word_1_86' title='bbox 935 857 1225 907; x_wconf 86' lang='lat' dir='ltr'><strong>incendendas,</strong></span> <span class='ocrx_word' id='word_1_87' title='bbox 1269 864 1475 910; x_wconf 87' lang='lat' dir='ltr'><strong>praeterea</strong></span> <span class='ocrx_word' id='word_1_88' title='bbox 1511 868 1651 908; x_wconf 88' lang='lat' dir='ltr'><strong>argen-</strong></span> 
     </span>
     <span class='ocr_line' id='line_1_11' title="bbox 169 923 1652 979; baseline -0.001 -16"><span class='ocrx_word' id='word_1_89' title='bbox 169 930 274 973; x_wconf 85' lang='lat' dir='ltr'><strong>tum,</strong></span> <span class='ocrx_word' id='word_1_90' title='bbox 309 923 543 964; x_wconf 89' lang='lat' dir='ltr'><strong>uestimenta</strong></span> <span class='ocrx_word' id='word_1_91' title='bbox 558 954 568 973; x_wconf 93' lang='lat'><strong>,</strong></span> <span class='ocrx_word' id='word_1_92' title='bbox 605 930 667 970; x_wconf 89' lang='lat' dir='ltr'><strong>ut,</strong></span> <span class='ocrx_word' id='word_1_93' title='bbox 702 923 788 963; x_wconf 89' lang='lat' dir='ltr'><strong>dum</strong></span> <span class='ocrx_word' id='word_1_94' title='bbox 813 925 940 964; x_wconf 85' lang='lat' dir='ltr'><strong>nostri</strong></span> <span class='ocrx_word' id='word_1_95' title='bbox 961 924 1002 964; x_wconf 92' lang='lat' dir='ltr'><strong>in</strong></span> <span class='ocrx_word' id='word_1_96' title='bbox 1024 925 1170 979; x_wconf 87' lang='lat' dir='ltr'><strong>praeda</strong></span> <span class='ocrx_word' id='word_1_97' title='bbox 1192 924 1431 974; x_wconf 85' lang='lat' dir='ltr'><strong>detinentur,</strong></span> <span class='ocrx_word' id='word_1_98' title='bbox 1456 923 1511 963; x_wconf 90' lang='lat' dir='ltr'><strong>illi</strong></span> <span class='ocrx_word' id='word_1_99' title='bbox 1534 923 1652 963; x_wconf 89' lang='lat' dir='ltr'><strong>caede</strong></span> 
     </span>
     <span class='ocr_line' id='line_1_12' title="bbox 170 990 1655 1045; baseline 0 -15"><span class='ocrx_word' id='word_1_100' title='bbox 170 991 271 1031; x_wconf 87' lang='lat' dir='ltr'><strong>facta</strong></span> <span class='ocrx_word' id='word_1_101' title='bbox 303 991 349 1030; x_wconf 91' lang='lat' dir='ltr'><strong>ad</strong></span> <span class='ocrx_word' id='word_1_102' title='bbox 380 991 573 1045; x_wconf 87' lang='lat' dir='ltr'><strong>praesidia</strong></span> <span class='ocrx_word' id='word_1_103' title='bbox 595 990 770 1045; x_wconf 87' lang='lat' dir='ltr'><strong>Pompeii</strong></span> <span class='ocrx_word' id='word_1_104' title='bbox 803 1004 845 1032; x_wconf 91' lang='lat' dir='ltr'><strong>se</strong></span> <span class='ocrx_word' id='word_1_105' title='bbox 875 991 1123 1045; x_wconf 86' lang='lat' dir='ltr'><strong>reciperent:</strong></span> <span class='ocrx_word' id='word_1_106' title='bbox 1159 1006 1246 1032; x_wconf 88' lang='lat' dir='ltr'><strong>nam</strong></span> <span class='ocrx_word' id='word_1_107' title='bbox 1278 992 1377 1045; x_wconf 92' lang='lat' dir='ltr'><strong>quod</strong></span> <span class='ocrx_word' id='word_1_108' title='bbox 1401 990 1655 1032; x_wconf 82' lang='lat' dir='ltr'><strong>existimabat</strong></span> 
     </span>
     <span class='ocr_line' id='line_1_13' title="bbox 171 1057 1654 1113; baseline 0 -15"><span class='ocrx_word' id='word_1_109' title='bbox 171 1072 239 1099; x_wconf 92' lang='lat' dir='ltr'><strong>eos</strong></span> <span class='ocrx_word' id='word_1_110' title='bbox 263 1072 380 1113; x_wconf 90' lang='lat' dir='ltr'><strong>posse</strong></span> <span class='ocrx_word' id='word_1_111' title='bbox 404 1067 584 1099; x_wconf 87' lang='lat' dir='ltr'><strong>conatum</strong></span> <span class='ocrx_word' id='word_1_112' title='bbox 608 1059 778 1109; x_wconf 88' lang='lat' dir='ltr'><strong>efficere,</strong></span> <span class='ocrx_word' id='word_1_113' title='bbox 803 1066 918 1099; x_wconf 88' lang='lat' dir='ltr'><strong>nocte</strong></span> <span class='ocrx_word' id='word_1_114' title='bbox 940 1065 1022 1099; x_wconf 85' lang='lat' dir='ltr'><strong>tota</strong></span> <span class='ocrx_word' id='word_1_115' title='bbox 1044 1060 1144 1100; x_wconf 88' lang='lat' dir='ltr'><strong>ultra</strong></span> <span class='ocrx_word' id='word_1_116' title='bbox 1165 1060 1247 1100; x_wconf 84' lang='lat' dir='ltr'><strong>ibat</strong></span> <span class='ocrx_word' id='word_1_117' title='bbox 1268 1060 1410 1099; x_wconf 87' lang='lat' dir='ltr'><strong>flumen</strong></span> <span class='ocrx_word' id='word_1_118' title='bbox 1434 1057 1590 1100; x_wconf 87' lang='lat' dir='ltr'><strong>Salsum</strong></span> <span class='ocrx_word' id='word_1_119' title='bbox 1614 1058 1654 1099; x_wconf 92' lang='lat' dir='ltr'><strong>in</strong></span> 
     </span>
     <span class='ocr_line' id='line_1_14' title="bbox 122 1124 1655 1181; baseline 0 -15"><span class='ocrx_word' id='word_1_120' title='bbox 122 1126 149 1166; x_wconf 90' lang='grc'>4</span> <span class='ocrx_word' id='word_1_121' title='bbox 170 1126 269 1167; x_wconf 87' lang='lat' dir='ltr'><strong>acie.</strong></span> <span class='ocrx_word' id='word_1_122' title='bbox 314 1124 430 1178; x_wconf 83' lang='lat' dir='ltr'><strong>Quod</strong></span> <span class='ocrx_word' id='word_1_123' title='bbox 452 1127 594 1166; x_wconf 84' lang='lat' dir='ltr'><strong>factum</strong></span> <span class='ocrx_word' id='word_1_124' title='bbox 618 1126 711 1167; x_wconf 90' lang='lat' dir='ltr'><strong>licet</strong></span> <span class='ocrx_word' id='word_1_125' title='bbox 732 1127 1054 1180; x_wconf 80' lang='lat' dir='ltr'><strong>necopinantibus</strong></span> <span class='ocrx_word' id='word_1_126' title='bbox 1077 1128 1224 1168; x_wconf 89' lang='lat' dir='ltr'><strong>nostris</strong></span> <span class='ocrx_word' id='word_1_127' title='bbox 1254 1134 1361 1168; x_wconf 89' lang='lat' dir='ltr'><strong>esset</strong></span> <span class='ocrx_word' id='word_1_128' title='bbox 1381 1133 1534 1181; x_wconf 85' lang='lat' dir='ltr'><strong>gestum</strong></span> <span class='ocrx_word' id='word_1_129' title='bbox 1551 1157 1561 1177; x_wconf 97' lang='lat'><strong>,</strong></span> <span class='ocrx_word' id='word_1_130' title='bbox 1586 1133 1655 1180; x_wconf 61' lang='lat' dir='ltr'><strong>&gt;ta-</strong></span> 
     </span>
     <span class='ocr_line' id='line_1_15' title="bbox 172 1194 1656 1248; baseline -0.001 -14"><span class='ocrx_word' id='word_1_131' title='bbox 172 1208 262 1234; x_wconf 90' lang='lat' dir='ltr'><strong>men</strong></span> <span class='ocrx_word' id='word_1_132' title='bbox 294 1194 440 1235; x_wconf 88' lang='lat' dir='ltr'><strong>uirtute</strong></span> <span class='ocrx_word' id='word_1_133' title='bbox 473 1195 563 1234; x_wconf 85' lang='lat' dir='ltr'><strong>freti</strong></span> <span class='ocrx_word' id='word_1_134' title='bbox 594 1194 773 1248; x_wconf 87' lang='lat' dir='ltr'><strong>repulsos</strong></span> <span class='ocrx_word' id='word_1_135' title='bbox 805 1195 1013 1247; x_wconf 89' lang='lat' dir='ltr'><strong>multisque</strong></span> <span class='ocrx_word' id='word_1_136' title='bbox 1046 1195 1275 1235; x_wconf 92' lang='lat' dir='ltr'><strong>uulneribus</strong></span> <span class='ocrx_word' id='word_1_137' title='bbox 1308 1195 1483 1234; x_wconf 84' lang='lat' dir='ltr'><strong>adfectos</strong></span> <span class='ocrx_word' id='word_1_138' title='bbox 1516 1194 1656 1247; x_wconf 88' lang='lat' dir='ltr'><strong>oppido</strong></span> 
     </span>
     <span class='ocr_line' id='line_1_16' title="bbox 170 1261 1656 1316; baseline -0.001 -14"><span class='ocrx_word' id='word_1_139' title='bbox 170 1269 462 1316; x_wconf 84' lang='lat' dir='ltr'><strong>represserunt,</strong></span> <span class='ocrx_word' id='word_1_140' title='bbox 487 1262 668 1316; x_wconf 82' lang='lat' dir='ltr'><strong>praedam</strong></span> <span class='ocrx_word' id='word_1_141' title='bbox 690 1276 876 1315; x_wconf 88' lang='lat' dir='ltr'><strong>armaque</strong></span> <span class='ocrx_word' id='word_1_142' title='bbox 899 1276 1034 1302; x_wconf 89' lang='lat' dir='ltr'><strong>eorum</strong></span> <span class='ocrx_word' id='word_1_143' title='bbox 1057 1269 1148 1302; x_wconf 87' lang='lat' dir='ltr'><strong>sunt</strong></span> <span class='ocrx_word' id='word_1_144' title='bbox 1169 1262 1281 1316; x_wconf 80' lang='lat' dir='ltr'><strong>potiti</strong></span> <span class='ocrx_word' id='word_1_145' title='bbox 1299 1263 1489 1314; x_wconf 89' lang='lat' dir='ltr'><strong>uiuosque</strong></span> <span class='ocrx_word' id='word_1_146' title='bbox 1504 1261 1656 1314; x_wconf 87' lang='lat' dir='ltr'><strong>aliquos</strong></span> 
     </span>
     <span class='ocr_line' id='line_1_17' title="bbox 123 1328 1658 1383; baseline -0.001 -14"><span class='ocrx_word' id='word_1_147' title='bbox 123 1328 148 1369; x_wconf 87' lang='lat'>5</span> <span class='ocrx_word' id='word_1_148' title='bbox 171 1336 375 1383; x_wconf 81' lang='lat' dir='ltr'><strong>ceperunt,</strong></span> <span class='ocrx_word' id='word_1_149' title='bbox 401 1329 463 1382; x_wconf 91' lang='lat' dir='ltr'><strong>qui</strong></span> <span class='ocrx_word' id='word_1_150' title='bbox 486 1337 644 1383; x_wconf 89' lang='lat' dir='ltr'><strong>postero</strong></span> <span class='ocrx_word' id='word_1_151' title='bbox 668 1330 729 1370; x_wconf 90' lang='lat' dir='ltr'><strong>die</strong></span> <span class='ocrx_word' id='word_1_152' title='bbox 752 1337 846 1370; x_wconf 90' lang='lat' dir='ltr'><strong>sunt</strong></span> <span class='ocrx_word' id='word_1_153' title='bbox 861 1330 1075 1371; x_wconf 81' lang='lat' dir='ltr'><strong>interfecti.</strong></span> <span class='ocrx_word' id='word_1_154' title='bbox 1101 1329 1330 1383; x_wconf 90' lang='lat' dir='ltr'><strong>Eodemque</strong></span> <span class='ocrx_word' id='word_1_155' title='bbox 1343 1336 1516 1383; x_wconf 89' lang='lat' dir='ltr'><strong>tempore</strong></span> <span class='ocrx_word' id='word_1_156' title='bbox 1531 1336 1658 1369; x_wconf 90' lang='lat' dir='ltr'><strong>trans-</strong></span> 
     </span>
     <span class='ocr_line' id='line_1_18' title="bbox 172 1396 1659 1452; baseline 0 -15"><span class='ocrx_word' id='word_1_157' title='bbox 172 1398 265 1451; x_wconf 87' lang='lat' dir='ltr'><strong>fuga</strong></span> <span class='ocrx_word' id='word_1_158' title='bbox 288 1396 486 1437; x_wconf 85' lang='lat' dir='ltr'><strong>nuntiauit</strong></span> <span class='ocrx_word' id='word_1_159' title='bbox 508 1411 561 1437; x_wconf 84' lang='lat' dir='ltr'><strong>ex</strong></span> <span class='ocrx_word' id='word_1_160' title='bbox 583 1398 723 1452; x_wconf 88' lang='lat' dir='ltr'><strong>oppido</strong></span> <span class='ocrx_word' id='word_1_161' title='bbox 745 1396 922 1448; x_wconf 91' lang='lat' dir='ltr'><strong>Iunium,</strong></span> <span class='ocrx_word' id='word_1_162' title='bbox 959 1398 1022 1452; x_wconf 90' lang='lat' dir='ltr'><strong>qui</strong></span> <span class='ocrx_word' id='word_1_163' title='bbox 1044 1398 1084 1438; x_wconf 90' lang='lat' dir='ltr'><strong>in</strong></span> <span class='ocrx_word' id='word_1_164' title='bbox 1107 1398 1288 1439; x_wconf 86' lang='lat' dir='ltr'><strong>cuniculo</strong></span> <span class='ocrx_word' id='word_1_165' title='bbox 1311 1397 1476 1448; x_wconf 88' lang='lat' dir='ltr'><strong>fuisset,</strong></span> <span class='ocrx_word' id='word_1_166' title='bbox 1508 1397 1659 1450; x_wconf 86' lang='lat' dir='ltr'><strong>iugula-</strong></span> 
     </span>
     <span class='ocr_line' id='line_1_19' title="bbox 171 1465 1659 1519; baseline 0 -15"><span class='ocrx_word' id='word_1_167' title='bbox 171 1465 280 1505; x_wconf 88' lang='lat' dir='ltr'><strong>tione</strong></span> <span class='ocrx_word' id='word_1_168' title='bbox 312 1465 590 1519; x_wconf 85' lang='lat' dir='ltr'><strong>oppidanorum</strong></span> <span class='ocrx_word' id='word_1_169' title='bbox 625 1467 725 1506; x_wconf 86' lang='lat' dir='ltr'><strong>facta</strong></span> <span class='ocrx_word' id='word_1_170' title='bbox 757 1466 946 1507; x_wconf 85' lang='lat' dir='ltr'><strong>clamasse</strong></span> <span class='ocrx_word' id='word_1_171' title='bbox 977 1466 1130 1507; x_wconf 89' lang='lat' dir='ltr'><strong>facinus</strong></span> <span class='ocrx_word' id='word_1_172' title='bbox 1163 1480 1206 1506; x_wconf 91' lang='lat' dir='ltr'><strong>se</strong></span> <span class='ocrx_word' id='word_1_173' title='bbox 1228 1466 1436 1506; x_wconf 87' lang='lat' dir='ltr'><strong>nefandum</strong></span> <span class='ocrx_word' id='word_1_174' title='bbox 1470 1471 1508 1505; x_wconf 81' lang='lat' dir='ltr'><strong>et</strong></span> <span class='ocrx_word' id='word_1_175' title='bbox 1528 1465 1659 1506; x_wconf 88' lang='lat' dir='ltr'><strong>scelus</strong></span> 
     </span>
     <span class='ocr_line' id='line_1_20' title="bbox 124 1531 1660 1589; baseline -0.001 -16"><span class='ocrx_word' id='word_1_176' title='bbox 124 1531 152 1573; x_wconf 87' lang='grc'><strong>6</strong></span> <span class='ocrx_word' id='word_1_177' title='bbox 173 1533 340 1574; x_wconf 86' lang='lat' dir='ltr'><strong>fecisse:</strong></span> <span class='ocrx_word' id='word_1_178' title='bbox 376 1547 463 1573; x_wconf 85' lang='lat' dir='ltr'><strong>nam</strong></span> <span class='ocrx_word' id='word_1_179' title='bbox 488 1546 555 1574; x_wconf 90' lang='lat' dir='ltr'><strong>eos</strong></span> <span class='ocrx_word' id='word_1_180' title='bbox 578 1534 674 1575; x_wconf 91' lang='lat' dir='ltr'><strong>nihil</strong></span> <span class='ocrx_word' id='word_1_181' title='bbox 697 1535 906 1585; x_wconf 89' lang='lat' dir='ltr'><strong>meruisse,</strong></span> <span class='ocrx_word' id='word_1_182' title='bbox 931 1548 1049 1588; x_wconf 85' lang='lat' dir='ltr'><strong>quare</strong></span> <span class='ocrx_word' id='word_1_183' title='bbox 1071 1534 1138 1574; x_wconf 87' lang='lat' dir='ltr'><strong>tali</strong></span> <span class='ocrx_word' id='word_1_184' title='bbox 1160 1548 1285 1589; x_wconf 89' lang='lat' dir='ltr'><strong>poena</strong></span> <span class='ocrx_word' id='word_1_185' title='bbox 1298 1533 1573 1583; x_wconf 87' lang='lat' dir='ltr'><strong>adficerentur,</strong></span> <span class='ocrx_word' id='word_1_186' title='bbox 1597 1532 1660 1586; x_wconf 92' lang='lat' dir='ltr'><strong>qui</strong></span> 
     </span>
     <span class='ocr_line' id='line_1_21' title="bbox 175 1600 1658 1657; baseline -0.001 -15"><span class='ocrx_word' id='word_1_187' title='bbox 175 1615 243 1642; x_wconf 89' lang='lat' dir='ltr'><strong>eos</strong></span> <span class='ocrx_word' id='word_1_188' title='bbox 276 1600 322 1641; x_wconf 87' lang='lat' dir='ltr'><strong>ad</strong></span> <span class='ocrx_word' id='word_1_189' title='bbox 354 1614 444 1641; x_wconf 88' lang='lat' dir='ltr'><strong>aras</strong></span> <span class='ocrx_word' id='word_1_190' title='bbox 477 1608 516 1642; x_wconf 86' lang='lat' dir='ltr'><strong>et</strong></span> <span class='ocrx_word' id='word_1_191' title='bbox 549 1603 656 1643; x_wconf 81' lang='lat' dir='ltr'><strong>socos</strong></span> <span class='ocrx_word' id='word_1_192' title='bbox 679 1616 773 1643; x_wconf 90' lang='lat' dir='ltr'><strong>suos</strong></span> <span class='ocrx_word' id='word_1_193' title='bbox 796 1603 1069 1657; x_wconf 84' lang='lat' dir='ltr'><strong>recepissent,</strong></span> <span class='ocrx_word' id='word_1_194' title='bbox 1105 1615 1250 1656; x_wconf 89' lang='lat' dir='ltr'><strong>eosque</strong></span> <span class='ocrx_word' id='word_1_195' title='bbox 1274 1601 1483 1656; x_wconf 86' lang='lat' dir='ltr'><strong>hospitium</strong></span> <span class='ocrx_word' id='word_1_196' title='bbox 1506 1601 1658 1642; x_wconf 89' lang='lat' dir='ltr'><strong>scelere</strong></span> 
     </span>
     <span class='ocr_line' id='line_1_22' title="bbox 176 1669 1659 1724; baseline -0.001 -14"><span class='ocrx_word' id='word_1_197' title='bbox 176 1670 491 1721; x_wconf 68' lang='lat' dir='ltr'><strong>contaminasse,</strong></span> <span class='ocrx_word' id='word_1_198' title='bbox 526 1671 646 1711; x_wconf 85' lang='lat' dir='ltr'><strong>multa</strong></span> <span class='ocrx_word' id='word_1_199' title='bbox 678 1678 885 1724; x_wconf 86' lang='lat' dir='ltr'><strong>praeterea</strong></span> <span class='ocrx_word' id='word_1_200' title='bbox 919 1671 1094 1722; x_wconf 83' lang='lat' dir='ltr'><strong>dixisse,</strong></span> <span class='ocrx_word' id='word_1_201' title='bbox 1128 1685 1205 1724; x_wconf 90' lang='lat' dir='ltr'><strong>qua</strong></span> <span class='ocrx_word' id='word_1_202' title='bbox 1237 1670 1417 1710; x_wconf 87' lang='lat' dir='ltr'><strong>oratione</strong></span> <span class='ocrx_word' id='word_1_203' title='bbox 1449 1669 1659 1710; x_wconf 88' lang='lat' dir='ltr'><strong>deterritos</strong></span> 
     </span>
     <span class='ocr_line' id='line_1_23' title="bbox 98 1737 1659 1793; baseline -0.004 -11"><span class='ocrx_word' id='word_1_204' title='bbox 98 1737 152 1782; x_wconf 79' lang='grc'><strong>17</strong></span> <span class='ocrx_word' id='word_1_205' title='bbox 174 1738 340 1792; x_wconf 87' lang='lat' dir='ltr'><strong>amplius</strong></span> <span class='ocrx_word' id='word_1_206' title='bbox 362 1738 644 1792; x_wconf 84' lang='lat' dir='ltr'><strong>iugulationem</strong></span> <span class='ocrx_word' id='word_1_207' title='bbox 668 1754 747 1779; x_wconf 90' lang='lat' dir='ltr'><strong>non</strong></span> <span class='ocrx_word' id='word_1_208' title='bbox 769 1739 923 1780; x_wconf 84' lang='lat' dir='ltr'><strong>fecisse.</strong></span> <span class='ocrx_word' id='word_1_209' title='bbox 965 1737 1024 1779; x_wconf 91' lang='lat' dir='ltr'><strong>Ita</strong></span> <span class='ocrx_word' id='word_1_210' title='bbox 1056 1746 1214 1793; x_wconf 89' lang='lat' dir='ltr'><strong>postero</strong></span> <span class='ocrx_word' id='word_1_211' title='bbox 1244 1738 1305 1778; x_wconf 92' lang='lat' dir='ltr'><strong>die</strong></span> <span class='ocrx_word' id='word_1_212' title='bbox 1328 1737 1483 1778; x_wconf 83' lang='lat' dir='ltr'><strong>Tullius</strong></span> <span class='ocrx_word' id='word_1_213' title='bbox 1506 1738 1659 1792; x_wconf 89' lang='lat' dir='ltr'><strong>legatus</strong></span> 
     </span>
     <span class='ocr_line' id='line_1_24' title="bbox 173 1803 1659 1861; baseline -0.002 -15"><span class='ocrx_word' id='word_1_214' title='bbox 173 1820 259 1846; x_wconf 90' lang='lat' dir='ltr'><strong>cum</strong></span> <span class='ocrx_word' id='word_1_215' title='bbox 277 1804 431 1847; x_wconf 87' lang='lat' dir='ltr'><strong>Catone</strong></span> <span class='ocrx_word' id='word_1_216' title='bbox 442 1805 637 1847; x_wconf 90' lang='lat' dir='ltr'><strong>Lusitano</strong></span> <span class='ocrx_word' id='word_1_217' title='bbox 659 1807 767 1847; x_wconf 84' lang='lat' dir='ltr'><strong>uenit</strong></span> <span class='ocrx_word' id='word_1_218' title='bbox 789 1814 828 1848; x_wconf 87' lang='lat' dir='ltr'><strong>et</strong></span> <span class='ocrx_word' id='word_1_219' title='bbox 841 1807 941 1861; x_wconf 88' lang='lat' dir='ltr'><strong>apud</strong></span> <span class='ocrx_word' id='word_1_220' title='bbox 955 1804 1172 1847; x_wconf 86' lang='lat' dir='ltr'><strong>Caesarem</strong></span> <span class='ocrx_word' id='word_1_221' title='bbox 1194 1806 1314 1846; x_wconf 90' lang='lat' dir='ltr'><strong>uerba</strong></span> <span class='ocrx_word' id='word_1_222' title='bbox 1338 1805 1452 1846; x_wconf 89' lang='lat' dir='ltr'><strong>fecit:</strong></span> <span class='ocrx_word' id='word_1_223' title='bbox 1481 1803 1659 1846; x_wconf 79' lang='lat' dir='ltr'><strong>‘Vtinam</strong></span> 
     </span>
     <span class='ocr_line' id='line_1_25' title="bbox 174 1869 1659 1928; baseline -0.002 -14"><span class='ocrx_word' id='word_1_224' title='bbox 174 1874 327 1927; x_wconf 91' lang='lat' dir='ltr'><strong>quidem</strong></span> <span class='ocrx_word' id='word_1_225' title='bbox 360 1874 411 1914; x_wconf 91' lang='lat' dir='ltr'><strong>dii</strong></span> <span class='ocrx_word' id='word_1_226' title='bbox 442 1873 683 1915; x_wconf 86' lang='lat' dir='ltr'><strong>immortales</strong></span> <span class='ocrx_word' id='word_1_227' title='bbox 707 1875 916 1924; x_wconf 79' lang='lat' dir='ltr'><strong>fecissent,</strong></span> <span class='ocrx_word' id='word_1_228' title='bbox 952 1882 994 1914; x_wconf 87' lang='lat' dir='ltr'><strong>ut</strong></span> <span class='ocrx_word' id='word_1_229' title='bbox 1024 1881 1113 1914; x_wconf 88' lang='lat' dir='ltr'><strong>tuus</strong></span> <span class='ocrx_word' id='word_1_230' title='bbox 1144 1874 1274 1928; x_wconf 89' lang='lat' dir='ltr'><strong>potius</strong></span> <span class='ocrx_word' id='word_1_231' title='bbox 1305 1873 1417 1913; x_wconf 92' lang='lat' dir='ltr'><strong>miles</strong></span> <span class='ocrx_word' id='word_1_232' title='bbox 1448 1886 1561 1926; x_wconf 89' lang='lat' dir='ltr'><strong>quam</strong></span> <span class='ocrx_word' id='word_1_233' title='bbox 1584 1869 1659 1912; x_wconf 90' lang='lat' dir='ltr'><strong>Cn.</strong></span> 
     </span>
     <span class='ocr_line' id='line_1_26' title="bbox 175 1939 1662 1995; baseline -0.003 -12"><span class='ocrx_word' id='word_1_234' title='bbox 175 1940 338 1995; x_wconf 91' lang='lat' dir='ltr'><strong>Pompei</strong></span> <span class='ocrx_word' id='word_1_235' title='bbox 362 1943 487 1982; x_wconf 85' lang='lat' dir='ltr'><strong>factus</strong></span> <span class='ocrx_word' id='word_1_236' title='bbox 511 1955 638 1982; x_wconf 89' lang='lat' dir='ltr'><strong>essem</strong></span> <span class='ocrx_word' id='word_1_237' title='bbox 671 1949 709 1983; x_wconf 87' lang='lat' dir='ltr'><strong>et</strong></span> <span class='ocrx_word' id='word_1_238' title='bbox 740 1942 839 1983; x_wconf 84' lang='lat' dir='ltr'><strong>hanc</strong></span> <span class='ocrx_word' id='word_1_239' title='bbox 861 1943 1019 1984; x_wconf 88' lang='lat' dir='ltr'><strong>uirtutis</strong></span> <span class='ocrx_word' id='word_1_240' title='bbox 1042 1942 1304 1983; x_wconf 86' lang='lat' dir='ltr'><strong>constantiam</strong></span> <span class='ocrx_word' id='word_1_241' title='bbox 1326 1941 1366 1981; x_wconf 89' lang='lat' dir='ltr'><strong>in</strong></span> <span class='ocrx_word' id='word_1_242' title='bbox 1389 1948 1457 1981; x_wconf 87' lang='lat' dir='ltr'><strong>tua</strong></span> <span class='ocrx_word' id='word_1_243' title='bbox 1477 1939 1662 1989; x_wconf 88' lang='lat' dir='ltr'><strong>uictoria,</strong></span> 
     </span>
     <span class='ocr_line' id='line_1_27' title="bbox 128 2007 1662 2064; baseline -0.003 -13"><span class='ocrx_word' id='word_1_244' title='bbox 128 2009 156 2051; x_wconf 80' lang='lat'>2</span> <span class='ocrx_word' id='word_1_245' title='bbox 176 2024 254 2051; x_wconf 89' lang='lat' dir='ltr'><strong>non</strong></span> <span class='ocrx_word' id='word_1_246' title='bbox 276 2011 315 2051; x_wconf 88' lang='lat' dir='ltr'><strong>in</strong></span> <span class='ocrx_word' id='word_1_247' title='bbox 338 2010 442 2050; x_wconf 87' lang='lat' dir='ltr'><strong>illius</strong></span> <span class='ocrx_word' id='word_1_248' title='bbox 461 2010 684 2051; x_wconf 82' lang='lat' dir='ltr'><strong>calamitate</strong></span> <span class='ocrx_word' id='word_1_249' title='bbox 701 2017 959 2064; x_wconf 89' lang='lat' dir='ltr'><strong>praestarem.</strong></span> <span class='ocrx_word' id='word_1_250' title='bbox 995 2007 1119 2051; x_wconf 90' lang='lat' dir='ltr'><strong>Cuius</strong></span> <span class='ocrx_word' id='word_1_251' title='bbox 1135 2011 1316 2051; x_wconf 88' lang='lat' dir='ltr'><strong>funestae</strong></span> <span class='ocrx_word' id='word_1_252' title='bbox 1331 2009 1466 2049; x_wconf 88' lang='lat' dir='ltr'><strong>laudes</strong></span> <span class='ocrx_word' id='word_1_253' title='bbox 1480 2007 1662 2061; x_wconf 89' lang='lat' dir='ltr'><strong>quoniam</strong></span> 
     </span>
     <span class='ocr_line' id='line_1_28' title="bbox 178 2077 1662 2130; baseline -0.002 -11"><span class='ocrx_word' id='word_1_254' title='bbox 178 2079 225 2119; x_wconf 88' lang='lat' dir='ltr'><strong>ad</strong></span> <span class='ocrx_word' id='word_1_255' title='bbox 258 2078 358 2118; x_wconf 86' lang='lat' dir='ltr'><strong>hanc</strong></span> <span class='ocrx_word' id='word_1_256' title='bbox 389 2078 585 2119; x_wconf 86' lang='lat' dir='ltr'><strong>fortunam</strong></span> <span class='ocrx_word' id='word_1_257' title='bbox 609 2079 859 2129; x_wconf 85' lang='lat' dir='ltr'><strong>reciderunt,</strong></span> <span class='ocrx_word' id='word_1_258' title='bbox 895 2086 937 2119; x_wconf 85' lang='lat' dir='ltr'><strong>ut</strong></span> <span class='ocrx_word' id='word_1_259' title='bbox 967 2079 1074 2120; x_wconf 87' lang='lat' dir='ltr'><strong>ciues</strong></span> <span class='ocrx_word' id='word_1_260' title='bbox 1096 2078 1266 2119; x_wconf 90' lang='lat' dir='ltr'><strong>Romani</strong></span> <span class='ocrx_word' id='word_1_261' title='bbox 1299 2077 1520 2130; x_wconf 86' lang='lat' dir='ltr'><strong>indigentes</strong></span> <span class='ocrx_word' id='word_1_262' title='bbox 1550 2089 1662 2130; x_wconf 89' lang='lat' dir='ltr'><strong>prae-</strong></span> 
     </span>
     <span class='ocr_line' id='line_1_29' title="bbox 177 2143 1662 2201; baseline -0.003 -14"><span class='ocrx_word' id='word_1_263' title='bbox 177 2146 267 2187; x_wconf 92' lang='lat' dir='ltr'><strong>sidii</strong></span> <span class='ocrx_word' id='word_1_264' title='bbox 293 2176 487 2186; x_wconf 89' lang='grc'><strong>......</strong></span> <span class='ocrx_word' id='word_1_265' title='bbox 514 2153 553 2186; x_wconf 91' lang='lat' dir='ltr'><strong>et</strong></span> <span class='ocrx_word' id='word_1_266' title='bbox 574 2153 735 2200; x_wconf 88' lang='lat' dir='ltr'><strong>propter</strong></span> <span class='ocrx_word' id='word_1_267' title='bbox 750 2147 901 2201; x_wconf 83' lang='lat' dir='ltr'><strong>patriae</strong></span> <span class='ocrx_word' id='word_1_268' title='bbox 921 2147 1139 2187; x_wconf 82' lang='lat' dir='ltr'><strong>luctuosam</strong></span> <span class='ocrx_word' id='word_1_269' title='bbox 1161 2145 1373 2201; x_wconf 85' lang='lat' dir='ltr'><strong>perniciem</strong></span> <span class='ocrx_word' id='word_1_270' title='bbox 1396 2144 1573 2184; x_wconf 88' lang='lat' dir='ltr'><strong>dedimur</strong></span> <span class='ocrx_word' id='word_1_271' title='bbox 1594 2143 1662 2182; x_wconf 86' lang='lat' dir='ltr'><strong>ho-</strong></span> 
     </span>
     <span class='ocr_line' id='line_1_30' title="bbox 179 2213 1659 2270; baseline -0.003 -15"><span class='ocrx_word' id='word_1_272' title='bbox 179 2214 293 2255; x_wconf 90' lang='lat' dir='ltr'><strong>stium</strong></span> <span class='ocrx_word' id='word_1_273' title='bbox 318 2227 496 2264; x_wconf 89' lang='lat' dir='ltr'><strong>numero,</strong></span> <span class='ocrx_word' id='word_1_274' title='bbox 521 2214 587 2270; x_wconf 91' lang='lat' dir='ltr'><strong>qui</strong></span> <span class='ocrx_word' id='word_1_275' title='bbox 609 2228 735 2267; x_wconf 84' lang='lat' dir='ltr'><strong>neque</strong></span> <span class='ocrx_word' id='word_1_276' title='bbox 756 2215 797 2256; x_wconf 92' lang='lat' dir='ltr'><strong>in</strong></span> <span class='ocrx_word' id='word_1_277' title='bbox 818 2215 922 2256; x_wconf 90' lang='lat' dir='ltr'><strong>illius</strong></span> <span class='ocrx_word' id='word_1_278' title='bbox 944 2229 1131 2270; x_wconf 90' lang='lat' dir='ltr'><strong>prospera</strong></span> <span class='ocrx_word' id='word_1_279' title='bbox 1153 2214 1236 2254; x_wconf 86' lang='lat' dir='ltr'><strong>acie</strong></span> <span class='ocrx_word' id='word_1_280' title='bbox 1257 2213 1421 2268; x_wconf 88' lang='lat' dir='ltr'><strong>primam</strong></span> <span class='ocrx_word' id='word_1_281' title='bbox 1444 2213 1659 2261; x_wconf 88' lang='lat' dir='ltr'><strong>fortunam,</strong></span> 
     </span>
    </p>
   </div>
   <div class='ocr_carea' id='block_1_3' title="bbox 133 2278 1666 2892">
    <p class='ocr_par' dir='ltr' id='par_1_5' title="bbox 133 2278 1666 2892">
     <span class='ocr_line' id='line_1_31' title="bbox 133 2278 1664 2337; baseline -0.003 -15"><span class='ocrx_word' id='word_1_282' title='bbox 133 2282 158 2323; x_wconf 86' lang='lat'>3</span> <span class='ocrx_word' id='word_1_283' title='bbox 182 2296 307 2335; x_wconf 87' lang='lat' dir='ltr'><strong>neque</strong></span> <span class='ocrx_word' id='word_1_284' title='bbox 328 2282 368 2322; x_wconf 91' lang='lat' dir='ltr'><strong>in</strong></span> <span class='ocrx_word' id='word_1_285' title='bbox 390 2282 560 2323; x_wconf 88' lang='lat' dir='ltr'><strong>aduersa</strong></span> <span class='ocrx_word' id='word_1_286' title='bbox 582 2283 793 2324; x_wconf 85' lang='lat' dir='ltr'><strong>secundam</strong></span> <span class='ocrx_word' id='word_1_287' title='bbox 810 2283 1047 2325; x_wconf 91' lang='lat' dir='ltr'><strong>obtinuimus</strong></span> <span class='ocrx_word' id='word_1_288' title='bbox 1071 2281 1332 2337; x_wconf 88' lang='lat' dir='ltr'><strong>[uictoriam].</strong></span> <span class='ocrx_word' id='word_1_289' title='bbox 1368 2278 1446 2333; x_wconf 77' lang='lat' dir='ltr'><strong>Qui</strong></span> <span class='ocrx_word' id='word_1_290' title='bbox 1467 2279 1664 2332; x_wconf 86' lang='lat' dir='ltr'><strong>legionum</strong></span> 
     </span>
     <span class='ocr_line' id='line_1_32' title="bbox 322 2382 1661 2429; baseline -0.004 -11"><span class='ocrx_word' id='word_1_291' title='bbox 322 2386 337 2418; x_wconf 90' lang='lat'>1</span> <span class='ocrx_word' id='word_1_292' title='bbox 360 2396 529 2429; x_wconf 87' lang='lat' dir='ltr'><strong>nunquam</strong></span> <span class='ocrx_word' id='word_1_293' title='bbox 549 2386 614 2428; x_wconf 84' lang='lat' dir='ltr'><strong>(a).</strong></span> <span class='ocrx_word' id='word_1_294' title='bbox 771 2388 791 2421; x_wconf 93' lang='grc'>2</span> <span class='ocrx_word' id='word_1_295' title='bbox 810 2388 851 2419; x_wconf 86' lang='lat' dir='ltr'><strong>ad</strong></span> <span class='ocrx_word' id='word_1_296' title='bbox 870 2388 1009 2420; x_wconf 72' lang='lat' dir='ltr'><strong>deleuit</strong></span> <span class='ocrx_word' id='word_1_297' title='bbox 1028 2386 1212 2420; x_wconf 62' lang='lat' dir='ltr'><strong>clar-hius.</strong></span> <span class='ocrx_word' id='word_1_298' title='bbox 1366 2385 1387 2417; x_wconf 87' lang='grc'>4</span> <span class='ocrx_word' id='word_1_299' title='bbox 1404 2382 1566 2425; x_wconf 88' lang='lat' dir='ltr'><strong>temporis</strong></span> <span class='ocrx_word' id='word_1_300' title='bbox 1584 2392 1661 2423; x_wconf 78' lang='lat' dir='ltr'><strong>ego,</strong></span> 
     </span>
     <span class='ocr_line' id='line_1_33' title="bbox 180 2435 1665 2479; baseline -0.003 -10"><span class='ocrx_word' id='word_1_301' title='bbox 180 2438 264 2469; x_wconf 86' lang='lat' dir='ltr'><strong>muri</strong></span> <span class='ocrx_word' id='word_1_302' title='bbox 285 2438 384 2470; x_wconf 75' lang='lat' dir='ltr'><strong>codd.</strong></span> <span class='ocrx_word' id='word_1_303' title='bbox 406 2438 445 2469; x_wconf 88' lang='lat' dir='ltr'><strong>P.</strong></span> <span class='ocrx_word' id='word_1_304' title='bbox 462 2438 541 2473; x_wconf 81' lang='grc'>236.</span> <span class='ocrx_word' id='word_1_305' title='bbox 683 2439 700 2471; x_wconf 85' lang='grc'><strong>6</strong></span> <span class='ocrx_word' id='word_1_306' title='bbox 713 2444 788 2471; x_wconf 86' lang='lat' dir='ltr'><strong>erat</strong></span> <span class='ocrx_word' id='word_1_307' title='bbox 807 2440 838 2471; x_wconf 88' lang='lat' dir='ltr'><strong>b.</strong></span> <span class='ocrx_word' id='word_1_308' title='bbox 979 2440 998 2472; x_wconf 92' lang='lat'><strong>7</strong></span> <span class='ocrx_word' id='word_1_309' title='bbox 1011 2439 1161 2479; x_wconf 76' lang='lat' dir='ltr'><strong>uirgulta</strong></span> <span class='ocrx_word' id='word_1_310' title='bbox 1179 2442 1290 2470; x_wconf 87' lang='lat' dir='ltr'><strong>crates</strong></span> <span class='ocrx_word' id='word_1_311' title='bbox 1309 2447 1395 2478; x_wconf 52' lang='grc' dir='ltr'><strong>οἷος</strong></span> <span class='ocrx_word' id='word_1_312' title='bbox 1414 2435 1562 2467; x_wconf 85' lang='lat' dir='ltr'><strong>cultates</strong></span> <span class='ocrx_word' id='word_1_313' title='bbox 1582 2436 1665 2465; x_wconf 75' lang='lat' dir='ltr'><strong>ante</strong></span> 
     </span>
     <span class='ocr_line' id='line_1_34' title="bbox 179 2485 1662 2533; baseline -0.002 -13"><span class='ocrx_word' id='word_1_314' title='bbox 179 2499 273 2521; x_wconf 77' lang='lat' dir='ltr'><strong>corr.</strong></span> <span class='ocrx_word' id='word_1_315' title='bbox 293 2500 325 2529; x_wconf 84' lang='lat' dir='ltr'><strong>a,</strong></span> <span class='ocrx_word' id='word_1_316' title='bbox 348 2490 495 2522; x_wconf 85' lang='lat' dir='ltr'><strong>eultatas</strong></span> <span class='ocrx_word' id='word_1_317' title='bbox 517 2492 534 2522; x_wconf 89' lang='lat' dir='ltr'><strong><em>b</em></strong></span> <span class='ocrx_word' id='word_1_318' title='bbox 554 2492 658 2533; x_wconf 74' lang='lat' dir='ltr'><strong>eset</strong></span> <span class='ocrx_word' id='word_1_319' title='bbox 675 2501 767 2523; x_wconf 79' lang='lat' dir='ltr'><strong>corr.</strong></span> <span class='ocrx_word' id='word_1_320' title='bbox 789 2501 831 2532; x_wconf 68' lang='grc' dir='ltr'><strong>ας</strong></span> <span class='ocrx_word' id='word_1_321' title='bbox 859 2492 1011 2524; x_wconf 85' lang='lat' dir='ltr'><strong>calcatas</strong></span> <span class='ocrx_word' id='word_1_322' title='bbox 1030 2502 1065 2524; x_wconf 65' lang='grc' dir='ltr'><strong>τι.</strong></span> <span class='ocrx_word' id='word_1_323' title='bbox 1087 2490 1170 2523; x_wconf 82' lang='lat' dir='ltr'><strong>Vz&#39;d.</strong></span> <span class='ocrx_word' id='word_1_324' title='bbox 1192 2491 1224 2522; x_wconf 91' lang='lat' dir='ltr'><strong>b.</strong></span> <span class='ocrx_word' id='word_1_325' title='bbox 1247 2489 1341 2522; x_wconf 86' lang='lat' dir='ltr'><strong>Gall.</strong></span> <span class='ocrx_word' id='word_1_326' title='bbox 1360 2489 1422 2529; x_wconf 87' lang='lat' dir='ltr'><strong>III,</strong></span> <span class='ocrx_word' id='word_1_327' title='bbox 1448 2488 1498 2527; x_wconf 85' lang='grc'><strong>18,</strong></span> <span class='ocrx_word' id='word_1_328' title='bbox 1520 2487 1552 2519; x_wconf 80' lang='grc'><strong>8.</strong></span> <span class='ocrx_word' id='word_1_329' title='bbox 1578 2485 1662 2517; x_wconf 81' lang='lat' dir='ltr'><strong>Tac.</strong></span> 
     </span>
     <span class='ocr_line' id='line_1_35' title="bbox 179 2538 1663 2583; baseline -0.001 -12"><span class='ocrx_word' id='word_1_330' title='bbox 179 2551 262 2572; x_wconf 81' lang='lat' dir='ltr'><strong>ann.</strong></span> <span class='ocrx_word' id='word_1_331' title='bbox 274 2539 334 2580; x_wconf 86' lang='lat' dir='ltr'><strong>IV,</strong></span> <span class='ocrx_word' id='word_1_332' title='bbox 350 2541 404 2572; x_wconf 82' lang='lat'><strong>51.</strong></span> <span class='ocrx_word' id='word_1_333' title='bbox 546 2542 566 2573; x_wconf 84' lang='lat'>8</span> <span class='ocrx_word' id='word_1_334' title='bbox 579 2543 802 2574; x_wconf 85' lang='lat' dir='ltr'><strong>stramentiae</strong></span> <span class='ocrx_word' id='word_1_335' title='bbox 817 2553 849 2583; x_wconf 85' lang='lat' dir='ltr'><strong>a,</strong></span> <span class='ocrx_word' id='word_1_336' title='bbox 866 2542 1063 2574; x_wconf 87' lang='lat' dir='ltr'><strong>stramentis</strong></span> <span class='ocrx_word' id='word_1_337' title='bbox 1081 2543 1112 2581; x_wconf 82' lang='lat' dir='ltr'><strong>b,</strong></span> <span class='ocrx_word' id='word_1_338' title='bbox 1125 2540 1287 2574; x_wconf 82' lang='lat' dir='ltr'><strong>stramine</strong></span> <span class='ocrx_word' id='word_1_339' title='bbox 1305 2550 1333 2571; x_wconf 84' lang='lat' dir='ltr'><strong>c.</strong></span> <span class='ocrx_word' id='word_1_340' title='bbox 1475 2539 1516 2570; x_wconf 84' lang='lat' dir='ltr'><strong>ad</strong></span> <span class='ocrx_word' id='word_1_341' title='bbox 1536 2538 1663 2570; x_wconf 86' lang='lat' dir='ltr'><strong>nostris</strong></span> 
     </span>
     <span class='ocr_line' id='line_1_36' title="bbox 171 2589 1666 2633; baseline -0.001 -11"><span class='ocrx_word' id='word_1_342' title='bbox 171 2592 210 2633; x_wconf 80' lang='lat' dir='ltr'><strong>f.</strong></span> <span class='ocrx_word' id='word_1_343' title='bbox 364 2590 403 2622; x_wconf 88' lang='lat'><strong>10</strong></span> <span class='ocrx_word' id='word_1_344' title='bbox 421 2591 628 2623; x_wconf 83' lang='lat' dir='ltr'><strong>uestimenta</strong></span> <span class='ocrx_word' id='word_1_345' title='bbox 647 2603 667 2624; x_wconf 91' lang='lat' dir='ltr'><strong>a</strong></span> <span class='ocrx_word' id='word_1_346' title='bbox 689 2593 720 2632; x_wconf 89' lang='lat' dir='ltr'><strong>b,</strong></span> <span class='ocrx_word' id='word_1_347' title='bbox 741 2598 775 2624; x_wconf 86' lang='lat' dir='ltr'><strong>et</strong></span> <span class='ocrx_word' id='word_1_348' title='bbox 793 2593 997 2625; x_wconf 83' lang='lat' dir='ltr'><strong>uestimenta</strong></span> <span class='ocrx_word' id='word_1_349' title='bbox 1015 2604 1050 2625; x_wconf 84' lang='lat' dir='ltr'><strong>u.</strong></span> <span class='ocrx_word' id='word_1_350' title='bbox 1192 2592 1388 2623; x_wconf 87' lang='lat' dir='ltr'><strong>detinentur</strong></span> <span class='ocrx_word' id='word_1_351' title='bbox 1407 2600 1427 2621; x_wconf 92' lang='lat' dir='ltr'><strong>a</strong></span> <span class='ocrx_word' id='word_1_352' title='bbox 1444 2590 1465 2622; x_wconf 98' lang='grc'>2</span> <span class='ocrx_word' id='word_1_353' title='bbox 1483 2589 1586 2629; x_wconf 69' lang='lat' dir='ltr'><strong>dett„</strong></span> <span class='ocrx_word' id='word_1_354' title='bbox 1608 2589 1666 2620; x_wconf 93' lang='lat' dir='ltr'><strong>de-</strong></span> 
     </span>
     <span class='ocr_line' id='line_1_37' title="bbox 180 2639 1662 2684; baseline -0.001 -11"><span class='ocrx_word' id='word_1_355' title='bbox 180 2642 375 2673; x_wconf 87' lang='lat' dir='ltr'><strong>tinerentur</strong></span> <span class='ocrx_word' id='word_1_356' title='bbox 393 2651 428 2672; x_wconf 83' lang='lat' dir='ltr'><strong>u.</strong></span> <span class='ocrx_word' id='word_1_357' title='bbox 574 2643 613 2675; x_wconf 89' lang='grc'><strong>12</strong></span> <span class='ocrx_word' id='word_1_358' title='bbox 632 2647 755 2674; x_wconf 86' lang='lat' dir='ltr'><strong>conatu</strong></span> <span class='ocrx_word' id='word_1_359' title='bbox 774 2653 795 2675; x_wconf 87' lang='lat' dir='ltr'><strong>a</strong></span> <span class='ocrx_word' id='word_1_360' title='bbox 814 2654 843 2674; x_wconf 81' lang='lat' dir='ltr'><strong>c.</strong></span> <span class='ocrx_word' id='word_1_361' title='bbox 985 2641 1135 2684; x_wconf 82' lang='lat' dir='ltr'><strong>131ieet]</strong></span> <span class='ocrx_word' id='word_1_362' title='bbox 1155 2647 1189 2674; x_wconf 85' lang='lat' dir='ltr'><strong>et</strong></span> <span class='ocrx_word' id='word_1_363' title='bbox 1206 2652 1227 2673; x_wconf 95' lang='lat' dir='ltr'><strong>a</strong></span> <span class='ocrx_word' id='word_1_364' title='bbox 1245 2642 1262 2673; x_wconf 86' lang='lat' dir='ltr'><strong><em>b</em></strong></span> <span class='ocrx_word' id='word_1_365' title='bbox 1282 2652 1310 2673; x_wconf 82' lang='lat' dir='ltr'><strong>e.</strong></span> <span class='ocrx_word' id='word_1_366' title='bbox 1454 2639 1662 2673; x_wconf 78' lang='lat' dir='ltr'><strong>14adt&#39;ect0s</strong></span> 
     </span>
     <span class='ocr_line' id='line_1_38' title="bbox 181 2690 1665 2736; baseline -0.001 -12"><span class='ocrx_word' id='word_1_367' title='bbox 181 2704 213 2724; x_wconf 88' lang='grc' dir='ltr'><strong>α.</strong></span> <span class='ocrx_word' id='word_1_368' title='bbox 358 2691 397 2723; x_wconf 87' lang='grc'><strong>15</strong></span> <span class='ocrx_word' id='word_1_369' title='bbox 411 2691 570 2734; x_wconf 85' lang='lat' dir='ltr'><strong>praedam</strong></span> <span class='ocrx_word' id='word_1_370' title='bbox 590 2702 750 2735; x_wconf 85' lang='lat' dir='ltr'><strong>armaque</strong></span> <span class='ocrx_word' id='word_1_371' title='bbox 769 2703 789 2724; x_wconf 85' lang='lat' dir='ltr'><strong>a</strong></span> <span class='ocrx_word' id='word_1_372' title='bbox 810 2694 838 2733; x_wconf 83' lang='lat' dir='ltr'><strong>b,</strong></span> <span class='ocrx_word' id='word_1_373' title='bbox 861 2694 1055 2736; x_wconf 83' lang='lat' dir='ltr'><strong>praedaque</strong></span> <span class='ocrx_word' id='word_1_374' title='bbox 1074 2698 1110 2725; x_wconf 87' lang='lat' dir='ltr'><strong>et</strong></span> <span class='ocrx_word' id='word_1_375' title='bbox 1126 2692 1229 2724; x_wconf 88' lang='lat' dir='ltr'><strong>armis</strong></span> <span class='ocrx_word' id='word_1_376' title='bbox 1247 2703 1280 2724; x_wconf 81' lang='lat' dir='ltr'><strong>u.</strong></span> <span class='ocrx_word' id='word_1_377' title='bbox 1423 2691 1464 2724; x_wconf 80' lang='lat'><strong>19</strong></span> <span class='ocrx_word' id='word_1_378' title='bbox 1477 2690 1665 2723; x_wconf 78' lang='lat' dir='ltr'><strong>adficeren-</strong></span> 
     </span>
     <span class='ocr_line' id='line_1_39' title="bbox 180 2743 1518 2785; baseline -0.001 -9"><span class='ocrx_word' id='word_1_379' title='bbox 180 2750 237 2776; x_wconf 83' lang='lat' dir='ltr'><strong>tur</strong></span> <span class='ocrx_word' id='word_1_380' title='bbox 254 2754 289 2776; x_wconf 86' lang='lat' dir='ltr'><strong>a.</strong></span> <span class='ocrx_word' id='word_1_381' title='bbox 489 2743 528 2776; x_wconf 79' lang='lat'><strong>21</strong></span> <span class='ocrx_word' id='word_1_382' title='bbox 552 2743 739 2776; x_wconf 85' lang='lat' dir='ltr'><strong>deterritus</strong></span> <span class='ocrx_word' id='word_1_383' title='bbox 759 2745 790 2777; x_wconf 84' lang='lat' dir='ltr'><strong>b.</strong></span> <span class='ocrx_word' id='word_1_384' title='bbox 984 2745 1027 2780; x_wconf 87' lang='grc'><strong>22</strong></span> <span class='ocrx_word' id='word_1_385' title='bbox 1044 2745 1097 2777; x_wconf 85' lang='lat' dir='ltr'><strong>De</strong></span> <span class='ocrx_word' id='word_1_386' title='bbox 1116 2755 1145 2776; x_wconf 82' lang='lat' dir='ltr'><strong>c.</strong></span> <span class='ocrx_word' id='word_1_387' title='bbox 1169 2744 1208 2777; x_wconf 87' lang='lat'><strong>17</strong></span> <span class='ocrx_word' id='word_1_388' title='bbox 1226 2743 1301 2776; x_wconf 79' lang='lat' dir='ltr'><strong>uid.</strong></span> <span class='ocrx_word' id='word_1_389' title='bbox 1321 2744 1360 2776; x_wconf 87' lang='lat' dir='ltr'><strong>P.</strong></span> <span class='ocrx_word' id='word_1_390' title='bbox 1382 2743 1447 2776; x_wconf 76' lang='lat'>‘236</span> <span class='ocrx_word' id='word_1_391' title='bbox 1464 2754 1518 2785; x_wconf 80' lang='lat' dir='ltr'><strong>sq.</strong></span> 
     </span>
     <span class='ocr_line' id='line_1_40' title="bbox 178 2795 1666 2840; baseline -0.003 -9"><span class='ocrx_word' id='word_1_392' title='bbox 178 2797 222 2831; x_wconf 79' lang='lat'><strong>25</strong></span> <span class='ocrx_word' id='word_1_393' title='bbox 240 2796 376 2838; x_wconf 86' lang='lat' dir='ltr'><strong>Pompei</strong></span> <span class='ocrx_word' id='word_1_394' title='bbox 394 2806 426 2827; x_wconf 87' lang='lat' dir='ltr'><strong>a.</strong></span> <span class='ocrx_word' id='word_1_395' title='bbox 592 2796 634 2829; x_wconf 83' lang='lat'><strong>26</strong></span> <span class='ocrx_word' id='word_1_396' title='bbox 654 2797 810 2839; x_wconf 88' lang='lat' dir='ltr'><strong>quoniam</strong></span> <span class='ocrx_word' id='word_1_397' title='bbox 829 2797 944 2838; x_wconf 63' lang='lat' dir='ltr'><strong>codd„</strong></span> <span class='ocrx_word' id='word_1_398' title='bbox 965 2798 1088 2840; x_wconf 87' lang='lat' dir='ltr'><strong>quippe</strong></span> <span class='ocrx_word' id='word_1_399' title='bbox 1105 2797 1220 2829; x_wconf 75' lang='lat' dir='ltr'><strong>Aldus</strong></span> <span class='ocrx_word' id='word_1_400' title='bbox 1237 2807 1273 2829; x_wconf 85' lang='lat' dir='ltr'><strong>u.</strong></span> <span class='ocrx_word' id='word_1_401' title='bbox 1437 2796 1480 2828; x_wconf 87' lang='grc'><strong>28</strong></span> <span class='ocrx_word' id='word_1_402' title='bbox 1499 2795 1666 2827; x_wconf 79' lang='lat' dir='ltr'><strong>lacunam</strong></span> 
     </span>
     <span class='ocr_line' id='line_1_41' title="bbox 183 2848 1665 2892; baseline -0.001 -12"><span class='ocrx_word' id='word_1_403' title='bbox 183 2859 246 2891; x_wconf 79' lang='lat' dir='ltr'><strong>ego</strong></span> <span class='ocrx_word' id='word_1_404' title='bbox 265 2850 402 2880; x_wconf 73' lang='lat' dir='ltr'><strong>notaui.</strong></span> <span class='ocrx_word' id='word_1_405' title='bbox 592 2848 747 2881; x_wconf 88' lang='lat' dir='ltr'><strong>dedimur</strong></span> <span class='ocrx_word' id='word_1_406' title='bbox 764 2860 784 2881; x_wconf 89' lang='lat' dir='ltr'><strong>a</strong></span> <span class='ocrx_word' id='word_1_407' title='bbox 806 2850 823 2881; x_wconf 83' lang='lat' dir='ltr'><strong><em>b</em></strong></span> <span class='ocrx_word' id='word_1_408' title='bbox 842 2861 869 2890; x_wconf 85' lang='lat' dir='ltr'><strong>c,</strong></span> <span class='ocrx_word' id='word_1_409' title='bbox 893 2850 1056 2882; x_wconf 85' lang='lat' dir='ltr'><strong>dedamur</strong></span> <span class='ocrx_word' id='word_1_410' title='bbox 1072 2850 1277 2892; x_wconf 76' lang='lat' dir='ltr'><strong>Stephanus</strong></span> <span class='ocrx_word' id='word_1_411' title='bbox 1295 2860 1327 2881; x_wconf 75' lang='lat' dir='ltr'><strong>u.</strong></span> <span class='ocrx_word' id='word_1_412' title='bbox 1498 2848 1540 2881; x_wconf 84' lang='lat'><strong>30</strong></span> <span class='ocrx_word' id='word_1_413' title='bbox 1557 2848 1665 2881; x_wconf 88' lang='lat' dir='ltr'><strong>uicto-</strong></span> 
     </span>
    </p>
   </div>
   <div class='ocr_carea' id='block_1_4' title="bbox 183 2901 506 2943">
    <p class='ocr_par' dir='ltr' id='par_1_6' title="bbox 183 2901 506 2943">
     <span class='ocr_line' id='line_1_42' title="bbox 183 2901 506 2943; baseline 0 -10"><span class='ocrx_word' id='word_1_414' title='bbox 183 2902 265 2933; x_wconf 80' lang='lat' dir='ltr'><strong>riam</strong></span> <span class='ocrx_word' id='word_1_415' title='bbox 285 2911 348 2943; x_wconf 79' lang='lat' dir='ltr'><strong>ego</strong></span> <span class='ocrx_word' id='word_1_416' title='bbox 366 2901 506 2933; x_wconf 77' lang='lat' dir='ltr'><strong>seclusi.</strong></span> 
     </span>
    </p>
   </div>
   <div class='ocr_carea' id='block_1_5' title="bbox 1685 929 1726 962">
    <p class='ocr_par' dir='ltr' id='par_1_7' title="bbox 1685 929 1726 962">
     <span class='ocr_line' id='line_1_43' title="bbox 1685 929 1726 962; baseline -0.024 0"><span class='ocrx_word' id='word_1_417' title='bbox 1685 929 1726 962; x_wconf 88' lang='lat'><strong>10</strong></span> 
     </span>
    </p>
   </div>
   <div class='ocr_carea' id='block_1_6' title="bbox 1690 1268 1730 1300">
    <p class='ocr_par' dir='ltr' id='par_1_8' title="bbox 1690 1268 1730 1300">
     <span class='ocr_line' id='line_1_44' title="bbox 1690 1268 1730 1300; baseline 0 0"><span class='ocrx_word' id='word_1_418' title='bbox 1690 1268 1730 1300; x_wconf 86' lang='lat'><strong>15</strong></span> 
     </span>
    </p>
   </div>
   <div class='ocr_carea' id='block_1_7' title="bbox 1688 1606 1731 1641">
    <p class='ocr_par' dir='ltr' id='par_1_9' title="bbox 1688 1606 1731 1641">
     <span class='ocr_line' id='line_1_45' title="bbox 1688 1606 1731 1641; baseline -0.047 0"><span class='ocrx_word' id='word_1_419' title='bbox 1688 1606 1731 1641; x_wconf 81' lang='lat'><strong>20</strong></span> 
     </span>
    </p>
   </div>
   <div class='ocr_carea' id='block_1_8' title="bbox 1694 1945 1737 1979">
    <p class='ocr_par' dir='ltr' id='par_1_10' title="bbox 1694 1945 1737 1979">
     <span class='ocr_line' id='line_1_46' title="bbox 1694 1945 1737 1979; baseline -0.023 0"><span class='ocrx_word' id='word_1_420' title='bbox 1694 1945 1737 1979; x_wconf 78' lang='lat'><strong>25</strong></span> 
     </span>
    </p>
   </div>
   <div class='ocr_carea' id='block_1_9' title="bbox 1696 2285 1738 2318">
    <p class='ocr_par' dir='ltr' id='par_1_11' title="bbox 1696 2285 1738 2318">
     <span class='ocr_line' id='line_1_47' title="bbox 1696 2285 1738 2318; baseline 0 0"><span class='ocrx_word' id='word_1_421' title='bbox 1696 2285 1738 2318; x_wconf 85' lang='lat'><strong>30</strong></span> 
     </span>
    </p>
   </div>
  </div>
 </body>
</html>
