<?xml version="1.0" encoding="UTF-8"?>
<!DOCTYPE html PUBLIC "-//W3C//DTD XHTML 1.0 Transitional//EN"
    "http://www.w3.org/TR/xhtml1/DTD/xhtml1-transitional.dtd">
<html xmlns="http://www.w3.org/1999/xhtml" xml:lang="en" lang="en">
 <head>
  <title>
</title>
<meta http-equiv="Content-Type" content="text/html;charset=utf-8" />
  <meta name='ocr-system' content='tesseract 3.04.00' />
  <meta name='ocr-capabilities' content='ocr_page ocr_carea ocr_par ocr_line ocrx_word'/>
</head>
<body>
  <div class='ocr_page' id='page_1' title='image "./commentarii00caesuoft_0696.png"; bbox 0 0 1835 3240; ppageno 0'>
   <div class='ocr_carea' id='block_1_1' title="bbox 109 187 1151 233">
    <p class='ocr_par' dir='ltr' id='par_1_1' title="bbox 109 187 1151 233">
     <span class='ocr_line' id='line_1_1' title="bbox 109 187 1151 233; baseline -0.002 -1"><span class='ocrx_word' id='word_1_1' title='bbox 109 190 192 233; x_wconf 80' lang='lat'><strong>686</strong></span> <span class='ocrx_word' id='word_1_2' title='bbox 698 189 872 232; x_wconf 92' lang='lat' dir='ltr'>BELLI</span> <span class='ocrx_word' id='word_1_3' title='bbox 902 187 1151 231; x_wconf 85' lang='lat' dir='ltr'><strong>AFRICAE</strong></span> 
     </span>
    </p>
   </div>
   <div class='ocr_carea' id='block_1_2' title="bbox 108 301 1746 2384">
    <p class='ocr_par' dir='ltr' id='par_1_2' title="bbox 108 301 1715 625">
     <span class='ocr_line' id='line_1_2' title="bbox 140 301 1670 356; baseline 0.001 -13"><span class='ocrx_word' id='word_1_4' title='bbox 140 302 164 343; x_wconf 89' lang='lat'>5</span> <span class='ocrx_word' id='word_1_5' title='bbox 186 309 302 355; x_wconf 87' lang='lat' dir='ltr'><strong>atque</strong></span> <span class='ocrx_word' id='word_1_6' title='bbox 333 302 412 342; x_wconf 90' lang='lat' dir='ltr'><strong>suis</strong></span> <span class='ocrx_word' id='word_1_7' title='bbox 445 303 683 356; x_wconf 77' lang='lat' dir='ltr'>fugientibus</span> <span class='ocrx_word' id='word_1_8' title='bbox 710 302 910 355; x_wconf 76' lang='lat' dir='ltr'>suppetias</span> <span class='ocrx_word' id='word_1_9' title='bbox 932 302 993 342; x_wconf 86' lang='lat' dir='ltr'><strong>ire</strong></span> <span class='ocrx_word' id='word_1_10' title='bbox 1015 303 1232 342; x_wconf 83' lang='lat' dir='ltr'><strong>contendit.</strong></span> <span class='ocrx_word' id='word_1_11' title='bbox 1296 301 1411 355; x_wconf 78' lang='lat' dir='ltr'><strong>Quod</strong></span> <span class='ocrx_word' id='word_1_12' title='bbox 1434 303 1496 344; x_wconf 92' lang='lat' dir='ltr'><strong>ubi</strong></span> <span class='ocrx_word' id='word_1_13' title='bbox 1519 301 1670 344; x_wconf 86' lang='lat' dir='ltr'><strong>Caesar</strong></span> 
     </span>
     <span class='ocr_line' id='line_1_3' title="bbox 186 368 1671 424; baseline 0.001 -15"><span class='ocrx_word' id='word_1_14' title='bbox 186 369 409 423; x_wconf 80' lang='lat' dir='ltr'>conspexit,</span> <span class='ocrx_word' id='word_1_15' title='bbox 442 368 656 410; x_wconf 79' lang='lat' dir='ltr'>Labienum</span> <span class='ocrx_word' id='word_1_16' title='bbox 680 369 726 409; x_wconf 86' lang='lat' dir='ltr'><strong>ab</strong></span> <span class='ocrx_word' id='word_1_17' title='bbox 749 369 831 409; x_wconf 88' lang='lat' dir='ltr'><strong>suis</strong></span> <span class='ocrx_word' id='word_1_18' title='bbox 854 369 976 423; x_wconf 89' lang='lat' dir='ltr'><strong>copiis</strong></span> <span class='ocrx_word' id='word_1_19' title='bbox 998 369 1153 422; x_wconf 85' lang='lat' dir='ltr'><strong>longius</strong></span> <span class='ocrx_word' id='word_1_20' title='bbox 1175 370 1250 409; x_wconf 85' lang='lat' dir='ltr'><strong>iam</strong></span> <span class='ocrx_word' id='word_1_21' title='bbox 1273 370 1530 420; x_wconf 81' lang='lat' dir='ltr'><strong>abscessisse,</strong></span> <span class='ocrx_word' id='word_1_22' title='bbox 1564 371 1671 424; x_wconf 87' lang='lat' dir='ltr'><strong>equi-</strong></span> 
     </span>
     <span class='ocr_line' id='line_1_4' title="bbox 108 436 1671 482; baseline 0.001 -5"><span class='ocrx_word' id='word_1_23' title='bbox 108 437 170 482; x_wconf 83' lang='grc'><strong>40</strong></span> <span class='ocrx_word' id='word_1_24' title='bbox 194 444 297 477; x_wconf 87' lang='lat' dir='ltr'><strong>tatus</strong></span> <span class='ocrx_word' id='word_1_25' title='bbox 321 437 380 477; x_wconf 92' lang='lat' dir='ltr'><strong>sui</strong></span> <span class='ocrx_word' id='word_1_26' title='bbox 402 437 501 476; x_wconf 86' lang='lat' dir='ltr'><strong>alam</strong></span> <span class='ocrx_word' id='word_1_27' title='bbox 523 436 723 476; x_wconf 90' lang='lat' dir='ltr'><strong>sinistram</strong></span> <span class='ocrx_word' id='word_1_28' title='bbox 745 437 794 476; x_wconf 88' lang='lat' dir='ltr'><strong>ad</strong></span> <span class='ocrx_word' id='word_1_29' title='bbox 824 437 1145 477; x_wconf 80' lang='lat' dir='ltr'><strong>intercludendos</strong></span> <span class='ocrx_word' id='word_1_30' title='bbox 1168 437 1301 477; x_wconf 90' lang='lat' dir='ltr'><strong>hostes</strong></span> <span class='ocrx_word' id='word_1_31' title='bbox 1332 438 1507 478; x_wconf 87' lang='lat' dir='ltr'><strong>immisit.</strong></span> <span class='ocrx_word' id='word_1_32' title='bbox 1569 437 1671 478; x_wconf 88' lang='lat' dir='ltr'><strong>Erat</strong></span> 
     </span>
     <span class='ocr_line' id='line_1_5' title="bbox 186 503 1670 558; baseline -0.001 -13"><span class='ocrx_word' id='word_1_33' title='bbox 186 505 227 545; x_wconf 90' lang='lat' dir='ltr'><strong>in</strong></span> <span class='ocrx_word' id='word_1_34' title='bbox 254 519 300 545; x_wconf 90' lang='lat' dir='ltr'><strong>eo</strong></span> <span class='ocrx_word' id='word_1_35' title='bbox 323 518 482 558; x_wconf 87' lang='lat' dir='ltr'><strong>campo,</strong></span> <span class='ocrx_word' id='word_1_36' title='bbox 517 503 581 542; x_wconf 92' lang='lat' dir='ltr'><strong>ubi</strong></span> <span class='ocrx_word' id='word_1_37' title='bbox 607 517 652 543; x_wconf 88' lang='lat' dir='ltr'><strong>ea</strong></span> <span class='ocrx_word' id='word_1_38' title='bbox 676 517 742 544; x_wconf 86' lang='lat' dir='ltr'><strong>res</strong></span> <span class='ocrx_word' id='word_1_39' title='bbox 773 503 1010 556; x_wconf 79' lang='lat' dir='ltr'><strong>gerebatur,</strong></span> <span class='ocrx_word' id='word_1_40' title='bbox 1046 504 1138 544; x_wconf 87' lang='lat' dir='ltr'><strong>uilla</strong></span> <span class='ocrx_word' id='word_1_41' title='bbox 1169 518 1380 558; x_wconf 89' lang='lat' dir='ltr'><strong>permagna</strong></span> <span class='ocrx_word' id='word_1_42' title='bbox 1412 505 1585 545; x_wconf 89' lang='lat' dir='ltr'><strong>turribus</strong></span> <span class='ocrx_word' id='word_1_43' title='bbox 1608 511 1670 544; x_wconf 88' lang='lat'><em>1111</em></span> 
     </span>
     <span class='ocr_line' id='line_1_6' title="bbox 184 568 1715 625; baseline -0.001 -12"><span class='ocrx_word' id='word_1_44' title='bbox 184 579 393 621; x_wconf 71' lang='lat' dir='ltr'><strong>extructa,</strong></span> <span class='ocrx_word' id='word_1_45' title='bbox 421 584 518 623; x_wconf 88' lang='lat' dir='ltr'><strong>quae</strong></span> <span class='ocrx_word' id='word_1_46' title='bbox 536 568 704 611; x_wconf 82' lang='lat' dir='ltr'><strong>Labieni</strong></span> <span class='ocrx_word' id='word_1_47' title='bbox 727 578 973 624; x_wconf 88' lang='lat' dir='ltr'><strong>prospectum</strong></span> <span class='ocrx_word' id='word_1_48' title='bbox 997 572 1246 625; x_wconf 88' lang='lat' dir='ltr'><strong>impediebat,</strong></span> <span class='ocrx_word' id='word_1_49' title='bbox 1273 586 1321 612; x_wconf 89' lang='lat' dir='ltr'><strong>ne</strong></span> <span class='ocrx_word' id='word_1_50' title='bbox 1343 579 1476 625; x_wconf 90' lang='lat' dir='ltr'><strong>posset</strong></span> <span class='ocrx_word' id='word_1_51' title='bbox 1497 573 1664 612; x_wconf 87' lang='lat' dir='ltr'><strong>animum</strong></span> <span class='ocrx_word' id='word_1_52' title='bbox 1698 581 1715 611; x_wconf 88' lang='lat'>5</span> 
     </span>
    </p>

    <p class='ocr_par' dir='ltr' id='par_1_3' title="bbox 137 635 1669 826">
     <span class='ocr_line' id='line_1_7' title="bbox 137 635 1668 692; baseline 0 -12"><span class='ocrx_word' id='word_1_53' title='bbox 137 640 164 680; x_wconf 77' lang='lat'><strong>2</strong></span> <span class='ocrx_word' id='word_1_54' title='bbox 186 640 391 680; x_wconf 82' lang='lat' dir='ltr'><strong>aduertere</strong></span> <span class='ocrx_word' id='word_1_55' title='bbox 422 638 469 678; x_wconf 89' lang='lat' dir='ltr'><strong>ab</strong></span> <span class='ocrx_word' id='word_1_56' title='bbox 504 638 679 690; x_wconf 88' lang='lat' dir='ltr'><strong>equitatu</strong></span> <span class='ocrx_word' id='word_1_57' title='bbox 703 635 888 678; x_wconf 82' lang='lat' dir='ltr'><strong>Caesaris</strong></span> <span class='ocrx_word' id='word_1_58' title='bbox 922 652 965 679; x_wconf 92' lang='lat' dir='ltr'><strong>se</strong></span> <span class='ocrx_word' id='word_1_59' title='bbox 997 639 1221 679; x_wconf 76' lang='lat' dir='ltr'><strong>intercludi.</strong></span> <span class='ocrx_word' id='word_1_60' title='bbox 1283 637 1420 691; x_wconf 85' lang='lat' dir='ltr'><strong>Itaque</strong></span> <span class='ocrx_word' id='word_1_61' title='bbox 1453 653 1531 679; x_wconf 91' lang='lat' dir='ltr'><strong>non</strong></span> <span class='ocrx_word' id='word_1_62' title='bbox 1565 641 1668 692; x_wconf 88' lang='lat' dir='ltr'><strong>prius</strong></span> 
     </span>
     <span class='ocr_line' id='line_1_8' title="bbox 185 703 1669 760; baseline 0 -13"><span class='ocrx_word' id='word_1_63' title='bbox 185 707 281 747; x_wconf 90' lang='lat' dir='ltr'><strong>uidit</strong></span> <span class='ocrx_word' id='word_1_64' title='bbox 304 713 452 745; x_wconf 87' lang='lat' dir='ltr'><strong>turmas</strong></span> <span class='ocrx_word' id='word_1_65' title='bbox 474 703 663 755; x_wconf 90' lang='lat' dir='ltr'><strong>Iulianas,</strong></span> <span class='ocrx_word' id='word_1_66' title='bbox 698 719 811 758; x_wconf 90' lang='lat' dir='ltr'><strong>quam</strong></span> <span class='ocrx_word' id='word_1_67' title='bbox 834 720 927 746; x_wconf 91' lang='lat' dir='ltr'><strong>suos</strong></span> <span class='ocrx_word' id='word_1_68' title='bbox 949 707 1059 747; x_wconf 87' lang='lat' dir='ltr'><strong>caedi</strong></span> <span class='ocrx_word' id='word_1_69' title='bbox 1081 721 1103 747; x_wconf 90' lang='lat' dir='ltr'><strong>a</strong></span> <span class='ocrx_word' id='word_1_70' title='bbox 1127 714 1236 760; x_wconf 89' lang='lat' dir='ltr'><strong>tergo</strong></span> <span class='ocrx_word' id='word_1_71' title='bbox 1258 707 1397 746; x_wconf 86' lang='lat' dir='ltr'><strong>sensit.</strong></span> <span class='ocrx_word' id='word_1_72' title='bbox 1441 705 1509 746; x_wconf 82' lang='lat' dir='ltr'><strong>Ex</strong></span> <span class='ocrx_word' id='word_1_73' title='bbox 1531 720 1604 759; x_wconf 86' lang='lat' dir='ltr'><strong>qua</strong></span> <span class='ocrx_word' id='word_1_74' title='bbox 1625 721 1669 747; x_wconf 87' lang='lat' dir='ltr'><strong>re</strong></span> 
     </span>
     <span class='ocr_line' id='line_1_9' title="bbox 186 772 1669 826; baseline 0 -12"><span class='ocrx_word' id='word_1_75' title='bbox 186 774 315 814; x_wconf 92' lang='lat' dir='ltr'><strong>subito</strong></span> <span class='ocrx_word' id='word_1_76' title='bbox 346 772 386 812; x_wconf 93' lang='lat' dir='ltr'><strong>in</strong></span> <span class='ocrx_word' id='word_1_77' title='bbox 418 779 613 813; x_wconf 89' lang='lat' dir='ltr'><strong>terrorem</strong></span> <span class='ocrx_word' id='word_1_78' title='bbox 645 787 841 814; x_wconf 87' lang='lat' dir='ltr'><strong>conuerso</strong></span> <span class='ocrx_word' id='word_1_79' title='bbox 870 774 1046 826; x_wconf 87' lang='lat' dir='ltr'><strong>equitatu</strong></span> <span class='ocrx_word' id='word_1_80' title='bbox 1066 773 1328 814; x_wconf 83' lang='lat' dir='ltr'><strong>Numidarum</strong></span> <span class='ocrx_word' id='word_1_81' title='bbox 1352 780 1459 814; x_wconf 88' lang='lat' dir='ltr'><strong>recta</strong></span> <span class='ocrx_word' id='word_1_82' title='bbox 1481 773 1520 812; x_wconf 91' lang='lat' dir='ltr'><strong>in</strong></span> <span class='ocrx_word' id='word_1_83' title='bbox 1543 781 1669 814; x_wconf 87' lang='lat' dir='ltr'><strong>castra</strong></span> 
     </span>
    </p>

    <p class='ocr_par' dir='ltr' id='par_1_4' title="bbox 138 838 1744 962">
     <span class='ocr_line' id='line_1_10' title="bbox 138 838 1670 895; baseline 0 -14"><span class='ocrx_word' id='word_1_84' title='bbox 138 840 162 880; x_wconf 87' lang='lat'><strong>3</strong></span> <span class='ocrx_word' id='word_1_85' title='bbox 186 842 321 895; x_wconf 88' lang='lat' dir='ltr'><strong>fugere</strong></span> <span class='ocrx_word' id='word_1_86' title='bbox 343 840 557 880; x_wconf 84' lang='lat' dir='ltr'><strong>contendit.</strong></span> <span class='ocrx_word' id='word_1_87' title='bbox 609 838 711 881; x_wconf 84' lang='lat' dir='ltr'><strong>Galli</strong></span> <span class='ocrx_word' id='word_1_88' title='bbox 735 838 1015 894; x_wconf 81' lang='lat' dir='ltr'><strong>Germanique,</strong></span> <span class='ocrx_word' id='word_1_89' title='bbox 1041 842 1104 894; x_wconf 92' lang='lat' dir='ltr'><strong>qui</strong></span> <span class='ocrx_word' id='word_1_90' title='bbox 1126 841 1370 891; x_wconf 81' lang='lat' dir='ltr'><strong>restiterant,</strong></span> <span class='ocrx_word' id='word_1_91' title='bbox 1396 855 1447 881; x_wconf 84' lang='lat' dir='ltr'><strong>ex</strong></span> <span class='ocrx_word' id='word_1_92' title='bbox 1469 841 1670 894; x_wconf 84' lang='lat' dir='ltr'><strong>superiore</strong></span> 
     </span>
     <span class='ocr_line' id='line_1_11' title="bbox 185 908 1744 962; baseline 0 -14"><span class='ocrx_word' id='word_1_93' title='bbox 185 908 272 948; x_wconf 90' lang='lat' dir='ltr'><strong>loco</strong></span> <span class='ocrx_word' id='word_1_94' title='bbox 294 914 332 947; x_wconf 87' lang='lat' dir='ltr'><strong>et.</strong></span> <span class='ocrx_word' id='word_1_95' title='bbox 354 914 442 961; x_wconf 90' lang='lat' dir='ltr'><strong>post</strong></span> <span class='ocrx_word' id='word_1_96' title='bbox 464 914 615 962; x_wconf 87' lang='lat' dir='ltr'><strong>tergum</strong></span> <span class='ocrx_word' id='word_1_97' title='bbox 638 908 898 949; x_wconf 88' lang='lat' dir='ltr'><strong>circumuenti</strong></span> <span class='ocrx_word' id='word_1_98' title='bbox 922 910 1152 962; x_wconf 87' lang='lat' dir='ltr'><strong>fortiterque</strong></span> <span class='ocrx_word' id='word_1_99' title='bbox 1184 915 1379 949; x_wconf 88' lang='lat' dir='ltr'><strong>restantes</strong></span> <span class='ocrx_word' id='word_1_100' title='bbox 1411 909 1671 948; x_wconf 87' lang='lat' dir='ltr'><strong>conciduntur</strong></span> <span class='ocrx_word' id='word_1_101' title='bbox 1705 915 1744 948; x_wconf 84' lang='lat'><strong>10</strong></span> 
     </span>
    </p>

    <p class='ocr_par' dir='ltr' id='par_1_5' title="bbox 138 972 1670 1094">
     <span class='ocr_line' id='line_1_12' title="bbox 138 972 1670 1031; baseline 0.001 -16"><span class='ocrx_word' id='word_1_102' title='bbox 138 975 163 1015; x_wconf 90' lang='grc'>4</span> <span class='ocrx_word' id='word_1_103' title='bbox 186 975 377 1016; x_wconf 89' lang='lat' dir='ltr'><strong>uniuersi.</strong></span> <span class='ocrx_word' id='word_1_104' title='bbox 431 972 545 1027; x_wconf 83' lang='lat' dir='ltr'><strong>Quod</strong></span> <span class='ocrx_word' id='word_1_105' title='bbox 567 975 631 1015; x_wconf 91' lang='lat' dir='ltr'><strong>ubi</strong></span> <span class='ocrx_word' id='word_1_106' title='bbox 655 975 830 1030; x_wconf 85' lang='lat' dir='ltr'><strong>legiones</strong></span> <span class='ocrx_word' id='word_1_107' title='bbox 856 974 1073 1031; x_wconf 84' lang='lat' dir='ltr'><strong>Scipionis,</strong></span> <span class='ocrx_word' id='word_1_108' title='bbox 1102 990 1200 1030; x_wconf 85' lang='lat' dir='ltr'><strong>quae</strong></span> <span class='ocrx_word' id='word_1_109' title='bbox 1222 990 1291 1030; x_wconf 91' lang='lat' dir='ltr'><strong>pro</strong></span> <span class='ocrx_word' id='word_1_110' title='bbox 1314 976 1454 1016; x_wconf 88' lang='lat' dir='ltr'><strong>castris</strong></span> <span class='ocrx_word' id='word_1_111' title='bbox 1477 983 1590 1016; x_wconf 89' lang='lat' dir='ltr'><strong>erant</strong></span> <span class='ocrx_word' id='word_1_112' title='bbox 1610 975 1670 1016; x_wconf 94' lang='lat' dir='ltr'><strong>in-</strong></span> 
     </span>
     <span class='ocr_line' id='line_1_13' title="bbox 187 1043 1670 1094; baseline 0.001 -12"><span class='ocrx_word' id='word_1_113' title='bbox 187 1049 362 1083; x_wconf 88' lang='lat' dir='ltr'><strong>structae</strong></span> <span class='ocrx_word' id='word_1_114' title='bbox 377 1074 387 1093; x_wconf 83' lang='lat'><strong>,</strong></span> <span class='ocrx_word' id='word_1_115' title='bbox 422 1043 590 1082; x_wconf 89' lang='lat' dir='ltr'><strong>animum</strong></span> <span class='ocrx_word' id='word_1_116' title='bbox 615 1043 886 1094; x_wconf 89' lang='lat' dir='ltr'><strong>aduerterunt,</strong></span> <span class='ocrx_word' id='word_1_117' title='bbox 919 1051 1024 1084; x_wconf 91' lang='lat' dir='ltr'><strong>metu</strong></span> <span class='ocrx_word' id='word_1_118' title='bbox 1046 1058 1091 1084; x_wconf 88' lang='lat' dir='ltr'><strong>ac</strong></span> <span class='ocrx_word' id='word_1_119' title='bbox 1114 1051 1266 1084; x_wconf 86' lang='lat' dir='ltr'><strong>terrore</strong></span> <span class='ocrx_word' id='word_1_120' title='bbox 1289 1044 1522 1084; x_wconf 86' lang='lat' dir='ltr'><strong>obcaecatae</strong></span> <span class='ocrx_word' id='word_1_121' title='bbox 1546 1044 1670 1083; x_wconf 91' lang='lat' dir='ltr'><strong>omni-</strong></span> 
     </span>
    </p>

    <p class='ocr_par' dir='ltr' id='par_1_6' title="bbox 140 1109 1745 1638">
     <span class='ocr_line' id='line_1_14' title="bbox 140 1109 1670 1165; baseline 0.001 -15"><span class='ocrx_word' id='word_1_122' title='bbox 140 1109 164 1150; x_wconf 87' lang='lat'>5</span> <span class='ocrx_word' id='word_1_123' title='bbox 186 1110 258 1150; x_wconf 92' lang='lat' dir='ltr'><strong>bus</strong></span> <span class='ocrx_word' id='word_1_124' title='bbox 287 1111 409 1164; x_wconf 91' lang='lat' dir='ltr'><strong>portis</strong></span> <span class='ocrx_word' id='word_1_125' title='bbox 444 1111 484 1150; x_wconf 91' lang='lat' dir='ltr'><strong>in</strong></span> <span class='ocrx_word' id='word_1_126' title='bbox 517 1124 587 1150; x_wconf 88' lang='lat' dir='ltr'><strong>sua</strong></span> <span class='ocrx_word' id='word_1_127' title='bbox 619 1118 748 1151; x_wconf 84' lang='lat' dir='ltr'><strong>castra</strong></span> <span class='ocrx_word' id='word_1_128' title='bbox 781 1112 916 1164; x_wconf 88' lang='lat' dir='ltr'><strong>fugere</strong></span> <span class='ocrx_word' id='word_1_129' title='bbox 950 1119 1178 1165; x_wconf 88' lang='lat' dir='ltr'><strong>coeperunt.</strong></span> <span class='ocrx_word' id='word_1_130' title='bbox 1240 1110 1456 1164; x_wconf 89' lang='lat' dir='ltr'><strong>Postquam</strong></span> <span class='ocrx_word' id='word_1_131' title='bbox 1486 1109 1670 1164; x_wconf 87' lang='lat' dir='ltr'><strong>Scipione</strong></span> 
     </span>
     <span class='ocr_line' id='line_1_15' title="bbox 187 1178 1670 1233; baseline 0 -15"><span class='ocrx_word' id='word_1_132' title='bbox 187 1179 349 1233; x_wconf 87' lang='lat' dir='ltr'><strong>eiusque</strong></span> <span class='ocrx_word' id='word_1_133' title='bbox 372 1178 492 1230; x_wconf 88' lang='lat' dir='ltr'><strong>copiis</strong></span> <span class='ocrx_word' id='word_1_134' title='bbox 515 1193 650 1231; x_wconf 85' lang='lat' dir='ltr'><strong>campo</strong></span> <span class='ocrx_word' id='word_1_135' title='bbox 674 1178 913 1232; x_wconf 88' lang='lat' dir='ltr'><strong>collibusque</strong></span> <span class='ocrx_word' id='word_1_136' title='bbox 945 1180 1166 1228; x_wconf 77' lang='lat' dir='ltr'><strong>exturbatis</strong></span> <span class='ocrx_word' id='word_1_137' title='bbox 1195 1186 1312 1231; x_wconf 91' lang='lat' dir='ltr'><strong>atque</strong></span> <span class='ocrx_word' id='word_1_138' title='bbox 1343 1179 1384 1218; x_wconf 93' lang='lat' dir='ltr'><strong>in</strong></span> <span class='ocrx_word' id='word_1_139' title='bbox 1414 1185 1543 1219; x_wconf 87' lang='lat' dir='ltr'><strong>castra</strong></span> <span class='ocrx_word' id='word_1_140' title='bbox 1566 1193 1670 1218; x_wconf 89' lang='lat' dir='ltr'><strong>com-</strong></span> 
     </span>
     <span class='ocr_line' id='line_1_16' title="bbox 186 1243 1744 1300; baseline -0.001 -14"><span class='ocrx_word' id='word_1_141' title='bbox 186 1246 310 1300; x_wconf 90' lang='lat' dir='ltr'><strong>pulsis</strong></span> <span class='ocrx_word' id='word_1_142' title='bbox 333 1259 418 1285; x_wconf 87' lang='lat' dir='ltr'><strong>cum</strong></span> <span class='ocrx_word' id='word_1_143' title='bbox 442 1246 616 1298; x_wconf 89' lang='lat' dir='ltr'><strong>receptui</strong></span> <span class='ocrx_word' id='word_1_144' title='bbox 635 1243 788 1285; x_wconf 89' lang='lat' dir='ltr'><strong>Caesar</strong></span> <span class='ocrx_word' id='word_1_145' title='bbox 811 1247 898 1286; x_wconf 91' lang='lat' dir='ltr'><strong>cani</strong></span> <span class='ocrx_word' id='word_1_146' title='bbox 920 1247 1105 1286; x_wconf 88' lang='lat' dir='ltr'><strong>iussisset</strong></span> <span class='ocrx_word' id='word_1_147' title='bbox 1126 1247 1416 1299; x_wconf 85' lang='lat' dir='ltr'><strong>equitatumque</strong></span> <span class='ocrx_word' id='word_1_148' title='bbox 1439 1259 1590 1285; x_wconf 90' lang='lat' dir='ltr'><strong>omnem</strong></span> <span class='ocrx_word' id='word_1_149' title='bbox 1612 1246 1672 1285; x_wconf 91' lang='lat' dir='ltr'><strong>in-</strong></span> <span class='ocrx_word' id='word_1_150' title='bbox 1706 1253 1744 1286; x_wconf 89' lang='lat'><strong>15</strong></span> 
     </span>
     <span class='ocr_line' id='line_1_17' title="bbox 187 1312 1672 1367; baseline 0.001 -15"><span class='ocrx_word' id='word_1_151' title='bbox 187 1320 248 1353; x_wconf 85' lang='lat' dir='ltr'><strong>tra</strong></span> <span class='ocrx_word' id='word_1_152' title='bbox 270 1326 360 1352; x_wconf 89' lang='lat' dir='ltr'><strong>suas</strong></span> <span class='ocrx_word' id='word_1_153' title='bbox 383 1312 621 1352; x_wconf 86' lang='lat' dir='ltr'><strong>munitiones</strong></span> <span class='ocrx_word' id='word_1_154' title='bbox 644 1313 885 1366; x_wconf 89' lang='lat' dir='ltr'><strong>recepisset,</strong></span> <span class='ocrx_word' id='word_1_155' title='bbox 920 1328 1054 1367; x_wconf 86' lang='lat' dir='ltr'><strong>campo</strong></span> <span class='ocrx_word' id='word_1_156' title='bbox 1078 1320 1242 1367; x_wconf 87' lang='lat' dir='ltr'><strong>purgato</strong></span> <span class='ocrx_word' id='word_1_157' title='bbox 1265 1313 1544 1354; x_wconf 88' lang='lat' dir='ltr'><strong>animaduertit</strong></span> <span class='ocrx_word' id='word_1_158' title='bbox 1564 1313 1672 1353; x_wconf 91' lang='lat' dir='ltr'><strong>miri-</strong></span> 
     </span>
     <span class='ocr_line' id='line_1_18' title="bbox 186 1378 1671 1435; baseline 0 -15"><span class='ocrx_word' id='word_1_159' title='bbox 186 1381 258 1421; x_wconf 85' lang='lat' dir='ltr'><strong>fica</strong></span> <span class='ocrx_word' id='word_1_160' title='bbox 288 1393 454 1433; x_wconf 89' lang='lat' dir='ltr'><strong>corpora</strong></span> <span class='ocrx_word' id='word_1_161' title='bbox 476 1378 679 1420; x_wconf 87' lang='lat' dir='ltr'><strong>Gallorum</strong></span> <span class='ocrx_word' id='word_1_162' title='bbox 703 1379 1093 1434; x_wconf 69' lang='lat' dir='ltr'><strong>Germanorumque,</strong></span> <span class='ocrx_word' id='word_1_163' title='bbox 1129 1381 1193 1434; x_wconf 89' lang='lat' dir='ltr'><strong>qui</strong></span> <span class='ocrx_word' id='word_1_164' title='bbox 1223 1382 1362 1435; x_wconf 90' lang='lat' dir='ltr'><strong>partim</strong></span> <span class='ocrx_word' id='word_1_165' title='bbox 1393 1381 1476 1421; x_wconf 89' lang='lat' dir='ltr'><strong>eius</strong></span> <span class='ocrx_word' id='word_1_166' title='bbox 1499 1381 1671 1421; x_wconf 84' lang='lat' dir='ltr'><strong>auctori-</strong></span> 
     </span>
     <span class='ocr_line' id='line_1_19' title="bbox 187 1445 1671 1503; baseline 0 -15"><span class='ocrx_word' id='word_1_167' title='bbox 187 1454 308 1488; x_wconf 87' lang='lat' dir='ltr'><strong>tatem</strong></span> <span class='ocrx_word' id='word_1_168' title='bbox 331 1455 445 1487; x_wconf 89' lang='lat' dir='ltr'><strong>erant</strong></span> <span class='ocrx_word' id='word_1_169' title='bbox 467 1461 517 1487; x_wconf 83' lang='lat' dir='ltr'><strong>ex</strong></span> <span class='ocrx_word' id='word_1_170' title='bbox 532 1445 661 1488; x_wconf 86' lang='lat' dir='ltr'><strong>Gallia</strong></span> <span class='ocrx_word' id='word_1_171' title='bbox 683 1448 825 1499; x_wconf 88' lang='lat' dir='ltr'><strong>secuti,</strong></span> <span class='ocrx_word' id='word_1_172' title='bbox 850 1449 990 1503; x_wconf 90' lang='lat' dir='ltr'><strong>partim</strong></span> <span class='ocrx_word' id='word_1_173' title='bbox 1014 1449 1138 1502; x_wconf 89' lang='lat' dir='ltr'><strong>pretio</strong></span> <span class='ocrx_word' id='word_1_174' title='bbox 1158 1448 1582 1502; x_wconf 84' lang='lat' dir='ltr'><strong>pollicitationibusque</strong></span> <span class='ocrx_word' id='word_1_175' title='bbox 1604 1449 1671 1488; x_wconf 84' lang='lat' dir='ltr'><strong>ad-</strong></span> 
     </span>
     <span class='ocr_line' id='line_1_20' title="bbox 188 1515 1670 1570; baseline 0.001 -15"><span class='ocrx_word' id='word_1_176' title='bbox 188 1515 292 1556; x_wconf 91' lang='lat' dir='ltr'><strong>ducti</strong></span> <span class='ocrx_word' id='word_1_177' title='bbox 324 1515 372 1555; x_wconf 85' lang='lat' dir='ltr'><strong>ad</strong></span> <span class='ocrx_word' id='word_1_178' title='bbox 404 1529 490 1555; x_wconf 88' lang='lat' dir='ltr'><strong>eum</strong></span> <span class='ocrx_word' id='word_1_179' title='bbox 523 1530 567 1556; x_wconf 91' lang='lat' dir='ltr'><strong>se</strong></span> <span class='ocrx_word' id='word_1_180' title='bbox 597 1516 862 1566; x_wconf 80' lang='lat' dir='ltr'><strong>contulerant,</strong></span> <span class='ocrx_word' id='word_1_181' title='bbox 897 1517 1089 1566; x_wconf 90' lang='lat' dir='ltr'><strong>nonnulli,</strong></span> <span class='ocrx_word' id='word_1_182' title='bbox 1125 1517 1188 1570; x_wconf 91' lang='lat' dir='ltr'><strong>qui</strong></span> <span class='ocrx_word' id='word_1_183' title='bbox 1221 1530 1274 1556; x_wconf 80' lang='lat' dir='ltr'><strong>ex</strong></span> <span class='ocrx_word' id='word_1_184' title='bbox 1303 1515 1490 1557; x_wconf 85' lang='lat' dir='ltr'><strong>Curionis</strong></span> <span class='ocrx_word' id='word_1_185' title='bbox 1521 1516 1670 1570; x_wconf 89' lang='lat' dir='ltr'><strong>proelio</strong></span> 
     </span>
     <span class='ocr_line' id='line_1_21' title="bbox 188 1583 1745 1638; baseline 0 -14"><span class='ocrx_word' id='word_1_186' title='bbox 188 1583 290 1637; x_wconf 89' lang='lat' dir='ltr'><strong>capti</strong></span> <span class='ocrx_word' id='word_1_187' title='bbox 313 1584 616 1636; x_wconf 86' lang='lat' dir='ltr'><strong>conseruatique</strong></span> <span class='ocrx_word' id='word_1_188' title='bbox 648 1597 778 1637; x_wconf 88' lang='lat' dir='ltr'><strong>parem</strong></span> <span class='ocrx_word' id='word_1_189' title='bbox 801 1584 967 1638; x_wconf 86' lang='lat' dir='ltr'><strong>gratiam</strong></span> <span class='ocrx_word' id='word_1_190' title='bbox 999 1584 1039 1624; x_wconf 91' lang='lat' dir='ltr'><strong>in</strong></span> <span class='ocrx_word' id='word_1_191' title='bbox 1062 1585 1135 1624; x_wconf 89' lang='lat' dir='ltr'><strong>fide</strong></span> <span class='ocrx_word' id='word_1_192' title='bbox 1157 1585 1352 1624; x_wconf 87' lang='lat' dir='ltr'><strong>seruanda</strong></span> <span class='ocrx_word' id='word_1_193' title='bbox 1375 1591 1580 1638; x_wconf 88' lang='lat' dir='ltr'><strong>praestare</strong></span> <span class='ocrx_word' id='word_1_194' title='bbox 1603 1598 1672 1624; x_wconf 93' lang='lat' dir='ltr'><strong>uo-</strong></span> <span class='ocrx_word' id='word_1_195' title='bbox 1702 1590 1745 1624; x_wconf 83' lang='lat'><strong>20</strong></span> 
     </span>
    </p>

    <p class='ocr_par' dir='ltr' id='par_1_7' title="bbox 139 1649 1671 1706">
     <span class='ocr_line' id='line_1_22' title="bbox 139 1649 1671 1706; baseline 0 -15"><span class='ocrx_word' id='word_1_196' title='bbox 139 1649 166 1691; x_wconf 85' lang='grc'><strong>6</strong></span> <span class='ocrx_word' id='word_1_197' title='bbox 187 1651 358 1692; x_wconf 87' lang='lat' dir='ltr'><strong>luerant.</strong></span> <span class='ocrx_word' id='word_1_198' title='bbox 398 1651 547 1691; x_wconf 90' lang='lat' dir='ltr'><strong>Horum</strong></span> <span class='ocrx_word' id='word_1_199' title='bbox 571 1665 738 1705; x_wconf 86' lang='lat' dir='ltr'><strong>corpora</strong></span> <span class='ocrx_word' id='word_1_200' title='bbox 758 1652 923 1692; x_wconf 86' lang='lat' dir='ltr'><strong>mirifica</strong></span> <span class='ocrx_word' id='word_1_201' title='bbox 944 1653 1075 1706; x_wconf 90' lang='lat' dir='ltr'><strong>specie</strong></span> <span class='ocrx_word' id='word_1_202' title='bbox 1097 1652 1428 1706; x_wconf 88' lang='lat' dir='ltr'><strong>amplitudineque</strong></span> <span class='ocrx_word' id='word_1_203' title='bbox 1451 1665 1566 1692; x_wconf 88' lang='lat' dir='ltr'><strong>caesa</strong></span> <span class='ocrx_word' id='word_1_204' title='bbox 1590 1658 1671 1691; x_wconf 87' lang='lat' dir='ltr'><strong>toto</strong></span> 
     </span>
    </p>

    <p class='ocr_par' dir='ltr' id='par_1_8' title="bbox 112 1716 1671 1909">
     <span class='ocr_line' id='line_1_23' title="bbox 112 1716 1671 1774; baseline -0.001 -14"><span class='ocrx_word' id='word_1_205' title='bbox 112 1719 163 1763; x_wconf 82' lang='lat'><strong>41</strong></span> <span class='ocrx_word' id='word_1_206' title='bbox 187 1733 322 1773; x_wconf 90' lang='lat' dir='ltr'><strong>campo</strong></span> <span class='ocrx_word' id='word_1_207' title='bbox 344 1733 388 1759; x_wconf 91' lang='lat' dir='ltr'><strong>ac</strong></span> <span class='ocrx_word' id='word_1_208' title='bbox 411 1726 608 1772; x_wconf 86' lang='lat' dir='ltr'><strong>prostrata</strong></span> <span class='ocrx_word' id='word_1_209' title='bbox 630 1720 784 1761; x_wconf 88' lang='lat' dir='ltr'><strong>diuerse</strong></span> <span class='ocrx_word' id='word_1_210' title='bbox 806 1720 1002 1760; x_wconf 88' lang='lat' dir='ltr'><strong>iacebant.</strong></span> <span class='ocrx_word' id='word_1_211' title='bbox 1047 1719 1121 1760; x_wconf 91' lang='lat' dir='ltr'><strong>His</strong></span> <span class='ocrx_word' id='word_1_212' title='bbox 1142 1719 1260 1760; x_wconf 88' lang='lat' dir='ltr'><strong>rebus</strong></span> <span class='ocrx_word' id='word_1_213' title='bbox 1281 1720 1403 1774; x_wconf 87' lang='lat' dir='ltr'><strong>gestis</strong></span> <span class='ocrx_word' id='word_1_214' title='bbox 1427 1716 1583 1760; x_wconf 88' lang='lat' dir='ltr'><strong>Caesar</strong></span> <span class='ocrx_word' id='word_1_215' title='bbox 1603 1733 1671 1772; x_wconf 93' lang='lat' dir='ltr'><strong>po-</strong></span> 
     </span>
     <span class='ocr_line' id='line_1_24' title="bbox 190 1787 1670 1840; baseline -0.001 -14"><span class='ocrx_word' id='word_1_216' title='bbox 190 1794 297 1826; x_wconf 86' lang='lat' dir='ltr'><strong>stero</strong></span> <span class='ocrx_word' id='word_1_217' title='bbox 314 1787 375 1826; x_wconf 86' lang='lat' dir='ltr'><strong>die</strong></span> <span class='ocrx_word' id='word_1_218' title='bbox 398 1801 450 1826; x_wconf 82' lang='lat' dir='ltr'><strong>ex</strong></span> <span class='ocrx_word' id='word_1_219' title='bbox 472 1787 651 1827; x_wconf 92' lang='lat' dir='ltr'><strong>omnibus</strong></span> <span class='ocrx_word' id='word_1_220' title='bbox 670 1787 874 1840; x_wconf 89' lang='lat' dir='ltr'><strong>praesidiis</strong></span> <span class='ocrx_word' id='word_1_221' title='bbox 898 1788 1081 1828; x_wconf 87' lang='lat' dir='ltr'><strong>cohortes</strong></span> <span class='ocrx_word' id='word_1_222' title='bbox 1100 1788 1258 1828; x_wconf 78' lang='lat' dir='ltr'><strong>deduxit</strong></span> <span class='ocrx_word' id='word_1_223' title='bbox 1282 1794 1397 1840; x_wconf 82' lang='lat' dir='ltr'><strong>atque</strong></span> <span class='ocrx_word' id='word_1_224' title='bbox 1419 1800 1555 1826; x_wconf 87' lang='lat' dir='ltr'><strong>omnes</strong></span> <span class='ocrx_word' id='word_1_225' title='bbox 1578 1799 1670 1825; x_wconf 88' lang='lat' dir='ltr'><strong>suas</strong></span> 
     </span>
     <span class='ocr_line' id='line_1_25' title="bbox 188 1852 1671 1909; baseline -0.001 -15"><span class='ocrx_word' id='word_1_226' title='bbox 188 1854 319 1907; x_wconf 88' lang='lat' dir='ltr'><strong>copias</strong></span> <span class='ocrx_word' id='word_1_227' title='bbox 342 1854 381 1894; x_wconf 90' lang='lat' dir='ltr'><strong>in</strong></span> <span class='ocrx_word' id='word_1_228' title='bbox 405 1869 538 1907; x_wconf 86' lang='lat' dir='ltr'><strong>campo</strong></span> <span class='ocrx_word' id='word_1_229' title='bbox 560 1854 765 1894; x_wconf 81' lang='lat' dir='ltr'><strong>instruxit.</strong></span> <span class='ocrx_word' id='word_1_230' title='bbox 814 1852 946 1908; x_wconf 90' lang='lat' dir='ltr'><strong>Scipio</strong></span> <span class='ocrx_word' id='word_1_231' title='bbox 969 1855 1049 1895; x_wconf 92' lang='lat' dir='ltr'><strong>suis</strong></span> <span class='ocrx_word' id='word_1_232' title='bbox 1071 1856 1171 1895; x_wconf 87' lang='lat' dir='ltr'><strong>male</strong></span> <span class='ocrx_word' id='word_1_233' title='bbox 1193 1855 1380 1909; x_wconf 80' lang='lat' dir='ltr'><strong>acceptis,</strong></span> <span class='ocrx_word' id='word_1_234' title='bbox 1415 1854 1556 1894; x_wconf 88' lang='lat' dir='ltr'><strong>occisis</strong></span> <span class='ocrx_word' id='word_1_235' title='bbox 1580 1867 1671 1893; x_wconf 91' lang='lat' dir='ltr'><strong>con-</strong></span> 
     </span>
    </p>

    <p class='ocr_par' dir='ltr' id='par_1_9' title="bbox 139 1919 1746 2384">
     <span class='ocr_line' id='line_1_26' title="bbox 139 1919 1745 1975; baseline -0.001 -14"><span class='ocrx_word' id='word_1_236' title='bbox 139 1921 166 1963; x_wconf 77' lang='grc'>2</span> <span class='ocrx_word' id='word_1_237' title='bbox 188 1922 482 1974; x_wconf 86' lang='lat' dir='ltr'><strong>uulneratisque</strong></span> <span class='ocrx_word' id='word_1_238' title='bbox 513 1922 616 1962; x_wconf 87' lang='lat' dir='ltr'><strong>intra</strong></span> <span class='ocrx_word' id='word_1_239' title='bbox 649 1936 742 1962; x_wconf 86' lang='lat' dir='ltr'><strong>suas</strong></span> <span class='ocrx_word' id='word_1_240' title='bbox 766 1922 970 1962; x_wconf 89' lang='lat' dir='ltr'><strong>continere</strong></span> <span class='ocrx_word' id='word_1_241' title='bbox 991 1936 1034 1962; x_wconf 91' lang='lat' dir='ltr'><strong>se</strong></span> <span class='ocrx_word' id='word_1_242' title='bbox 1057 1923 1293 1962; x_wconf 89' lang='lat' dir='ltr'><strong>munitiones</strong></span> <span class='ocrx_word' id='word_1_243' title='bbox 1316 1923 1458 1975; x_wconf 90' lang='lat' dir='ltr'><strong>coepit.</strong></span> <span class='ocrx_word' id='word_1_244' title='bbox 1521 1919 1675 1961; x_wconf 89' lang='lat' dir='ltr'><strong>Cacsar</strong></span> <span class='ocrx_word' id='word_1_245' title='bbox 1703 1927 1745 1961; x_wconf 75' lang='lat'><strong>25</strong></span> 
     </span>
     <span class='ocr_line' id='line_1_27' title="bbox 187 1988 1673 2043; baseline -0.001 -13"><span class='ocrx_word' id='word_1_246' title='bbox 187 1990 384 2030; x_wconf 88' lang='lat' dir='ltr'><strong>instructa</strong></span> <span class='ocrx_word' id='word_1_247' title='bbox 415 1989 500 2029; x_wconf 89' lang='lat' dir='ltr'><strong>acie</strong></span> <span class='ocrx_word' id='word_1_248' title='bbox 531 1990 745 2029; x_wconf 90' lang='lat' dir='ltr'><strong>secundum</strong></span> <span class='ocrx_word' id='word_1_249' title='bbox 778 1990 930 2029; x_wconf 85' lang='lat' dir='ltr'><strong>infimas</strong></span> <span class='ocrx_word' id='word_1_250' title='bbox 962 1990 1044 2043; x_wconf 86' lang='lat' dir='ltr'><strong>iugi</strong></span> <span class='ocrx_word' id='word_1_251' title='bbox 1077 1991 1229 2030; x_wconf 86' lang='lat' dir='ltr'><strong>radices</strong></span> <span class='ocrx_word' id='word_1_252' title='bbox 1257 1989 1414 2043; x_wconf 87' lang='lat' dir='ltr'><strong>propius</strong></span> <span class='ocrx_word' id='word_1_253' title='bbox 1437 1988 1673 2029; x_wconf 88' lang='lat' dir='ltr'><strong>munitiones</strong></span> 
     </span>
     <span class='ocr_line' id='line_1_28' title="bbox 187 2055 1669 2112; baseline -0.002 -14"><span class='ocrx_word' id='word_1_254' title='bbox 187 2056 356 2098; x_wconf 85' lang='lat' dir='ltr'><strong>accessit</strong></span> <span class='ocrx_word' id='word_1_255' title='bbox 383 2056 540 2097; x_wconf 89' lang='lat' dir='ltr'><strong>leniter.</strong></span> <span class='ocrx_word' id='word_1_256' title='bbox 602 2055 761 2110; x_wconf 88' lang='lat' dir='ltr'><strong>Iamque</strong></span> <span class='ocrx_word' id='word_1_257' title='bbox 791 2057 919 2097; x_wconf 89' lang='lat' dir='ltr'><strong>minus</strong></span> <span class='ocrx_word' id='word_1_258' title='bbox 950 2058 1055 2098; x_wconf 89' lang='lat' dir='ltr'><strong>mille</strong></span> <span class='ocrx_word' id='word_1_259' title='bbox 1078 2072 1262 2112; x_wconf 86' lang='lat' dir='ltr'><strong>passuum</strong></span> <span class='ocrx_word' id='word_1_260' title='bbox 1286 2057 1332 2097; x_wconf 88' lang='lat' dir='ltr'><strong>ab</strong></span> <span class='ocrx_word' id='word_1_261' title='bbox 1355 2057 1492 2111; x_wconf 90' lang='lat' dir='ltr'><strong>oppido</strong></span> <span class='ocrx_word' id='word_1_262' title='bbox 1515 2055 1669 2105; x_wconf 89' lang='lat' dir='ltr'><strong>Vzitta‚</strong></span> 
     </span>
     <span class='ocr_line' id='line_1_29' title="bbox 188 2122 1674 2179; baseline -0.001 -15"><span class='ocrx_word' id='word_1_263' title='bbox 188 2124 288 2179; x_wconf 90' lang='lat' dir='ltr'><strong>quod</strong></span> <span class='ocrx_word' id='word_1_264' title='bbox 312 2122 444 2178; x_wconf 90' lang='lat' dir='ltr'><strong>Scipio</strong></span> <span class='ocrx_word' id='word_1_265' title='bbox 467 2124 651 2174; x_wconf 88' lang='lat' dir='ltr'><strong>tenebat,</strong></span> <span class='ocrx_word' id='word_1_266' title='bbox 686 2125 849 2165; x_wconf 87' lang='lat' dir='ltr'><strong>aberant</strong></span> <span class='ocrx_word' id='word_1_267' title='bbox 870 2125 1046 2179; x_wconf 85' lang='lat' dir='ltr'><strong>legiones</strong></span> <span class='ocrx_word' id='word_1_268' title='bbox 1067 2124 1268 2176; x_wconf 84' lang='lat' dir='ltr'><strong>Iulianae,</strong></span> <span class='ocrx_word' id='word_1_269' title='bbox 1303 2140 1388 2166; x_wconf 91' lang='lat' dir='ltr'><strong>cum</strong></span> <span class='ocrx_word' id='word_1_270' title='bbox 1413 2122 1545 2178; x_wconf 90' lang='lat' dir='ltr'><strong>Scipio</strong></span> <span class='ocrx_word' id='word_1_271' title='bbox 1567 2123 1674 2163; x_wconf 89' lang='lat' dir='ltr'><strong>ueri-</strong></span> 
     </span>
     <span class='ocr_line' id='line_1_30' title="bbox 188 2190 1673 2247; baseline -0.001 -15"><span class='ocrx_word' id='word_1_272' title='bbox 188 2199 268 2242; x_wconf 91' lang='lat' dir='ltr'><strong>tus,</strong></span> <span class='ocrx_word' id='word_1_273' title='bbox 294 2205 342 2232; x_wconf 91' lang='lat' dir='ltr'><strong>ne</strong></span> <span class='ocrx_word' id='word_1_274' title='bbox 365 2192 544 2246; x_wconf 89' lang='lat' dir='ltr'><strong>oppidum</strong></span> <span class='ocrx_word' id='word_1_275' title='bbox 566 2193 778 2242; x_wconf 87' lang='lat' dir='ltr'><strong>amitteret,</strong></span> <span class='ocrx_word' id='word_1_276' title='bbox 804 2193 906 2233; x_wconf 89' lang='lat' dir='ltr'><strong>unde</strong></span> <span class='ocrx_word' id='word_1_277' title='bbox 929 2193 1064 2246; x_wconf 87' lang='lat' dir='ltr'><strong>aquari</strong></span> <span class='ocrx_word' id='word_1_278' title='bbox 1083 2194 1318 2247; x_wconf 83' lang='lat' dir='ltr'><strong>reliquisque</strong></span> <span class='ocrx_word' id='word_1_279' title='bbox 1336 2193 1454 2233; x_wconf 87' lang='lat' dir='ltr'><strong>rebus</strong></span> <span class='ocrx_word' id='word_1_280' title='bbox 1475 2190 1673 2232; x_wconf 86' lang='lat' dir='ltr'><strong>subleuari</strong></span> 
     </span>
     <span class='ocr_line' id='line_1_31' title="bbox 190 2258 1746 2315; baseline -0.001 -16"><span class='ocrx_word' id='word_1_281' title='bbox 190 2260 275 2300; x_wconf 91' lang='lat' dir='ltr'><strong>eius</strong></span> <span class='ocrx_word' id='word_1_282' title='bbox 299 2261 499 2300; x_wconf 85' lang='lat' dir='ltr'><strong>exercitus</strong></span> <span class='ocrx_word' id='word_1_283' title='bbox 523 2268 758 2310; x_wconf 89' lang='lat' dir='ltr'><strong>consuerat,</strong></span> <span class='ocrx_word' id='word_1_284' title='bbox 793 2261 942 2301; x_wconf 91' lang='lat' dir='ltr'><strong>eductis</strong></span> <span class='ocrx_word' id='word_1_285' title='bbox 975 2262 1153 2301; x_wconf 90' lang='lat' dir='ltr'><strong>omnibus</strong></span> <span class='ocrx_word' id='word_1_286' title='bbox 1186 2262 1306 2315; x_wconf 90' lang='lat' dir='ltr'><strong>copiis</strong></span> <span class='ocrx_word' id='word_1_287' title='bbox 1329 2260 1568 2314; x_wconf 89' lang='lat' dir='ltr'><strong>quadruplici</strong></span> <span class='ocrx_word' id='word_1_288' title='bbox 1590 2258 1674 2299; x_wconf 88' lang='lat' dir='ltr'><strong>acie</strong></span> <span class='ocrx_word' id='word_1_289' title='bbox 1705 2264 1746 2297; x_wconf 86' lang='lat'><strong>30</strong></span> 
     </span>
     <span class='ocr_line' id='line_1_32' title="bbox 190 2326 1672 2384; baseline -0.003 -15"><span class='ocrx_word' id='word_1_290' title='bbox 190 2328 383 2369; x_wconf 88' lang='lat' dir='ltr'><strong>instructa</strong></span> <span class='ocrx_word' id='word_1_291' title='bbox 417 2342 468 2368; x_wconf 79' lang='lat' dir='ltr'><strong>ex</strong></span> <span class='ocrx_word' id='word_1_292' title='bbox 499 2328 681 2368; x_wconf 90' lang='lat' dir='ltr'><strong>instituto</strong></span> <span class='ocrx_word' id='word_1_293' title='bbox 714 2342 810 2378; x_wconf 88' lang='lat' dir='ltr'><strong>suo,</strong></span> <span class='ocrx_word' id='word_1_294' title='bbox 845 2329 968 2382; x_wconf 88' lang='lat' dir='ltr'><strong>prima</strong></span> <span class='ocrx_word' id='word_1_295' title='bbox 1001 2330 1172 2384; x_wconf 82' lang='lat' dir='ltr'><strong>equestri</strong></span> <span class='ocrx_word' id='word_1_296' title='bbox 1204 2329 1400 2369; x_wconf 89' lang='lat' dir='ltr'><strong>turmatim</strong></span> <span class='ocrx_word' id='word_1_297' title='bbox 1423 2327 1570 2367; x_wconf 85' lang='lat' dir='ltr'><strong>directa</strong></span> <span class='ocrx_word' id='word_1_298' title='bbox 1594 2326 1672 2366; x_wconf 87' lang='lat' dir='ltr'><strong>ele-</strong></span> 
     </span>
    </p>
   </div>
   <div class='ocr_carea' id='block_1_3' title="bbox 188 2412 1677 2919">
    <p class='ocr_par' dir='ltr' id='par_1_10' title="bbox 188 2412 1674 2612">
     <span class='ocr_line' id='line_1_33' title="bbox 331 2412 1674 2455; baseline -0.004 -9"><span class='ocrx_word' id='word_1_299' title='bbox 331 2415 350 2446; x_wconf 89' lang='lat'>4</span> <span class='ocrx_word' id='word_1_300' title='bbox 369 2413 535 2455; x_wconf 83' lang='lat' dir='ltr'><strong>agebatur</strong></span> <span class='ocrx_word' id='word_1_301' title='bbox 555 2415 586 2446; x_wconf 83' lang='lat' dir='ltr'><strong>b.</strong></span> <span class='ocrx_word' id='word_1_302' title='bbox 751 2414 903 2446; x_wconf 87' lang='lat' dir='ltr'><strong>turribus</strong></span> <span class='ocrx_word' id='word_1_303' title='bbox 923 2424 973 2445; x_wconf 83' lang='grc' dir='ltr'>ιιιι</span> <span class='ocrx_word' id='word_1_304' title='bbox 992 2424 1025 2455; x_wconf 82' lang='grc' dir='ltr'><strong>α,</strong></span> <span class='ocrx_word' id='word_1_305' title='bbox 1048 2417 1190 2447; x_wconf 79' lang='lat' dir='ltr'><strong>z&#39;nuerso</strong></span> <span class='ocrx_word' id='word_1_306' title='bbox 1209 2415 1331 2447; x_wconf 77' lang='lat' dir='ltr'><strong>ordine</strong></span> <span class='ocrx_word' id='word_1_307' title='bbox 1349 2413 1426 2444; x_wconf 77' lang='lat' dir='ltr'><strong>edd.</strong></span> <span class='ocrx_word' id='word_1_308' title='bbox 1578 2412 1595 2442; x_wconf 87' lang='lat'>5</span> <span class='ocrx_word' id='word_1_309' title='bbox 1616 2420 1674 2442; x_wconf 87' lang='lat' dir='ltr'><strong>ex-</strong></span> 
     </span>
     <span class='ocr_line' id='line_1_34' title="bbox 189 2464 1674 2507; baseline 0 -12"><span class='ocrx_word' id='word_1_310' title='bbox 189 2469 303 2496; x_wconf 86' lang='lat' dir='ltr'><strong>tructa</strong></span> <span class='ocrx_word' id='word_1_311' title='bbox 322 2475 355 2497; x_wconf 80' lang='lat' dir='ltr'><strong>a.</strong></span> <span class='ocrx_word' id='word_1_312' title='bbox 497 2467 644 2498; x_wconf 85' lang='lat' dir='ltr'><strong>animum</strong></span> <span class='ocrx_word' id='word_1_313' title='bbox 662 2467 846 2498; x_wconf 86' lang='lat' dir='ltr'><strong>aduertere</strong></span> <span class='ocrx_word' id='word_1_314' title='bbox 863 2468 924 2507; x_wconf 79' lang='lat' dir='ltr'><strong>ab,</strong></span> <span class='ocrx_word' id='word_1_315' title='bbox 939 2478 1007 2499; x_wconf 80' lang='lat' dir='ltr'><strong>non</strong></span> <span class='ocrx_word' id='word_1_316' title='bbox 1028 2468 1224 2499; x_wconf 87' lang='lat' dir='ltr'><strong>adnimadn.</strong></span> <span class='ocrx_word' id='word_1_317' title='bbox 1364 2466 1382 2497; x_wconf 93' lang='lat'><strong>7</strong></span> <span class='ocrx_word' id='word_1_318' title='bbox 1397 2466 1507 2498; x_wconf 86' lang='lat' dir='ltr'><strong>sensit</strong></span> <span class='ocrx_word' id='word_1_319' title='bbox 1525 2464 1674 2506; x_wconf 72' lang='lat' dir='ltr'><strong>Stepha-</strong></span> 
     </span>
     <span class='ocr_line' id='line_1_35' title="bbox 189 2516 1674 2560; baseline 0 -13"><span class='ocrx_word' id='word_1_320' title='bbox 189 2527 268 2557; x_wconf 65' lang='grc' dir='ltr'><strong>ηας,</strong></span> <span class='ocrx_word' id='word_1_321' title='bbox 291 2518 397 2550; x_wconf 88' lang='lat' dir='ltr'><strong>sentit</strong></span> <span class='ocrx_word' id='word_1_322' title='bbox 415 2529 435 2549; x_wconf 87' lang='grc' dir='ltr'><em>α</em></span> <span class='ocrx_word' id='word_1_323' title='bbox 458 2520 553 2551; x_wconf 56' lang='lat' dir='ltr'><strong>‘mssa</strong></span> <span class='ocrx_word' id='word_1_324' title='bbox 574 2519 620 2552; x_wconf 83' lang='lat'><strong>4&#39;.</strong></span> <span class='ocrx_word' id='word_1_325' title='bbox 765 2520 804 2552; x_wconf 82' lang='lat'><strong>10</strong></span> <span class='ocrx_word' id='word_1_326' title='bbox 824 2524 996 2552; x_wconf 78' lang='lat' dir='ltr'><strong>restantes</strong></span> <span class='ocrx_word' id='word_1_327' title='bbox 1016 2530 1036 2551; x_wconf 89' lang='grc' dir='ltr'><em>α</em></span> <span class='ocrx_word' id='word_1_328' title='bbox 1057 2521 1074 2551; x_wconf 81' lang='lat' dir='ltr'><strong>b</strong></span> <span class='ocrx_word' id='word_1_329' title='bbox 1092 2531 1120 2560; x_wconf 83' lang='lat' dir='ltr'><strong>e,</strong></span> <span class='ocrx_word' id='word_1_330' title='bbox 1142 2520 1342 2551; x_wconf 85' lang='lat' dir='ltr'><strong>resistentes</strong></span> <span class='ocrx_word' id='word_1_331' title='bbox 1361 2527 1396 2548; x_wconf 77' lang='lat' dir='ltr'><strong>u.</strong></span> <span class='ocrx_word' id='word_1_332' title='bbox 1549 2517 1590 2549; x_wconf 56' lang='lat'><strong>¹12</strong></span> <span class='ocrx_word' id='word_1_333' title='bbox 1603 2516 1674 2547; x_wconf 89' lang='lat' dir='ltr'><strong>ani·</strong></span> 
     </span>
     <span class='ocr_line' id='line_1_36' title="bbox 188 2569 1529 2612; baseline -0.001 -12"><span class='ocrx_word' id='word_1_334' title='bbox 188 2579 276 2601; x_wconf 87' lang='lat' dir='ltr'><strong>mum</strong></span> <span class='ocrx_word' id='word_1_335' title='bbox 295 2570 521 2603; x_wconf 86' lang='lat' dir='ltr'><strong>aduerterunt</strong></span> <span class='ocrx_word' id='word_1_336' title='bbox 539 2582 559 2603; x_wconf 83' lang='lat' dir='ltr'><strong>a</strong></span> <span class='ocrx_word' id='word_1_337' title='bbox 578 2572 677 2612; x_wconf 80' lang='lat' dir='ltr'><strong>(is—</strong></span> <span class='ocrx_word' id='word_1_338' title='bbox 690 2571 780 2610; x_wconf 81' lang='lat' dir='ltr'><strong>rent)</strong></span> <span class='ocrx_word' id='word_1_339' title='bbox 801 2572 831 2611; x_wconf 82' lang='lat' dir='ltr'><strong>b,</strong></span> <span class='ocrx_word' id='word_1_340' title='bbox 846 2582 914 2603; x_wconf 85' lang='lat' dir='ltr'><strong>non</strong></span> <span class='ocrx_word' id='word_1_341' title='bbox 934 2572 1105 2602; x_wconf 87' lang='lat' dir='ltr'><strong>animadn.</strong></span> <span class='ocrx_word' id='word_1_342' title='bbox 1247 2569 1529 2609; x_wconf 84' lang='lat' dir='ltr'><strong>obcaecatac(a).</strong></span> 
     </span>
    </p>

    <p class='ocr_par' dir='ltr' id='par_1_11' title="bbox 190 2619 1530 2664">
     <span class='ocr_line' id='line_1_37' title="bbox 190 2619 1530 2664; baseline -0.001 -12"><span class='ocrx_word' id='word_1_343' title='bbox 190 2620 230 2653; x_wconf 81' lang='lat'><strong>13</strong></span> <span class='ocrx_word' id='word_1_344' title='bbox 244 2619 361 2661; x_wconf 85' lang='lat' dir='ltr'><strong>fegere</strong></span> <span class='ocrx_word' id='word_1_345' title='bbox 379 2631 412 2653; x_wconf 83' lang='grc' dir='ltr'><strong>[ι.</strong></span> <span class='ocrx_word' id='word_1_346' title='bbox 556 2627 733 2664; x_wconf 82' lang='lat' dir='ltr'><strong>postquam</strong></span> <span class='ocrx_word' id='word_1_347' title='bbox 753 2632 774 2653; x_wconf 82' lang='lat' dir='ltr'><em>a</em></span> <span class='ocrx_word' id='word_1_348' title='bbox 789 2622 805 2653; x_wconf 80' lang='lat' dir='ltr'><strong><em>b</em></strong></span> <span class='ocrx_word' id='word_1_349' title='bbox 820 2632 837 2653; x_wconf 85' lang='lat' dir='ltr'><strong>c</strong></span> <span class='ocrx_word' id='word_1_350' title='bbox 854 2623 875 2655; x_wconf 81' lang='lat'><strong>2</strong></span> <span class='ocrx_word' id='word_1_351' title='bbox 892 2622 995 2662; x_wconf 60' lang='lat' dir='ltr'><strong>dett„</strong></span> <span class='ocrx_word' id='word_1_352' title='bbox 1013 2627 1128 2664; x_wconf 84' lang='lat' dir='ltr'><strong>postea</strong></span> <span class='ocrx_word' id='word_1_353' title='bbox 1146 2620 1347 2662; x_wconf 73' lang='lat' dir='ltr'><strong>Stephanus</strong></span> <span class='ocrx_word' id='word_1_354' title='bbox 1365 2630 1400 2650; x_wconf 77' lang='grc' dir='ltr'><strong>η.</strong></span> <span class='ocrx_word' id='word_1_355' title='bbox 1420 2619 1459 2651; x_wconf 92' lang='grc' dir='ltr'><strong>Ρ.</strong></span> <span class='ocrx_word' id='word_1_356' title='bbox 1476 2620 1530 2652; x_wconf 92' lang='grc'><strong>17.</strong></span> 
     </span>
    </p>

    <p class='ocr_par' dir='ltr' id='par_1_12' title="bbox 189 2670 1677 2919">
     <span class='ocr_line' id='line_1_38' title="bbox 191 2670 1677 2714; baseline -0.001 -11"><span class='ocrx_word' id='word_1_357' title='bbox 191 2672 231 2704; x_wconf 86' lang='grc'><strong>18</strong></span> <span class='ocrx_word' id='word_1_358' title='bbox 244 2672 551 2714; x_wconf 85' lang='lat' dir='ltr'><strong>pollicitationibus</strong></span> <span class='ocrx_word' id='word_1_359' title='bbox 566 2684 597 2704; x_wconf 84' lang='lat' dir='ltr'><strong>a.</strong></span> <span class='ocrx_word' id='word_1_360' title='bbox 736 2673 779 2706; x_wconf 81' lang='lat'><strong>20</strong></span> <span class='ocrx_word' id='word_1_361' title='bbox 795 2674 966 2705; x_wconf 86' lang='lat' dir='ltr'><strong>seruanda</strong></span> <span class='ocrx_word' id='word_1_362' title='bbox 979 2683 1054 2714; x_wconf 75' lang='lat' dir='ltr'><strong>ega,</strong></span> <span class='ocrx_word' id='word_1_363' title='bbox 1068 2676 1233 2714; x_wconf 82' lang='lat' dir='ltr'><strong>peruenta</strong></span> <span class='ocrx_word' id='word_1_364' title='bbox 1244 2682 1286 2712; x_wconf 85' lang='lat' dir='ltr'><strong>a,-</strong></span> <span class='ocrx_word' id='word_1_365' title='bbox 1301 2671 1480 2713; x_wconf 84' lang='lat' dir='ltr'><strong>partienda</strong></span> <span class='ocrx_word' id='word_1_366' title='bbox 1492 2670 1626 2711; x_wconf 76' lang='lat' dir='ltr'><strong>reliqui</strong></span> <span class='ocrx_word' id='word_1_367' title='bbox 1642 2673 1677 2701; x_wconf 81' lang='lat' dir='ltr'><strong>et</strong></span> 
     </span>
     <span class='ocr_line' id='line_1_39' title="bbox 189 2721 1675 2765; baseline -0.002 -11"><span class='ocrx_word' id='word_1_368' title='bbox 189 2733 351 2765; x_wconf 73' lang='lat' dir='ltr'><strong>supi-asc.</strong></span> <span class='ocrx_word' id='word_1_369' title='bbox 370 2733 403 2754; x_wconf 85' lang='lat' dir='ltr'><strong>a.</strong></span> <span class='ocrx_word' id='word_1_370' title='bbox 417 2724 454 2754; x_wconf 89' lang='lat' dir='ltr'><strong>P.</strong></span> <span class='ocrx_word' id='word_1_371' title='bbox 469 2724 547 2758; x_wconf 74' lang='lat'><strong>212.</strong></span> <span class='ocrx_word' id='word_1_372' title='bbox 689 2723 871 2755; x_wconf 85' lang='lat' dir='ltr'><strong>noluerant</strong></span> <span class='ocrx_word' id='word_1_373' title='bbox 891 2724 922 2754; x_wconf 83' lang='lat' dir='ltr'><strong>b.</strong></span> <span class='ocrx_word' id='word_1_374' title='bbox 1061 2721 1247 2757; x_wconf 77' lang='lat' dir='ltr'><strong>22Cacsar</strong></span> <span class='ocrx_word' id='word_1_375' title='bbox 1266 2727 1401 2764; x_wconf 87' lang='lat' dir='ltr'><strong>postero</strong></span> <span class='ocrx_word' id='word_1_376' title='bbox 1422 2722 1474 2754; x_wconf 88' lang='lat' dir='ltr'><strong>die</strong></span> <span class='ocrx_word' id='word_1_377' title='bbox 1493 2732 1526 2761; x_wconf 79' lang='lat' dir='ltr'><strong>a,</strong></span> <span class='ocrx_word' id='word_1_378' title='bbox 1542 2726 1675 2764; x_wconf 85' lang='lat' dir='ltr'><strong>postero</strong></span> 
     </span>
     <span class='ocr_line' id='line_1_40' title="bbox 190 2773 1676 2814; baseline 0.001 -8"><span class='ocrx_word' id='word_1_379' title='bbox 190 2774 243 2806; x_wconf 86' lang='lat' dir='ltr'><strong>die</strong></span> <span class='ocrx_word' id='word_1_380' title='bbox 263 2773 393 2807; x_wconf 85' lang='lat' dir='ltr'><strong>Caesar</strong></span> <span class='ocrx_word' id='word_1_381' title='bbox 410 2775 490 2807; x_wconf 81' lang='lat' dir='ltr'><strong>edd.</strong></span> <span class='ocrx_word' id='word_1_382' title='bbox 645 2774 686 2807; x_wconf 76' lang='lat'><strong>‘23</strong></span> <span class='ocrx_word' id='word_1_383' title='bbox 707 2775 849 2806; x_wconf 81' lang='lat' dir='ltr'><strong>deduxit</strong></span> <span class='ocrx_word' id='word_1_384' title='bbox 867 2785 888 2806; x_wconf 86' lang='grc' dir='ltr'><em>α</em></span> <span class='ocrx_word' id='word_1_385' title='bbox 904 2776 934 2814; x_wconf 79' lang='lat' dir='ltr'><strong>b,</strong></span> <span class='ocrx_word' id='word_1_386' title='bbox 956 2775 1074 2806; x_wconf 83' lang='lat' dir='ltr'><strong>eduxit</strong></span> <span class='ocrx_word' id='word_1_387' title='bbox 1093 2786 1120 2806; x_wconf 81' lang='lat' dir='ltr'><strong>c.</strong></span> <span class='ocrx_word' id='word_1_388' title='bbox 1286 2775 1328 2808; x_wconf 71' lang='lat'><strong>26</strong></span> <span class='ocrx_word' id='word_1_389' title='bbox 1349 2775 1550 2807; x_wconf 86' lang='lat' dir='ltr'><strong>instructam</strong></span> <span class='ocrx_word' id='word_1_390' title='bbox 1569 2775 1676 2809; x_wconf 82' lang='lat' dir='ltr'><strong>aciem</strong></span> 
     </span>
     <span class='ocr_line' id='line_1_41' title="bbox 190 2825 1531 2868; baseline -0.001 -11"><span class='ocrx_word' id='word_1_391' title='bbox 190 2836 212 2857; x_wconf 83' lang='lat' dir='ltr'><strong>a</strong></span> <span class='ocrx_word' id='word_1_392' title='bbox 232 2827 261 2858; x_wconf 88' lang='lat' dir='ltr'><strong>b.</strong></span> <span class='ocrx_word' id='word_1_393' title='bbox 410 2826 452 2859; x_wconf 78' lang='lat'><strong>27</strong></span> <span class='ocrx_word' id='word_1_394' title='bbox 473 2825 620 2859; x_wconf 84' lang='lat' dir='ltr'><strong>accessit</strong></span> <span class='ocrx_word' id='word_1_395' title='bbox 639 2826 765 2858; x_wconf 80' lang='lat' dir='ltr'><strong>leniter</strong></span> <span class='ocrx_word' id='word_1_396' title='bbox 783 2836 815 2865; x_wconf 83' lang='lat' dir='ltr'><strong>a,</strong></span> <span class='ocrx_word' id='word_1_397' title='bbox 837 2825 962 2857; x_wconf 84' lang='lat' dir='ltr'><strong>leniter</strong></span> <span class='ocrx_word' id='word_1_398' title='bbox 980 2827 1130 2858; x_wconf 79' lang='lat' dir='ltr'><strong>accessit</strong></span> <span class='ocrx_word' id='word_1_399' title='bbox 1149 2826 1225 2858; x_wconf 77' lang='lat' dir='ltr'><strong>edd.</strong></span> <span class='ocrx_word' id='word_1_400' title='bbox 1378 2826 1476 2868; x_wconf 50' lang='lat' dir='ltr'><strong>pass</strong></span> <span class='ocrx_word' id='word_1_401' title='bbox 1498 2835 1531 2858; x_wconf 83' lang='grc' dir='ltr'><strong>α.</strong></span> 
     </span>
     <span class='ocr_line' id='line_1_42' title="bbox 192 2875 938 2919; baseline -0.003 -10"><span class='ocrx_word' id='word_1_402' title='bbox 192 2875 319 2919; x_wconf 77' lang='lat' dir='ltr'><strong>sztta</strong></span> <span class='ocrx_word' id='word_1_403' title='bbox 336 2887 368 2918; x_wconf 84' lang='grc' dir='ltr'><strong>α,</strong></span> <span class='ocrx_word' id='word_1_404' title='bbox 391 2876 491 2909; x_wconf 84' lang='lat' dir='ltr'><strong>Vzita</strong></span> <span class='ocrx_word' id='word_1_405' title='bbox 509 2887 544 2909; x_wconf 75' lang='grc' dir='ltr'><strong>η.</strong></span> <span class='ocrx_word' id='word_1_406' title='bbox 687 2876 725 2909; x_wconf 88' lang='grc'><strong>31</strong></span> <span class='ocrx_word' id='word_1_407' title='bbox 747 2875 887 2908; x_wconf 79' lang='lat' dir='ltr'><strong>derecta</strong></span> <span class='ocrx_word' id='word_1_408' title='bbox 907 2876 938 2907; x_wconf 79' lang='lat' dir='ltr'><strong>I).</strong></span> 
     </span>
    </p>
   </div>
  </div>
 </body>
</html>
