1835 3240
519 751 574 797 C.
625 750 831 798 IVLII
877 749 1262 797 CAESARIS

339 894 1434 965 FRAGMENTA.

714 1199 1062 1243 ORATIONES.

265 1271 353 1313 Cic.
379 1270 500 1312 Brut.
524 1268 604 1320 72,
627 1268 735 1311 252:
770 1269 831 1310 De
855 1268 1030 1311 Caesare
1059 1269 1115 1310 ita
1135 1268 1291 1320 iudico,
1324 1268 1434 1310 illum
1466 1269 1638 1310 omnium

147 1341 229 1381 fere
252 1347 451 1380 oratorum
474 1336 618 1379 Latine
640 1338 745 1392 loqui
769 1338 1063 1392 elegantissime
1078 1369 1088 1388 ‚
1120 1352 1194 1379 nec
1215 1337 1254 1378 id
1276 1337 1399 1378 solum
1422 1337 1638 1378 domestica

148 1408 449 1458 consuetudine,
475 1414 518 1447 ut
539 1406 679 1447 dudum
702 1407 748 1446 de
770 1405 997 1447 Laeliorum
1021 1412 1059 1446 et
1079 1405 1300 1446 Muciorum
1325 1406 1482 1446 familiis
1504 1406 1639 1446 audie-

100 1485 118 1517 5
149 1476 287 1516 hamus
304 1493 314 1527 3
332 1476 399 1516 sed
423 1489 654 1529 quamquam
676 1474 712 1515 id
737 1489 888 1529 quoque
911 1474 1028 1515 credo
1052 1474 1188 1526 fuisse,
1204 1481 1352 1524 tamen,
1368 1481 1412 1514 ut
1426 1479 1534 1515 esset
1550 1487 1640 1528 per-

146 1545 247 1584 fecta
270 1544 333 1584 illa
356 1544 457 1584 bene
479 1543 662 1596 loquendi
684 1542 788 1593 laus,
804 1544 937 1584 multis
959 1543 1103 1584 litteris
1121 1550 1159 1584 et
1177 1543 1234 1584 eis
1252 1542 1406 1597 quidem
1423 1541 1640 1583 reconditis

147 1619 186 1652 et
206 1612 414 1665 exquisitis
433 1625 662 1665 summoque
678 1611 807 1652 studio
825 1618 865 1651 et
881 1612 1082 1667 diligentia
1100 1618 1160 1653 est
1177 1617 1430 1652 consecutus.
1444 1610 1515 1661 74,
1529 1609 1638 1651 2585

147 1678 283 1721 Solum
317 1680 470 1733 quidem
503 1687 544 1720 et
574 1680 685 1732 quasi
719 1680 1010 1720 fundamentum
1036 1680 1207 1720 oratoris
1229 1680 1366 1728 uides,
1400 1679 1639 1720 locutionem

147 1748 391 1789 emendatam
413 1754 451 1787 et
472 1746 683 1798 Latinam3
708 1747 818 1787 cuius
841 1760 962 1800 penes
985 1760 1081 1800 quos
1103 1747 1189 1787 laus
1211 1746 1337 1787 adhuc
1359 1745 1449 1796 fuit,
1470 1746 1639 1787 nonfuit

74 1823 113 1857 10
143 1815 310 1857 rationis
341 1822 407 1855 aut
437 1814 654 1865 scientiae,
688 1815 757 1855 sed
790 1815 904 1868 quasi
934 1814 1062 1855 bonae
1085 1814 1400 1856 consuetudinis.
1424 1814 1505 1865 75,
1528 1812 1638 1856 261:

147 1882 301 1925 Caesar
331 1890 462 1924 autem
490 1883 685 1924 rationem
715 1882 903 1924 adhibens
933 1884 1260 1926 consuetudinem
1282 1883 1466 1924 uitiosam
1490 1889 1530 1924 et
1551 1896 1642 1924 cor-

146 1959 298 2005 ruptam
331 1965 427 2005 pura
459 1957 499 1991 et
528 1951 758 2005 incorrupta
779 1952 1064 1993 consuetudine
1086 1953 1283 1993 emendat.
1323 1950 1462 2005 Itaque
1483 1965 1571 1992 cum
1592 1951 1641 1992 ad

148 2019 250 2060 hanc
273 2018 510 2074 elegantiam
533 2018 742 2059 uerborum
764 2018 1001 2060 Latinorum
1018 2051 1029 2071 ,
1064 2034 1165 2074 quae
1180 2051 1191 2071 ,
1225 2019 1380 2061 etiamsi
1403 2027 1541 2061 orator
1560 2033 1641 2060 non

148 2088 203 2129 sis
227 2095 267 2128 et
288 2087 342 2127 sis
364 2087 560 2142 ingenuus
584 2086 681 2127 ciuis
704 2085 933 2138 Romanus,
957 2094 1090 2128 tamen
1112 2089 1341 2129 necessaria
1362 2094 1439 2138 est,
1463 2088 1641 2144 adiungit

77 2164 116 2197 15
148 2156 215 2197 illa
237 2155 412 2196 oratoria
434 2162 668 2195 ornamenta
691 2155 860 2205 dicendi,
876 2162 954 2195 tum
979 2156 1135 2196 uidetur
1156 2163 1350 2210 tamquam
1368 2155 1522 2197 tabulas
1539 2156 1641 2198 hene

147 2225 272 2278 pietas
295 2224 491 2264 collocare
512 2222 551 2262 in
569 2223 673 2263 bono
695 2223 855 2263 lumine.
890 2222 1005 2263 Hanc
1022 2238 1109 2264 cum
1128 2223 1269 2265 habeat
1290 2224 1540 2279 praecipuam
1556 2225 1641 2266 lau-

149 2292 261 2342 dem,
295 2291 336 2331 in
364 2291 635 2332 communibus
667 2305 746 2331 non
779 2291 895 2332 uideo
927 2292 990 2333 cui
1021 2292 1162 2333 debeat
1190 2292 1345 2334 cedere.
1386 2290 1640 2347 Splendidam

150 2359 341 2413 quandam
373 2359 610 2415 minimeque
641 2361 923 2401 ueteratoriam
950 2360 1146 2401 rationem
1177 2361 1327 2402 dicendi
1355 2367 1491 2413 tenet,
1524 2375 1638 2412 uoce,

148 2434 272 2478 motu,
298 2429 424 2468 forma
445 2427 562 2468 etiam
585 2428 791 2483 magnifica
813 2435 852 2469 et
873 2442 1068 2483 generosa
1085 2429 1386 2482 quodammodo.
1422 2428 1523 2470 Tum
1535 2428 1641 2470 Bru-

75 2502 118 2535 20
151 2502 236 2535 tus:
256 2493 471 2536 Orationes
494 2496 648 2549 quidem
672 2496 756 2538 eius
778 2497 870 2538 mihi
891 2497 1146 2538 uehementer
1158 2497 1400 2552 probantur3
1416 2498 1637 2553 complures

152 2569 283 2604 autem
304 2563 398 2616 legi.

266 2631 435 2672 sueton.
463 2633 580 2674 Caes.
607 2632 684 2674 55:
726 2632 963 2687 Eloquentia
985 2640 1053 2674 aut
1073 2634 1258 2688 aequauit
1279 2634 1642 2689 praestantissimo-

152 2712 236 2738 rum
260 2698 426 2751 gloriam
448 2708 515 2740 aut
536 2702 725 2742 excessit.
762 2700 861 2743 Post
882 2703 1174 2744 accusationem
1193 2701 1424 2744 Dolabellae
1446 2702 1549 2743 haud
1570 2701 1641 2743 du-

154 2766 217 2807 bie
239 2766 477 2820 principibus
500 2769 675 2821 patronis
697 2778 978 2812 annumeratus
1000 2778 1071 2812 est.
1109 2768 1232 2813 Certe
1248 2768 1392 2813 Cicero
1413 2769 1462 2811 ad
1474 2767 1641 2810 Brutum

268 2869 467 2891 ANNOTATIO.
511 2859 525 2892 1
549 2860 748 2904 Orationes,
770 2866 813 2895 ut
823 2873 896 2905 par
912 2867 1002 2907 erat,
1023 2874 1083 2897 eas
1105 2868 1250 2898 tantum
1268 2863 1639 2904 commemorauimus,

156 2919 245 2951 quas
262 2911 449 2952 scripsisse
468 2909 652 2944 Caesarem
671 2914 872 2947 constabat.
