1835 3240
676 209 1075 250 *49*

135 326 285 367 Caesar
306 322 532 376 scripserit,
567 337 645 362 non
678 323 768 375 quid
799 336 869 376 per
897 337 940 363 se
961 330 1112 363 rectum
1134 324 1208 373 sit,
1243 339 1342 377 quae
1373 330 1491 370 multa
1524 346 1611 373 esse

132 398 319 447 possunt,
355 391 580 431 coniectura
613 403 663 430 ex
694 390 927 444 optimorum
961 391 1136 430 codicum
1169 392 1348 445 uestigiis
1381 395 1495 436 dueta
1525 400 1611 440 sine

130 460 209 499 ulla
230 457 472 498 dubitatione
503 458 703 498 blanditiis
735 458 1046 498 membranarum
1079 471 1125 498 ea
1146 460 1316 513 uestigia
1338 460 1610 507 deserentibus

130 526 387 581 praeferenda
418 533 491 566 est.
555 527 684 577 Atque
716 526 957 578 praestantia
990 526 1226 579 optimorum
1258 528 1434 570 codicum
1467 533 1611 573 factum

129 603 211 644 est,
243 601 287 634 ut
307 593 575 634 commentarii
600 593 646 632 de
668 592 768 632 bello
792 592 944 633 Gallico
960 624 970 642 ,
994 594 1167 634 maxime
1188 595 1340 647 quidem
1363 597 1540 650 priores,
1567 613 1611 640 ea

129 663 355 716 integritate
378 661 489 701 1101115
511 661 657 701 seruati
680 662 785 711 sint,
822 675 898 714 qua
927 661 1060 715 paucis
1093 670 1272 703 ueterum
1301 663 1409 705 libris
1439 672 1480 704 ut
1502 667 1613 708 nobis

130 731 383 771 traderentur
403 729 584 783 contigit.
635 728 697 768 Eo
728 729 912 769 miserior
942 736 1057 782 atque
1089 730 1187 769 adeo
1210 730 1415 785 desperata
1437 740 1498 774 est
1521 749 1614 775 con-

129 799 228 839 dicio
250 799 489 850 reliquorum
513 797 898 837 commentariorum.
931 796 1053 847 Nam,
1079 812 1166 838 cum
1190 798 1227 839 hi
1250 800 1344 839 solis
1366 801 1613 855 interpolatis

129 866 327 907 codicibus
350 864 499 905 seruati
531 865 634 914 sint,
670 878 750 904 non
782 865 907 905 solum
939 866 1195 906 uehementer
1216 868 1426 919 genuinam
1450 869 1611 910 formam

128 935 385 976 adulteratam
409 946 497 972 esse
515 939 663 973 certum
682 940 755 982 est,
781 946 916 973 uerum
937 934 1052 973 etiam
1071 948 1149 973 non
1166 948 1289 988 pauca
1304 936 1359 975 ita
1378 937 1611 988 adulterata,

128 1011 171 1043 ut
193 1002 366 1042 fraudem
389 1014 437 1039 ne
460 1013 678 1053 agnoscere
700 1000 853 1053 quidem
876 1001 1007 1041 liceat.
1062 998 1169 1053 Quot
1190 1003 1292 1042 enim
1315 1003 1421 1043 locos
1443 1004 1483 1044 in
1505 1005 1614 1046 libris

127 1071 173 1110 de
195 1070 296 1109 110110
320 1066 473 1108 Gallico
497 1068 722 1108 necessario
754 1068 807 1107 ita
839 1081 861 1107 a
884 1066 1061 1109 Caesare
1083 1070 1252 1123 scriptos
1276 1071 1612 1122 existimaremus,

128 1145 170 1178 ut
191 1138 229 1177 in
252 1135 500 1189 interpolatis
524 1134 723 1175 codicibus
754 1135 961 1190 leguntur,
994 1137 1070 1177 nisi
1098 1137 1244 1192 integri
1279 1152 1357 1178 non
1380 1136 1613 1190 Caesarem,

127 1206 195 1246 sed
217 1204 445 1257 magistrum
467 1203 521 1242 ita
542 1203 750 1256 scripsisse
774 1203 1028 1244 euincerent!
1084 1202 1162 1245 Sed
1186 1205 1285 1245 lianc
1308 1213 1456 1259 partem
1482 1208 1616 1261 deplo-

126 1286 217 1313 rare
239 1272 354 1312 licet:
381 1270 505 1310 sicubi
530 1271 637 1310 fraus
661 1284 703 1310 se
726 1271 808 1324 ipsa
831 1272 1024 1325 prodidit,
1060 1273 1145 1313 acie
1168 1273 1308 1313 mentis
1331 1273 1483 1314 intenta
1508 1282 1615 1315 certe

128 1353 345 1393 coarguere
367 1352 452 1378 eam
475 1352 699 1391 possumus.
753 1337 860 1378 Nam
891 1325 1011 1395 saepe
1044 1342 1115 1381 hoc
1138 1341 1214 1381 erit
1237 1342 1390 1381 facilius
1413 1356 1526 1395 quam
1551 1342 1617 1382 de-

130 1407 356 1448 monstratis
390 1406 555 1445 fallaciis
586 1405 830 1458 inuestigare
852 1421 1006 1447 uerum.
1070 1406 1200 1461 Saepe
1235 1409 1336 1448 enim
1369 1422 1417 1449 ne
1446 1410 1615 1464 uestigia

130 1476 284 1532 quidem
307 1472 489 1524 antiquae
511 1473 732 1524 scripturae
754 1480 914 1512 seruata
936 1481 1028 1513 sunt
1043 1505 1052 1523 ,
1079 1489 1197 1528 saepe
1218 1475 1501 1528 interpolator,
1527 1491 1615 1517 cum

129 1544 204 1582 iam
227 1546 450 1594 corruptam
473 1539 706 1591 scripturam
729 1541 974 1590 inuenisset,
1007 1556 1078 1582 sua
1110 1543 1333 1583 temeritate
1365 1557 1480 1583 omne
1502 1544 1615 1585 nobis

129 1608 360 1650 emendandi
390 1607 685 1646 fundamentum
718 1607 875 1660 eripuit.
930 1608 1039 1649 Haec
1071 1610 1134 1661 qui
1164 1610 1504 1658 considerauerit,
1537 1627 1616 1652 non

128 1675 332 1717 mirabitur
353 1681 392 1714 et
413 1673 740 1726 interpolationes
763 1681 803 1713 et
824 1675 990 1715 uulnera
1013 1676 1249 1729 grauissima
1272 1691 1343 1717 nos
1361 1678 1401 1717 in
1424 1679 1483 1719 his
1506 1679 1616 1721 libris

130 1743 346 1784 detexisse.
399 1739 444 1780 In
468 1755 543 1794 qua
563 1754 607 1780 re
629 1741 684 1780 ita
705 1742 857 1782 uersari
891 1743 1136 1791 studuimus,
1171 1750 1213 1783 ut
1243 1758 1346 1784 neue
1379 1746 1465 1786 sine
1498 1761 1617 1788 causa

129 1811 410 1856 dubitaremus,
445 1821 569 1858 neue,
602 1823 687 1849 011111
719 1810 842 1850 11151115
865 1825 1007 1851 causas
1041 1811 1298 1862 uidissemus,
1333 1812 1615 1856 dubitationem

128 1886 302 1920 nostram
348 1890 630 1930 premeremus.
694 1875 1026 1931 Superstitionem
1072 1880 1174 1920 0111111
1223 1895 1310 1921 cum
1351 1882 1494 1935 ubique
1535 1891 1614 1924 tum

130 1946 300 1986 maxime
332 1945 372 1984 in
404 1945 475 1984 bac
506 1952 616 1998 parte
647 1946 832 1999 scriptori
862 1947 986 1987 exitio
1016 1948 1212 1998 suturam,
1247 1949 1469 1991 temeritate
1503 1951 1616 1992 facile

128 2015 256 2068 ipsum
279 2010 494 2053 Caesarem
517 2027 587 2066 pro
610 2013 798 2068 magistro
821 2015 1005 2055 afflictum
1028 2016 1077 2055 iri
1100 2017 1347 2070 putabamus.

242 2080 356 2121 Hanc
377 2081 571 2121 rationem
593 2088 708 2133 atque
730 2081 834 2121 uiam
857 2090 1018 2123 secutus
1042 2084 1162 2125 uerba
1184 2086 1390 2140 scriptoris
1412 2088 1613 2127 recensui.

130 2147 218 2202 Quo
240 2149 363 2201 magis
394 2156 523 2189 autem
558 2149 731 2189 codicem
763 2151 1018 2204 archetypum
1037 2153 1311 2206 'exprimerem
1335 2169 1472 2195 omnes
1494 2156 1618 2196 inter-

128 2216 347 2271 polationes
371 2217 483 2270 paulo
506 2217 700 2267 maiores,
738 2232 834 2271 quas
865 2219 906 2258 in
936 2218 1004 2258 illo
1035 2219 1111 2259 iam
1135 2221 1256 2261 fuisse
1279 2223 1434 2263 codices
1458 2223 1618 2264 demon-

129 2284 323 2334 strabant,
340 2285 452 2324 uncis
469 2285 799 2326 circumscribere
815 2301 930 2340 quam
948 2287 1078 2327 eicere
1096 2289 1241 2339 111111111;
1267 2304 1366 2343 quae
1384 2291 1619 2332 exciderant

129 2358 169 2391 et
189 2359 298 2392 recte
321 2352 494 2406 suppleri
516 2367 632 2406 posse
654 2354 916 2403 uidebantur,
943 2355 1172 2408 proclinatis
1195 2357 1336 2398 litteris
1370 2359 1518 2413 scripta
1549 2360 1618 2399 ad-

128 2419 230 2469 didi,
268 2433 394 2473 neque
417 2420 593 2460 codicum
617 2422 852 2475 scripturam
875 2423 1024 2462 mutaui
1041 2454 1050 2472 ,
1075 2423 1153 2464 11151
1176 2425 1240 2464 11111
1263 2433 1411 2466 certam
1435 2428 1617 2467 emenda-

127 2486 271 2527 tionem
295 2487 492 2538 tenebam,
518 2490 784 2542 corruptelas,
811 2490 948 2543 quibus
979 2504 1105 2544 neque
1129 2506 1200 2546 ego
1231 2506 1356 2546 neque
1390 2495 1616 2548 superiores

127 2555 273 2595 mederi
298 2561 533 2608 potuerant,
559 2570 677 2596 cruce
700 2565 857 2598 notatas
880 2558 1039 2610 reliqui.
1104 2557 1438 2615 Orthographiam
1463 2577 1616 2617 quoque

129 2622 386 2674 antiquiorem
407 2624 601 2665 reducere
623 2633 788 2666 conatus
811 2640 895 2665 sum
912 2656 921 2673 ,
957 2633 1144 2679 quantum
1167 2641 1237 2680 per
1253 2629 1435 2682 antiquos
1459 2631 1614 2671 codices

130 2695 168 2727 et
189 2689 428 2739 diligentiam
452 2705 611 2742 eorum,
645 2707 667 2733 a
690 2694 827 2746 quibus
851 2693 982 2734 collati
1006 2702 1096 2734 sunt
1113 2726 1123 2744 ,
1158 2695 1329 2745 licebat3
1367 2699 1614 2738 constantiae

140 2755 281 2807 :tidem
304 2758 455 2798 laudem
477 2759 518 2798 in
540 2760 610 2800 hac
632 2775 677 2801 re
701 2776 943 2815 nequaquam
969 2763 1170 2815 quaesiui,
1196 2777 1217 2803 a
1241 2778 1316 2816 qua
1340 2772 1497 2805 ueteres
1519 2766 1617 2805 seri-

131 2829 263 2875 ptores
286 2823 514 2878 longissime
529 2828 676 2869 afuisse
695 2829 967 2882 antiquissima
989 2830 1207 2871 litterarum
1230 2840 1481 2873 monumenta
1505 2833 1615 2872 euin·

132 2896 242 2929 cunt.
286 2889 431 2931 Verbis
460 2894 665 2947 scriptoris
699 2897 846 2938 subieci
881 2912 1018 2939 omnes
1050 2899 1336 2953 discrepantias
1368 2900 1613 2953 integrorum

167 2976 283 3008 Cacsarq
306 2978 350 3005 cd.
374 2978 512 3015 Nipperd.
1312 2966 1337 3006 4
