1835 3240
706 159 1134 201 -103—

178 273 307 326 magni
331 273 492 311 faceret.
530 269 608 311 Sed
630 272 667 311 id
691 271 804 325 plane
826 273 1065 313 eontrarium
1085 280 1160 321 est,
1185 288 1271 312 (tum
1296 276 1490 327 equitibus
1514 284 1664 319 tantum

179 340 338 387 tribuat,
363 345 406 378 ut
427 338 483 379 eis
506 340 569 379 uel
591 340 769 393 legiones
792 338 981 381 Caesaris
1003 354 1046 381 se
1070 342 1293 394 fugaturum
1317 344 1500 382 confidat.
1535 342 1580 384 In
1603 360 1665 386 re-

177 407 292 459 liquis
315 406 426 446 codd.
452 406 596 460 legitur
627 412 682 447 ‘et
702 407 808 461 ipsos
831 408 984 460 quidem
1008 423 1084 447 non
1109 409 1252 448 debere
1275 408 1482 449 dubitare'.
1527 410 1663 464 Itaque

176 475 272 514 haee
294 475 347 514 ita
370 474 578 514 scribenda
601 475 760 514 censui:
788 474 908 515 ‘Nam
933 476 979 515 de
1001 475 1194 528 equitibus
1218 475 1408 526 hostium,
1435 477 1527 529 quin
1550 493 1663 519 nemo

175 556 308 582 eorum
334 542 514 595 progredi
539 542 651 581 modo
674 549 790 581 extra
820 556 959 595 agmen
991 543 1156 591 audeat,
1189 550 1229 582 et
1259 543 1365 596 ipsos
1398 544 1552 596 quidem
1585 560 1663 586 non

173 610 316 649 debere
339 610 538 658 dubitare,
573 616 635 657 et,
672 623 747 661 quo
769 610 916 650 maiore
938 610 1086 649 faciant
1106 610 1236 650 animo
1253 641 1263 660 ,
1297 611 1429 664 copias
1461 625 1505 652 se
1527 627 1662 653 omnes

172 691 241 730 pro
265 677 407 716 castris
431 677 653 717 habiturum
677 683 717 716 et
738 677 884 716 terrori
907 677 1082 717 hostibus
1108 678 1307 717 futurum'.
1366 677 1427 718 Ita
1449 679 1507 719 his
1529 679 1662 720 uerbis

172 759 257 784 eum
290 744 544 796 sequentibus
574 744 796 784 coniunctis
831 744 926 784 haec
959 745 1132 785 efficitur
1161 752 1251 798 apta
1282 746 1505 786 sententia:
1545 748 1661 799 ‘quin

173 812 325 864 equites
348 810 617 851 Romanorum
641 812 825 865 progredi
848 826 925 852 non
947 813 1154 862 auderent,
1181 813 1286 866 ipsos
1309 813 1479 866 quidem,
1505 814 1660 855 etiamsi

170 880 243 919 soli
267 886 424 928 essent,
460 879 638 919 dubitare
670 893 748 918 non
780 879 947 928 debere,
983 880 1051 919 sed
1084 894 1159 932 quo
1182 880 1330 920 maiore
1352 881 1482 921 animo
1504 896 1658 922 omnem

169 947 451 987 dubitationem
475 946 671 995 abiciant,
706 960 750 985 se
779 953 968 986 terrorem
1002 946 1143 999 reliqui
1177 948 1378 987 exereitus
1403 949 1656 989 additurum'.

167 1014 368 1055 Whittius
391 1014 625 1067 optimorum
649 1013 759 1053 codd.
788 1013 1020 1066 scripturam
1043 1014 1098 1054 ita
1114 1015 1304 1063 restituit,
1329 1023 1371 1055 ut
1395 1016 1463 1055 ‘et'
1487 1018 1658 1070 particu-

167 1082 258 1131 lam,
284 1095 384 1135 quae
409 1081 543 1135 ‘ipsos'
566 1081 781 1135 praecedit,
807 1081 958 1121 deleret
978 1089 1018 1121 et
1039 1082 1224 1136 deinceps
1250 1082 1317 1122 ‘id'
1340 1084 1556 1124 retineret:
1582 1099 1657 1137 quo

168 1151 295 1200 facto,
330 1150 652 1203 quemadmodum
685 1148 806 1189 uerba
839 1149 969 1202 ‘ipsos
1000 1149 1176 1202 quidem'
1208 1157 1317 1190 reete
1347 1150 1543 1200 dieantur,
1578 1166 1657 1192 non

168 1218 294 1258 uideo.

280 1284 330 1326 C.
354 1285 425 1335 (57,
449 1286 473 1326 3
497 1284 650 1327 Caesar
670 1286 845 1326 seribere
866 1300 945 1326 non
967 1286 1116 1340 potuit,
1153 1287 1477 1339 quemadmodum
1501 1287 1652 1328 editur:

170 1352 467 1406 ‘Impedimenta
489 1354 595 1393 inter
616 1354 793 1406 legiones
814 1353 1088 1406 recipiuntur'.
1132 1353 1236 1393 Nam
1260 1354 1364 1394 inter
1385 1355 1563 1407 legiones
1585 1356 1656 1396 im—

168 1422 387 1473 pedimenta
409 1422 449 1461 in
472 1421 626 1473 agmine
649 1435 805 1474 semper
819 1421 1010 1461 collocata
1032 1428 1160 1468 erant,
1186 1429 1225 1461 et
1246 1423 1351 1461 inter
1371 1423 1547 1477 singulas
1570 1424 1655 1476 qui-

167 1490 250 1528 dem
275 1489 468 1542 legiones,
495 1504 580 1528 eum
600 1490 729 1529 nullus
757 1489 804 1528 ab
827 1489 938 1529 hoste
963 1489 1080 1528 timor
1100 1497 1207 1528 erat:
1234 1505 1320 1529 eum
1345 1491 1392 1530 ad
1415 1491 1565 1531 hostem
1588 1506 1654 1546 ap-

166 1556 514 1610 propinquabatur,
541 1556 667 1594 maior
689 1570 778 1608 pars
801 1557 997 1609 legionum
1020 1558 1304 1605 antecedebat,
1330 1558 1470 1598 deinde
1493 1560 1654 1613 impedi-

164 1629 293 1662 menta
316 1623 436 1662 totius
460 1624 677 1673 exercitus,
704 1625 763 1663 his
785 1631 914 1663 autem
935 1624 1108 1664 subsidio
1122 1624 1299 1676 reliquae
1322 1625 1499 1678 legiones
1513 1641 1653 1679 seque-

163 1689 321 1729 bantur.
367 1688 428 1730 Ita
461 1691 558 1731 haec
589 1705 612 1730 a
633 1690 808 1731 Caesare
832 1693 1061 1731 referuntur
1083 1692 1170 1731 hor.
1196 1706 1336 1731 comm.
1366 1690 1401 1731 ΙΙ
1418 1723 1427 1741 ,
1467 1692 1532 1742 17,
1566 1694 1593 1733 2
1615 1701 1655 1734 et

164 1755 232 1806 19,
256 1755 297 1796 3.
341 1756 416 1797 Hic
448 1765 576 1799 autem
611 1774 697 1798 cum
729 1759 880 1812 equites
906 1758 1249 1813 Vercingetorigis
1281 1774 1303 1799 a
1332 1760 1456 1799 tribus
1480 1762 1652 1813 partibus

161 1825 326 1865 immissi
350 1832 499 1874 essent,
525 1840 547 1865 a
565 1826 689 1879 primo
711 1827 867 1879 agmine
889 1834 929 1867 et
951 1827 1100 1867 duobus
1123 1827 1328 1875 lateribus,
1356 1835 1397 1867 ut
1419 1842 1539 1881 supra
1562 1843 1650 1869 nar-

162 1900 289 1932 ratum
312 1900 388 1942 est,
412 1893 689 1946 impedimenta
712 1896 880 1949 undique
897 1896 1120 1951 legionibus
1143 1896 1421 1936 circumdanda
1445 1896 1565 1937 fuisse
1585 1911 1651 1951 ap-

161 1967 288 2013 paret.
330 1958 467 2013 Itaque
491 1961 621 2001 ‘iutra'
644 1964 770 2015 posui.

275 2025 324 2067 C.
349 2027 429 2076 70,
466 2026 490 2067 3
512 2030 570 2070 sio
599 2030 723 2070 edidi:
761 2031 932 2072 ‘Hostes
954 2031 993 2071 in
1016 2033 1144 2087 fugam
1167 2032 1335 2072 coniecti
1358 2046 1401 2073 se
1422 2033 1498 2087 ipsi
1520 2034 1651 2074 multi-

162 2094 293 2135 tudine
315 2096 530 2149 impediunt
561 2104 680 2151 atque
710 2100 1004 2154 angustioribus
1028 2101 1152 2153 portis
1171 2099 1323 2140 relictis
1347 2109 1646 2142 coaceruantur.

159 2160 347 2203 Germani
369 2165 500 2205 acrius
523 2180 645 2220 usque
668 2167 716 2207 ad
738 2168 980 2208 munitiones
1003 2168 1251 2221 sequuntur’.
1290 2168 1397 2209 Nam
1420 2170 1460 2209 in
1481 2170 1648 2224 integris

157 2230 269 2270 codd.
305 2232 378 2283 (de
400 2230 493 2273 Par.
526 2248 584 2287 pr.
613 2234 732 2284 falso,
769 2242 812 2275 ut
832 2237 958 2286 solet,
984 2235 1242 2277 Aehaintrius
1265 2238 1427 2289 retulit)
1459 2238 1647 2291 scriptum

157 2305 218 2337 est
242 2301 482 2341 ‘coaceruati
505 2308 583 2341 tum
607 2301 837 2343 Germani':
871 2305 962 2345 inde
983 2305 1022 2344 in
1046 2305 1309 2345 deterioribus
1340 2305 1570 2358 quibusdam
1593 2306 1648 2345 ef-

158 2366 301 2405 fectum
324 2374 385 2407 est
409 2372 731 2411 ‘coaceruantun
767 2371 871 2411 Tum
895 2370 1116 2413 Germani'.
1160 2371 1205 2412 In
1228 2373 1479 2426 interpolatis
1501 2374 1649 2427 legitur

159 2437 421 2475 ‘coartantur.
467 2435 694 2479 Germani'.
759 2437 880 2487 Illud,
917 2440 1019 2493 quod
1050 2441 1160 2494 posui
1184 2441 1427 2493 integrorum
1450 2441 1647 2493 scriptura

157 2501 254 2542 satis
277 2510 411 2556 aperte
434 2504 705 2559 significatur:
740 2520 867 2560 neque
900 2509 1029 2547 ‘tum'
1059 2509 1253 2562 particula
1286 2510 1346 2548 bio
1379 2509 1475 2548 ferri
1500 2515 1644 2561 potest.

157 2566 415 2624 Nequaquam
437 2573 540 2612 enim
554 2572 760 2625 Germani,
787 2582 827 2614 ut
842 2573 979 2615 Gallos
1001 2584 1277 2629 sequerentur,
1303 2577 1645 2616 coaceruationem

160 2648 293 2676 eorum
316 2642 601 2693 expectabant:
627 2650 667 2683 et
688 2643 848 2683 omnino
870 2658 979 2684 mora
993 2675 1002 2691 ‚
1037 2658 1137 2697 quae
1158 2644 1225 2685 illa
1247 2644 1440 2698 particula
1461 2644 1643 2692 insertur,

159 2702 206 2741 ab
229 2703 299 2744 hac
321 2709 515 2749 concitata
537 2711 766 2752 narratione
799 2712 928 2752 aliena
950 2719 1025 2752 est.
1092 2719 1103 2737 ‘
1118 2710 1381 2753 Coartantur'
1415 2719 1543 2751 autem
1565 2725 1645 2750 ma-

159 2770 285 2821 gister
305 2775 448 2825 posuit,
473 2778 536 2818 cui
557 2778 649 2819 item
672 2787 716 2819 ut
735 2780 1024 2821 recentioribus
1046 2781 1276 2833 quibusdam
1298 2780 1515 2834 magistris,
1541 2775 1643 2817 Cae-

158 2839 260 2880 saris
281 2840 585 2896 interpretibus,
619 2847 701 2887 uiui
731 2848 910 2890 homines
942 2863 1020 2890 non
1050 2856 1159 2890 recte
1190 2848 1419 2889 coaceruari
1441 2846 1516 2887 diei
1537 2845 1644 2886 uide-
