1835 3240
270 289 319 332 C.
346 288 397 330 10
415 303 467 330 ex
484 289 716 342 optimorum
740 288 1072 342 plurimorumque
1091 289 1203 329 codd.
1222 303 1417 330 consensu
1439 291 1534 331 haec
1557 291 1641 331 effi-

157 362 256 401 citur
277 358 422 399 codicis
445 356 645 410 archetypi
668 357 885 409 scriptura:
915 354 1046 395 ‘Mosa
1065 357 1222 410 profluit
1243 370 1296 396 ex
1318 364 1448 396 monte
1459 356 1638 412 Vosego,

156 428 218 481 qui
241 434 301 466 est
321 426 362 466 in
384 425 523 465 finibus
546 423 799 476 Lingonum,
834 431 873 463 et
900 431 1009 477 parte
1040 425 1202 477 quadam
1227 438 1280 464 ex
1302 423 1442 464 Rheno
1465 432 1638 477 recepta,

155 509 251 549 quae
280 493 497 547 appellatur
518 491 692 533 Vacalus
723 492 969 544 insulamque
1002 493 1119 532 efficit
1149 491 1417 538 Batauorum,
1452 492 1492 531 in
1515 491 1643 532 Ocea-

154 577 245 602 num
268 561 394 601 influit
424 574 550 614 neque
582 560 738 613 longius
773 560 819 599 ab
843 558 1004 600 Oceano
1026 559 1182 599 milibus
1206 574 1389 614 passuum
1413 557 1581 599 LXXX
1604 560 1643 598 in

153 629 336 670 Rhenum
360 629 514 669 influit&
558 626 664 668 Nam
693 627 990 682 ‘insulamquae’
1014 625 1141 680 Bong.
1168 642 1226 681 pr.
1253 634 1292 667 et
1312 626 1435 668 Voss.
1461 640 1539 680 pr.,
1569 626 1642 666 ‘in-

154 697 352 751 sulaquae'
374 695 466 737 Par.
503 709 562 749 pr.
580 727 590 743 ,
625 695 875 748 ‘insulaque'
906 693 1000 735 Par.
1025 708 1106 735 sec.
1132 695 1232 735 idem
1256 695 1481 749 significare
1498 726 1508 742 ,
1542 695 1643 748 quod

152 765 194 806 in
215 765 374 817 reliquis
398 763 510 804 codd.
535 762 705 817 legitur,
743 762 1053 815 ‘insulamque’,
1091 769 1267 816 apertum
1290 770 1365 803 est.
1428 761 1487 802 Ea
1512 769 1643 802 autem

153 833 373 886 scriptura,
408 845 521 883 quam
553 844 673 884 supra
705 830 842 884 posui,
879 844 950 870 cur
980 830 1074 870 ferri
1107 844 1184 870 11011
1208 838 1366 884 posset,
1401 830 1497 870 satis
1531 837 1591 870 est
1621 844 1643 870 a

154 898 398 941 Schneidero
430 898 669 952 expositum.
724 897 830 939 Nam
863 912 989 952 neque
1019 898 1122 938 idem
1152 899 1355 938 flumenin
1379 897 1581 939 Oceanum
1606 905 1645 938 et

154 968 354 1020 aliquanto
386 966 513 1020 spatio
544 973 660 1005 antea
690 965 730 1005 in
766 964 948 1006 Rhenum
982 966 1147 1007 influere
1179 972 1331 1020 potest,
1377 980 1504 1019 neque
1535 967 1643 1006 solus

156 1034 350 1083 Vacalus,
388 1035 458 1074 sed
479 1033 652 1075 Vacalus
675 1032 816 1074 Mosae
847 1033 1082 1073 coniunctus
1105 1034 1272 1074 insulam
1297 1032 1536 1074 Batauorum
1559 1034 1645 1073 effi-

154 1102 219 1142 cit.
261 1101 400 1158 Itaque
421 1116 546 1155 neque
571 1101 692 1142 uerba
726 1101 789 1141 ‘in
813 1099 1017 1142 Oceanum
1040 1101 1189 1141 influit'
1222 1102 1288 1141 illo
1312 1102 1399 1142 loco
1423 1116 1445 1141 a
1468 1100 1644 1142 Caesare

154 1170 243 1223 poni
266 1170 442 1224 potuisse
465 1177 519 1220 et,
545 1184 632 1210 cum
654 1170 762 1209 illata
786 1176 937 1218 essent,
976 1169 1252 1222 ‘insulamque'
1276 1169 1426 1210 adiecta
1451 1170 1644 1224 particula

155 1238 375 1291 copulatiua
408 1238 455 1277 ad
484 1237 718 1291 explendam
752 1237 971 1278 orationem
1012 1237 1199 1291 scriptum
1244 1251 1332 1278 esse
1373 1245 1522 1278 certum
1566 1245 1641 1278 est.

155 1303 282 1358 Igitur
303 1304 570 1346 Schneiderus
604 1305 780 1345 codicum
813 1305 1057 1357 quorundam
1090 1306 1330 1346 deteriorum
1355 1307 1644 1346 correctionem

155 1379 313 1412 secutus
337 1379 515 1412 extrema
537 1373 589 1411 ita
614 1373 754 1412 edidit:
793 1378 857 1412 ‘et
887 1380 997 1425 parte
1029 1373 1191 1425 quadam
1229 1388 1278 1414 ex
1301 1373 1442 1414 Rheno
1465 1381 1641 1427 recepta,

156 1454 254 1492 quae
277 1440 495 1493 appellatur
516 1438 706 1486 Vacalus,
742 1439 908 1479 insulam
934 1440 1055 1480 efficit
1077 1439 1315 1481 Batauorum
1339 1455 1464 1494 neque
1487 1441 1644 1496 longius

155 1507 202 1547 ab
227 1506 388 1547 Oceano
412 1508 566 1547 milibus
590 1522 770 1561 passuum
790 1505 957 1546 LXXX
979 1507 1019 1546 in
1041 1506 1223 1548 Rhenum
1246 1509 1403 1549 influit':
1432 1509 1553 1549 uerba
1577 1523 1645 1549 au-

154 1581 231 1614 tem
258 1577 311 1614 ‘in
335 1574 536 1615 Oceanum
560 1575 700 1614 influit'
723 1575 891 1628 ascripta
913 1574 960 1614 ab
983 1574 1114 1627 aliquo
1137 1583 1260 1628 putat,
1298 1577 1362 1632 qui
1383 1575 1541 1617 Mosam
1566 1591 1645 1616 non

154 1642 195 1681 in
218 1641 421 1691 Rhenum,
447 1643 514 1682 sed
535 1643 575 1682 in
598 1641 800 1683 Oceanum
823 1642 987 1681 influere
1010 1642 1146 1682 sciret.
1210 1641 1402 1695 Equidem
1428 1642 1644 1684 Caesarem

153 1709 193 1749 111
217 1709 286 1751 hac
309 1723 352 1750 re
376 1709 549 1763 potuisse
572 1723 709 1749 errare
733 1724 810 1749 non
833 1709 1078 1762 negauerim,
1114 1709 1234 1749 uerba
1257 1718 1388 1751 autem
1412 1711 1496 1751 eius
1517 1711 1646 1765 redigi

152 1777 192 1817 in
215 1791 299 1817 eam
323 1779 502 1828 formam,
529 1784 566 1817 ut
590 1791 703 1817 error
724 1777 758 1816 ei
781 1777 1009 1831 affingatur‚
1040 1784 1117 1816 tum
1141 1778 1293 1817 demum
1317 1779 1475 1832 probari
1498 1786 1642 1832 potest,

153 1858 239 1884 cum
262 1846 457 1885 correctio
481 1852 542 1886 est
564 1845 799 1885 certissima.
854 1843 895 1884 Id
918 1859 1015 1885 uero
1037 1859 1282 1899 nequaquam
1307 1847 1352 1886 de
1377 1861 1422 1887 ea
1445 1847 1645 1900 scriptura

153 1913 257 1954 credi
281 1920 425 1965 potest,
451 1927 564 1966 quam
590 1910 859 1954 Schneiderus
883 1914 1029 1954 intulit.
1092 1913 1252 1954 Etenim
1282 1915 1315 1955 si
1340 1913 1557 1955 Caesarem
1590 1916 1646 1955 ita

154 1980 360 2033 scripsisse
383 1981 617 2021 statuimus:
647 1979 779 2022 ‘Mosa
803 1982 961 2036 profluit
982 1996 1031 2023 ex
1057 1990 1188 2022 monte
1212 1981 1395 2036 Vosego,
1429 1984 1491 2036 qui
1517 1991 1576 2023 est
1605 1983 1646 2023 in

153 2049 294 2089 finibus
316 2047 560 2103 Lingonum,
587 2055 625 2089 et
646 2057 756 2102 parte
779 2050 941 2102 quadam
966 2064 1014 2089 ex
1038 2049 1180 2091 Rheno
1203 2058 1359 2105 recepta
1374 2083 1384 2100 ,
1419 2065 1518 2107 quae
1541 2051 1645 2105 apel—

152 2115 256 2156 latur
276 2116 468 2166 Vacalus,
505 2117 672 2157 insulam
698 2117 818 2157 efficit
839 2116 1079 2158 Batauorum
1104 2133 1230 2172 neque
1252 2120 1407 2173 longius
1431 2119 1477 2158 ab
1502 2118 1644 2160 Rheno

152 2183 308 2223 milibus
330 2199 514 2238 passuum
538 2183 708 2225 LXXX
730 2186 770 2225 in
794 2184 996 2227 Oceanum
1021 2187 1183 2235 inlluit',
1210 2202 1334 2241 neque
1359 2186 1514 2228 Caesar
1535 2201 1645 2227 erra-

152 2251 209 2290 uit
230 2258 292 2302 et,
327 2253 429 2293 unde
452 2261 539 2294 orta
562 2255 611 2294 sit
636 2254 811 2294 codicum
844 2255 1065 2309 scriptura,
1100 2256 1242 2310 optime
1274 2256 1466 2309 explicari
1497 2262 1641 2310 potest.

151 2316 197 2359 In
221 2321 413 2360 extremis
436 2322 540 2362 enim
562 2322 693 2363 uerbis
717 2336 739 2362 a
760 2322 944 2373 librario,
980 2325 1042 2376 qui
1073 2326 1244 2365 codicem
1269 2324 1522 2379 archetypum
1546 2326 1645 2366 scri-

153 2387 253 2440 psit,
289 2387 502 2429 ‘Rhenus’
535 2404 622 2430 cum
647 2389 849 2432 ‘Oceano'
872 2400 1117 2445 permutatus
1141 2401 1226 2441 est,
1258 2399 1324 2443 ut,
1352 2408 1436 2433 cum
1461 2407 1507 2434 eo
1529 2394 1644 2434 modo

153 2454 330 2495 scribere
353 2456 528 2505 deberet,
568 2460 887 2511 quemadmodum
912 2462 1049 2514 posui,
1085 2462 1124 2501 in
1149 2462 1248 2501 hanc
1272 2462 1507 2514 scripturam
1531 2462 1645 2502 aber-

152 2529 261 2562 raret
291 2528 301 2547 ‘
317 2538 443 2577 neque
465 2525 622 2581 longius
644 2526 691 2566 ab
714 2525 876 2568 Oceano
899 2529 1054 2569 milibus
1078 2543 1260 2582 passuum
1285 2527 1454 2569 LXXX
1474 2530 1514 2570 in
1537 2529 1644 2570 Rhe-

155 2602 244 2628 num
267 2592 419 2632 inssuit'.
480 2593 635 2634 Deinde
667 2596 943 2637 animaduerso
976 2612 1111 2638 errore
1139 2598 1180 2638 in
1209 2599 1388 2651 margine
1418 2612 1551 2638 uerum
1577 2612 1643 2651 po-

156 2657 259 2707 suit,
287 2660 339 2699 ‘in
356 2659 558 2702 Oceanum
581 2663 737 2713 influit',
763 2665 924 2706 alteram
949 2667 1097 2706 erroris
1122 2674 1289 2721 partem,
1315 2667 1415 2719 quod
1439 2673 1554 2706 antea
1580 2665 1642 2704 ‘ab

157 2721 332 2766 Oceano'
354 2730 583 2783 scripserat,
609 2738 678 2771 aut
698 2732 782 2786 ipse
803 2746 882 2773 non
905 2734 1061 2774 notauit
1082 2741 1161 2784 aut,
1188 2749 1271 2774 cum
1296 2735 1386 2774 item
1404 2734 1443 2773 in
1466 2733 1642 2786 margine

156 2792 406 2846 ascripsisset
428 2798 491 2837 ‘ab
513 2797 687 2850 Rheno',
714 2800 786 2840 hoc
809 2801 855 2841 ab
878 2801 1112 2855 insequente
1135 2802 1297 2842 librario
1321 2802 1540 2856 neglectum
1564 2806 1640 2849 est,

155 2859 220 2900 illa
243 2860 364 2902 uerba
386 2864 443 2905 ‘in
465 2863 664 2906 Oceanum
687 2867 828 2909 influit'
852 2869 982 2910 alieno
1004 2870 1090 2911 loco
1113 2871 1241 2924 posita
1263 2876 1368 2910 sunt.
1411 2870 1544 2920 Atque
1578 2867 1641 2907 ‘ab
