1835 3240
723 204 834 209 ——-
898 177 979 220 182

198 291 440 332 commodum
461 291 610 332 uirtute
632 291 861 331 sarciretur.
905 289 1018 342 Quod
1042 290 1074 329 si
1098 296 1202 329 esset
1224 291 1383 339 factum,
1409 290 1682 330 detrimentum

197 360 237 400 in
260 360 403 400 bonum
426 366 615 407 uerteret,
641 359 697 398 uti
720 359 767 397 ad
789 357 1029 410 Gergouiam
1053 357 1275 407 accidisset,
1301 364 1417 411 atque
1438 359 1481 408 ii,
1507 359 1570 411 qui
1593 365 1684 398 ante

199 428 384 468 dimicare
406 427 650 474 timuissent,
687 426 788 465 ultro
811 438 853 465 56
876 425 1025 479 proelio
1047 425 1262 465 offerrent':
1288 426 1327 464 iu
1351 427 1462 465 codd.
1487 434 1578 466 ante
1603 427 1685 465 ‘de-

200 495 436 536 trimentum’
461 494 629 534 adicitur
653 493 722 532 ‘ut'
746 493 952 545 particula.
992 490 1068 532 Sed
1092 499 1199 533 recte
1223 494 1380 532 defensa
1405 507 1447 532 ea
1463 524 1472 542 ,
1499 508 1595 546 quae
1618 508 1685 547 po-

199 563 275 613 sui,
301 577 322 603 a
345 562 449 602 nullo
471 567 576 609 sunt,
603 561 704 613 quod
726 560 866 600 sciam.
902 559 1143 602 Siaccurate
1160 559 1346 613 scriptum
1364 567 1483 609 esset,
1509 567 1684 613 apertum

200 637 261 671 est
283 638 461 671 extrema
485 627 603 668 uerba
626 643 697 682 per
717 629 985 669 accusatiuum
1009 634 1048 667 61
1068 627 1303 666 inlinitiuum
1337 627 1458 667 fuisse
1480 628 1687 667 enuntian-

200 698 272 737 da:
307 710 432 749 neque
462 696 564 735 enim
595 696 804 737 relatinum
835 697 880 736 ad
913 695 1035 737 uerba
1069 696 1272 735 ‘uerteret'
1297 701 1337 735 61
1360 694 1576 734 ‘offerrent'
1599 709 1688 748 per-

203 765 318 812 tinet,
344 763 443 816 quod
458 777 646 816 peruerse
660 764 812 816 quidam
826 764 1098 803 demonstrare
1112 762 1240 802 conati
1254 769 1360 802 sunt.
1385 760 1533 802 Verum
1549 762 1692 801 accidit

201 833 278 880 hic,
305 832 405 884 quod
427 829 654 883 Maduigius
677 831 722 870 ad
747 829 834 871 Cic.
862 832 908 870 de
931 831 997 870 fin.
1023 828 1098 880 Ill,
1127 830 1192 880 15,
1228 830 1282 870 50
1313 844 1600 882 nonnumquam
1634 830 1691 869 fa-

201 906 305 939 ctum
328 911 416 938 esse
440 898 592 947 docuit,
627 906 668 938 ut
690 899 844 952 obliqua
867 898 994 938 oratio
1017 898 1230 938 indicatiuo
1262 899 1434 938 directae
1463 897 1503 936 in
1526 897 1690 937 coniun-

201 966 341 1006 ctiuum
377 972 524 1005 mutato
559 966 874 1019 significaretur:
912 980 964 1005 ex
1004 981 1080 1018 quo
1119 980 1266 1020 genere
1294 972 1355 1005 est
1386 965 1450 1005 ille
1481 962 1690 1005 Ciceronis

200 1034 309 1073 locus
333 1040 395 1083 et,
429 1047 526 1086 quos
561 1032 785 1088 Maduigius
815 1034 1020 1087 ascripsit,
1056 1034 1102 1074 de
1125 1034 1191 1072 off.
1216 1032 1251 1083 I,
1276 1032 1346 1083 44,
1373 1032 1454 1072 158
1476 1040 1514 1072 61
1537 1033 1582 1074 (16
1604 1039 1687 1072 nat.

201 1101 309 1141 deor.
333 1099 366 1150 I,
401 1100 469 1149 44,
504 1100 593 1140 123.
626 1100 730 1143 ldem
754 1102 898 1142 adiecit
919 1101 1099 1142 accidere
1121 1102 1194 1141 1106
1207 1101 1464 1141 condicionali
1485 1101 1690 1141 enuntiato

201 1169 326 1217 illat0,
353 1168 463 1208 cuius
488 1170 612 1209 forma
634 1169 798 1210 alterius
818 1169 1167 1210 conformationem
1184 1169 1374 1210 traheret.
1407 1168 1550 1224 Neque
1564 1175 1692 1209 tamen

203 1236 392 1276 eiusmodi
432 1238 733 1277 excusationem
776 1237 920 1277 habent
962 1238 1056 1277 llaec
1098 1235 1223 1278 Corn.
1267 1235 1373 1290 Nep.
1408 1236 1550 1276 Them.
1583 1236 1625 1285 7,
1667 1235 1695 1276 6

205 1308 366 1356 ί(1111116,
401 1303 432 1343 51
456 1318 549 1345 51105
571 1305 724 1359 legatos
747 1305 922 1358 recipere
946 1305 1117 1354 uellent,
1152 1318 1248 1357 quos
1276 1303 1456 1344 Athenas
1486 1304 1692 1352 miserant,

204 1385 246 1411 56
268 1372 539 1412 remitterent:
577 1374 692 1414 aliter
719 1374 807 1414 illos
831 1387 1038 1425 numquam
1061 1373 1101 1413 in
1124 1372 1288 1425 patriam
1312 1379 1446 1413 essent
1467 1370 1694 1424 recepturi',

204 1447 241 1479 et
263 1439 299 1478 b.
326 1439 417 1479 Afr.
443 1439 512 1489 31,
546 1440 571 1480 3
604 1441 959 1481 ‘animaduertebat
981 1440 1099 1489 enim,
1132 1454 1365 1493 quamquam
1388 1439 1537 1494 magnis
1561 1446 1697 1479 essent

205 1508 327 1561 copiis
351 1509 568 1548 aduersarii
594 1510 698 1555 freti,
726 1516 853 1549 tamen
877 1522 994 1561 saepe
1017 1522 1038 1548 a
1061 1522 1104 1548 se
1127 1508 1287 1561 fugatis,
1313 1507 1434 1561 pulsis
1457 1506 1698 1559 perterritis-

205 1590 279 1629 que
301 1584 341 1616 61
363 1589 592 1617 concessam
616 1578 733 1616 uitam
759 1584 795 1617 et
818 1577 953 1630 ignota
975 1583 1159 1629 peccata:
1188 1575 1325 1627 quibus
1347 1575 1464 1614 rebus
1487 1589 1694 1626 numquam

206 1652 315 1685 tanta
339 1651 565 1697 suppeteret
586 1657 638 1683 ex
659 1644 834 1698 ipsorum
857 1643 1001 1684 inertia
1023 1642 1344 1693 conscientiaque
1365 1641 1482 1681 animi
1506 1642 1698 1682 uictoriae

205 1712 362 1761 fiducia,
389 1719 432 1751 ut
454 1718 585 1751 castra
608 1725 678 1751 sua
701 1711 847 1751 adoriri
870 1709 1090 1751 auderent'.
1136 1707 1213 1750 Sed
1236 1709 1337 1762 quod
1368 1709 1406 1748 in
1434 1709 1506 1749 hoc
1528 1710 1627 1749 libro
1650 1710 1698 1750 ob

205 1780 442 1833 peculiarem
468 1779 552 1819 eius
576 1792 750 1828 causam,
777 1780 823 1820 de
845 1793 919 1832 qua
943 1779 1042 1828 dixi,
1066 1779 1236 1830 itemque
1254 1777 1353 1830 apud
1368 1773 1597 1817 Cornelium
1612 1776 1698 1817 Ne—

207 1852 362 1900 potem,
397 1847 461 1899 qui
493 1860 681 1900 persaepe
711 1847 1059 1901 neglegentissime
1090 1847 1358 1886 conformasse
1391 1845 1610 1885 orationem
1633 1846 1698 1886 de-

207 1915 487 1967 prehenditur,
520 1914 763 1954 tolerandum
787 1922 870 1963 est,
903 1915 944 1954 in
973 1921 1160 1954 accurato
1193 1921 1232 1953 et
1263 1913 1470 1953 emendato
1507 1913 1699 1967 scriptore

208 1977 459 2021 librariorum
482 1982 609 2022 errori
632 1982 878 2022 tribuendum
901 1990 1023 2022 esset.

324 2046 373 2089 C.
399 2048 468 2098 74,
498 2048 516 2088 l
541 2050 595 2090 ita
619 2050 741 2090 edidi:
776 2049 877 2090 ‘Hac
900 2050 1028 2090 habita
1051 2050 1235 2089 contione
1257 2048 1465 2088 nonnullos
1488 2049 1700 2102 signiferos

206 2116 424 2169 ignominia
448 2116 600 2157 notauit
620 2131 666 2157 ac
689 2118 776 2158 loco
798 2119 934 2158 mouit.
969 2117 1163 2157 Exercitu
1186 2117 1335 2169 quidem
1359 2116 1463 2155 0111111
1485 2124 1616 2157 tantus
1639 2117 1700 2157 in-

209 2184 333 2223 cessit
355 2197 407 2223 ex
427 2184 675 2226 incommodo
699 2186 810 2229 dolor
831 2193 1057 2238 tantumque
1071 2185 1239 2225 studium
1254 2184 1436 2224 infamiae
1451 2184 1696 2231 sarciendae,

212 2258 254 2294 ut
276 2264 390 2291 nemo
423 2259 490 2291 aut
516 2254 660 2293 tribuni
694 2261 761 2294 aut
789 2254 1032 2294 centurionis
1056 2253 1259 2306 imperium
1283 2252 1540 2301 desideraret,
1567 2259 1606 2291 61
1627 2252 1699 2292 sibi

213 2318 374 2373 quisque
397 2320 511 2360 etiam
535 2335 685 2375 poenae
707 2321 794 2362 1060
817 2322 1022 2376 grauiores
1045 2322 1265 2374 imponeret
1291 2320 1446 2360 labores
1462 2350 1472 2369 ,
1507 2318 1701 2373 simulque

214 2400 350 2427 omnes
372 2389 558 2428 arderent
579 2390 788 2443 cupiditate
812 2390 1033 2442 pugnandi,
1070 2403 1153 2428 611111
1177 2388 1392 2442 superioris
1415 2387 1530 2427 etiam
1553 2387 1702 2427 ordinis

213 2455 393 2494 nonnulli
424 2456 579 2496 ratione
611 2458 776 2509 permoti
809 2458 1042 2498 manendum
1075 2470 1122 2496 eo
1153 2455 1239 2495 loco
1262 2462 1301 2495 et
1321 2468 1402 2494 rem
1427 2455 1575 2508 proelio
1599 2469 1704 2495 com-

213 2522 441 2562 mittendam
457 2523 764 2563 existimarent'.
798 2524 860 2564 De
883 2524 1053 2564 ablatiuo
1079 2521 1289 2564 ‘exercitu'
1313 2522 1394 2561 dixi
1419 2537 1454 2576 p.
1483 2521 1577 2563 150.
1606 2522 1703 2562 ‘Ra-2

215 2590 323 2633 tione
353 2592 532 2644 permoti'
565 2590 670 2632 Oud.
696 2593 773 2647 legi
802 2594 925 2633 refert
954 2593 994 2631 in
1027 2591 1222 2647 ‘quinque
1255 2589 1383 2629 codd.’
1415 2597 1552 2643 estque
1579 2590 1635 2631 ita
1663 2590 1704 2630 in

214 2656 310 2697 Par.
336 2672 443 2697 scc.:
477 2659 596 2698 edunt
621 2660 845 2699 ί0161101167.
890 2659 1038 2700 Verum
1063 2659 1095 2698 si
1118 2659 1296 2698 homines
1319 2657 1533 2712 superioris
1557 2657 1706 2698 ordinis

218 2726 404 2766 contione
427 2740 449 2765 a
472 2722 647 2766 Caesare
670 2726 800 2766 habita
822 2728 985 2780 permoti
1009 2733 1154 2776 essent,
1181 2726 1278 2766 nihil
1299 2727 1346 2766 iis
1369 2726 1472 2766 aliud
1495 2725 1707 2766 accidisset

218 2807 329 2846 quam
353 2793 554 2834 militibus.
595 2792 721 2834 Vnice
743 2807 835 2834 uera
859 2801 919 2834 est
941 2794 1053 2834 codd.
1078 2795 1289 2849 scriptura.
1330 2793 1484 2848 Vulgus
1507 2793 1609 2834 enim
1632 2793 1704 2832 mi-

217 2861 328 2902 litum
350 2861 485 2902 dolore
506 2861 744 2916 ignominiae
767 2869 807 2903 et
827 2876 945 2904 caeco
967 2863 1113 2917 impetu
1133 2863 1180 2903 ad
1204 2877 1371 2917 pugnam
1391 2861 1607 2912 ferebatur,
1640 2874 1705 2902 su-
