1835 3240
103 176 186 218 468
637 171 710 213 DE
742 169 932 213 BELLO
964 168 1213 213 GALLICO

182 288 515 330 animaduerteret
534 286 685 326 hostem
708 283 915 337 conplures
938 283 1020 324 dies
1043 284 1185 324 castris
1207 285 1344 339 palude
1367 293 1405 325 et
1425 285 1500 325 loci
1523 292 1663 326 natura

180 356 342 398 munitis
352 369 395 396 se
408 363 544 395 tenere
562 366 687 405 neque
700 351 916 405 oppugnari
928 358 1057 391 castra
1071 365 1205 391 eorum
1218 353 1303 393 sine
1314 353 1563 394 dimicatione
1576 368 1663 408 per-

180 424 331 466 niciosa
354 437 426 464 nec
448 423 574 462 locum
597 419 878 459 munitionibus
892 418 1018 459 claudi
1040 419 1306 460 nisiamaiore
1328 422 1506 462 exercitu
1528 436 1660 475 posse,

181 494 337 535 litteras
360 491 407 531 ad
443 487 688 529 Trebonium
710 486 854 533 mittit,
889 493 929 526 ut
950 501 1063 539 quam
1087 488 1292 527 celerrime
1314 496 1446 540 posset
1465 489 1659 543 leg10nem

179 568 276 609 XIII,
301 572 398 612 quae
421 569 508 596 cum
528 553 578 594 T.
603 551 746 594 Sextio
769 553 899 605 legato
920 554 959 593 in
976 552 1221 607 Biturigibus
1246 555 1456 603 hiemabat,
1480 571 1658 597 arcesse-

180 636 243 669 ret
264 634 382 679 atque
402 624 457 663 ita
488 636 573 662 cum
605 621 732 661 tribus
763 621 984 673 legionibus
1017 622 1167 676 magnis
1188 622 1398 663 itineribus
1420 624 1466 663 ad
1489 638 1531 664 se
1554 625 1662 665 ueni-

132 698 160 739 2
181 703 268 745 ret3
306 695 388 747 ipse
411 691 562 745 equites
585 690 624 729 in
646 689 772 729 uicem
796 687 1011 729 Remorum
1034 704 1078 730 ac
1101 688 1323 744 Lingonum
1347 691 1661 745 reliquarumque

181 763 399 809 ciuitatum,
424 772 588 812 quorum
611 771 793 810 magnum
818 771 1022 797 numerum
1046 765 1305 804 euocauerat‚
1329 758 1522 811 praesidio
1545 759 1662 812 pabu-

105 833 156 877 12
175 829 384 872 lationibus
407 826 542 873 mittit,
568 825 632 878 qui
653 824 803 865 subitas
818 824 983 864 bostium
1008 825 1255 866 incursiones
1267 826 1522 867 sustinerent.
1548 824 1663 879 Quod

181 914 266 940 cum
290 896 433 937 cotidie
454 895 580 943 fieret,
604 907 649 933 ac
671 893 745 932 iam
770 893 1052 933 consuetudine
1068 893 1269 947 diligentia
1282 894 1538 943 minueretur‚
1563 895 1663 947 quod

180 967 408 1021 plerumque
442 961 582 1002 accidit
610 960 892 1007 diuturnitate,
927 958 1129 1000 Bellouaci
1164 961 1314 1002 delecta
1345 975 1460 1001 manu
1492 962 1663 1015 peditum

179 1033 348 1087 cognitis
370 1029 606 1072 stationibus
628 1028 834 1068 cotidianis
860 1028 1030 1081 equitum
1055 1035 1281 1069 nostrorum
1296 1028 1545 1069 siluestribus
1568 1029 1663 1069 locis

131 1103 158 1143 2
180 1101 342 1143 insidias
364 1099 575 1152 disponunt
597 1097 811 1149 eodemque
845 1096 996 1149 equites
1021 1104 1178 1150 postero
1201 1097 1262 1137 die
1285 1096 1468 1145 mittunt,
1502 1097 1565 1150 qni
1589 1098 1665 1150 pri-

179 1184 280 1210 mum
304 1169 666 1209 elicerentnostros
681 1164 903 1218 [insidiae]‚
929 1164 1067 1204 deinde
1090 1164 1379 1204 circumuentos
1400 1164 1665 1217 aggrederen-

133 1239 157 1279 3
181 1246 256 1278 tur.
301 1235 423 1277 Cuius
447 1233 536 1274 mali
558 1246 645 1272 sors
667 1232 802 1271 incidit
825 1230 963 1270 Remis
979 1262 988 1279 ‚
1020 1231 1158 1284 quibus
1182 1231 1247 1271 ille
1269 1232 1351 1271 dies
1373 1231 1559 1284 fungendi
1583 1245 1665 1271 mu-

179 1304 287 1345 neris
311 1303 544 1342 obuenerat.
587 1298 771 1351 Namque
794 1298 857 1347 hi,
893 1313 977 1338 cum
1013 1305 1173 1351 repente
1206 1298 1375 1338 hostium
1407 1298 1558 1351 equites
1581 1299 1665 1339 ani-

177 1371 484 1412 maduertissent
515 1382 560 1408 ac
592 1380 754 1407 numero
786 1366 1012 1419 superiores
1045 1365 1280 1419 paucitatem
1315 1367 1660 1421 contempsissent,

129 1441 157 1482 4
179 1439 358 1494 cupidius
381 1437 551 1477 insecuti
581 1435 775 1489 peditibus
809 1434 977 1486 undiquc
1009 1441 1100 1473 sunt
1131 1434 1374 1474 circumdati.
1439 1432 1528 1487 Quo
1561 1435 1663 1475 facto

179 1506 394 1563 perturbati
419 1504 604 1551 celerius,
630 1517 742 1556 quam
767 1501 1009 1542 consuetudo
1035 1502 1108 1541 fert
1130 1501 1323 1554 equestris
1347 1502 1508 1555 proelii,
1538 1516 1581 1542 se
1602 1516 1665 1542 re-

179 1580 368 1629 ceperunt
389 1573 535 1613 amisso
556 1570 744 1612 Vertisco
760 1601 770 1617 ‚
804 1570 978 1624 principe
1001 1569 1172 1609 ciuitatis
1189 1601 1198 1618 ‚
1233 1570 1434 1623 praefecto
1465 1570 1663 1623 equitum3

131 1642 155 1685 5
179 1643 241 1697 qui
264 1657 348 1682 cum
374 1641 444 1681 uix
467 1654 564 1693 equo
588 1646 748 1693 propter
768 1644 935 1678 aetatem
960 1644 1094 1691 posset
1116 1638 1170 1678 uti
1188 1668 1198 1687 ‚
1224 1644 1355 1677 tamen
1378 1638 1663 1678 consuetudine

179 1711 383 1753 Gallorum
417 1722 543 1761 neque
577 1706 719 1747 aetatis
751 1705 1010 1746 excusatione
1049 1706 1087 1744 in
1128 1705 1375 1757 suscipienda
1417 1706 1662 1758 praefectura

129 1780 155 1820 6
178 1793 271 1820 usus
295 1784 377 1818 erat
403 1789 528 1829 neque
551 1774 727 1815 dimicari
749 1774 835 1814 sine
858 1787 899 1813 se
924 1774 1117 1813 uoluerat.
1155 1771 1348 1812 Inflantur
1361 1779 1478 1826 atque
1498 1772 1665 1812 incitan-

176 1855 241 1887 tur
262 1845 430 1886 hostium
455 1843 572 1883 animi
596 1842 767 1883 secundo
790 1841 954 1895 proebe,
980 1841 1154 1894 principe
1177 1847 1216 1880 et
1237 1841 1435 1893 praefecto
1448 1838 1665 1880 Remorum

127 1916 153 1956 7
176 1915 399 1961 interfecto,
427 1912 629 1963 nostrique
651 1910 888 1950 detrimento
911 1909 1171 1948 admonentur
1192 1908 1418 1960 diligentius
1450 1907 1666 1961 exploratis

176 1982 273 2022 locis
296 1980 491 2021 stationes
524 1979 733 2030 disponere
765 1991 810 2017 ac
835 1977 1072 2016 moderatius
1095 1975 1299 2016 cedentem
1320 1975 1471 2028 insequi
1496 1975 1661 2015 hostem.

101 2050 156 2096 13
177 2048 272 2090 Non
294 2047 561 2088 intermittunt
581 2045 738 2086 interim
768 2045 964 2085 cotidiana
1000 2044 1149 2098 proelia
1169 2044 1209 2084 in
1232 2050 1445 2097 conspectu
1467 2050 1665 2083 utrorum-

130 2120 157 2161 2
179 2131 254 2172 que
277 2122 521 2164 castrorum,
561 2127 662 2167 quae
692 2113 740 2153 ad
769 2113 866 2153 uada
900 2113 1168 2165 transitusque
1200 2112 1344 2152 fiebant
1365 2111 1529 2164 paludis.
1575 2108 1663 2162 Qua

323 2207 337 2239 1
361 2205 507 2238 animum
528 2205 728 2237 aduerterct
746 2216 791 2236 cm
811 2204 904 2237 And.
928 2205 1040 2236 Ofon.
1064 2214 1099 2234 τι.
1261 2203 1374 2234 hostes
1394 2212 1411 2232 e
1428 2201 1521 2233 And.
1546 2200 1661 2232 Ooeon.

322 2259 504 2300 conplures
524 2257 565 2288 B.
721 2257 805 2288 locis
824 2257 854 2288 B
868 2267 883 2287 e
906 2257 1001 2287 ‘mss-
1022 2258 1057 2286 ez‘
1073 2254 1151 2286 edd.
1173 2253 1269 2295 ΨΜ)
1430 2253 1450 2283 2
1469 2261 1662 2294 oppugnare

177 2312 207 2344 B
228 2311 323 2342 ‘mss.
344 2312 378 2340 et
396 2308 474 2339 edd.
495 2307 592 2348 qdd.’
838 2308 855 2338 3
877 2307 941 2339 nisi
963 2324 1004 2328 —
1023 2306 1095 2345 (14)
1116 2305 1386 2345 aggrederentur
1404 2313 1471 2335 om.
1493 2303 1564 2334 ΑΒ
1579 2302 1661 2334 CD.

321 2362 340 2393 4
359 2361 400 2391 ad
420 2359 539 2392 Gaium
559 2358 764 2391 Trebonium
787 2359 816 2390 b.
961 2358 1068 2400 possit
1088 2357 1118 2388 b.
1248 2356 1266 2387 6
1285 2355 1414 2395 magnis
1433 2365 1449 2384 e
1468 2357 1503 2385 et
1518 2352 1661 2393 reliqui,

178 2425 278 2458 quam
296 2414 428 2454 magnis
448 2413 478 2443 b.
622 2412 639 2442 7
660 2412 691 2442 in
712 2412 807 2443 uicos
829 2411 859 2441 b.
1003 2410 1022 2440 8
1042 2418 1181 2450 quarum
1201 2418 1217 2438 e
1238 2407 1352 2439 Ooeon.
1498 2405 1537 2436 10
1556 2405 1664 2436 minu-

178 2465 308 2507 eretur]
328 2465 547 2496 inueniretur
567 2464 584 2494 b
600 2474 628 2495 c.
799 2464 835 2495 13
855 2463 1041 2504 eademque
1061 2462 1077 2492 b
1092 2471 1147 2492 ce.
1314 2460 1353 2492 14
1374 2459 1518 2491 insidiae
1537 2469 1557 2490 α
1571 2458 1662 2498 bde,

178 2519 313 2552 insidiis
332 2528 349 2548 c
362 2527 403 2548 ιιι
422 2516 576 2547 inclusit
590 2515 780 2547 ll'hz'ttins.
803 2515 842 2546 P.
869 2514 942 2547 tlt.
1110 2512 1149 2544 15
1168 2513 1258 2543 mala
1276 2522 1293 2542 e
1314 2511 1429 2543 Oxou.
1606 2509 1665 2540 ille

178 2571 251 2603 dies
271 2570 302 2602 B
322 2567 445 2607 ‘mSS.',
467 2567 526 2598 ille
547 2567 640 2598 locus
660 2577 680 2597 α
695 2577 721 2597 e.
868 2565 906 2596 16
926 2564 959 2595 hi
981 2563 1008 2594 B
1026 2562 1104 2594 edd.
1125 2566 1208 2594 ante
1226 2563 1324 2602 Alci„
1347 2562 1370 2593 ii
1389 2561 1502 2593 Aldus
1520 2571 1556 2592 τι.

179 2621 325 2654 animum
345 2618 581 2650 aduertissent
598 2628 644 2648 ecc
658 2616 753 2649 And.
777 2616 877 2647 Oxou
915 2625 949 2645 υ.
1141 2614 1179 2646 18
1198 2614 1370 2655 peditibus
1389 2613 1419 2643 B
1439 2611 1623 2653 ‘reliqum
1644 2620 1664 2642 a

177 2671 348 2715 peditibus
367 2668 488 2700 bede.
657 2667 697 2698 19
717 2666 867 2708 equestri
888 2676 922 2696 se
943 2663 1071 2706 proelio
1093 2670 1295 2706 receperunt
1315 2665 1345 2695 b.
1515 2663 1559 2696 20
1578 2661 1664 2693 Ver-

176 2721 278 2764 tisco]
297 2719 439 2752 Verutio
459 2718 541 2750 add.
565 2717 627 2756 cd,
648 2716 776 2748 Neruto
795 2716 878 2748 add.
902 2716 931 2746 b.
954 2713 1037 2745 sid.
1062 2714 1135 2745 Cic.
1157 2714 1258 2745 Ver-r.
1280 2714 1332 2753 ΙΙ,
1354 2713 1417 2750 76,
1443 2711 1516 2744 187.

178 2774 219 2807 23
240 2781 345 2813 neque
366 2769 521 2801 dimicari
540 2787 581 2791 —
601 2768 759 2799 uoluerat
778 2777 846 2798 one.
869 2767 899 2796 b.
1038 2765 1201 2796 inflantur
1219 2775 1239 2795 a
1255 2775 1271 2794 e
1293 2765 1431 2806 {forsan
1450 2764 1559 2793 etiam
1579 2772 1596 2793 c
1609 2761 1660 2802 d',

179 2827 431 2857 inflammantur
449 2821 478 2853 B
496 2823 529 2852 cl
547 2820 691 2861 reliqui.
878 2817 919 2849 ‘27
940 2817 1173 2848 intermittunt
1191 2827 1219 2855 e,
1241 2816 1439 2848 intermittit
1457 2815 1611 2846 ABCD
1624 2815 1662 2853 b,-

178 2874 452 2906 intermittuntur
470 2882 504 2902 u.
524 2870 563 2901 P.
589 2870 663 2902 115.
805 2873 1046 2908 utrorulnquae
1068 2867 1107 2898 B.

1698 902 1737 934 10

1699 1238 1738 1270 15

1697 1576 1739 1609 20
