1835 3240
620 166 805 209 COMM.
829 166 848 208 I
879 165 1000 209 CAP.
1022 167 1078 210 26
1091 193 1140 199 ——
1155 168 1224 211 28.
1655 175 1734 217 271

183 291 285 332 sent,
311 295 353 322 se
376 282 512 322 eodem
535 281 636 331 loco,
663 296 737 334 quo
761 281 983 327 Heluetios,
1009 282 1248 322 habiturum.
1294 281 1383 336 Ipse
1403 285 1664 329 triduointer-

182 351 301 391 misso
323 364 409 390 cum
433 349 613 390 omnibus
636 350 758 403 copiis
772 364 840 390 eos
853 350 965 403 sequi
979 351 1121 404 coepit.
1155 349 1329 391 Heluetii
1346 352 1515 392 omnium
1533 367 1665 396 rerum
1686 358 1741 402 27

181 417 310 472 inopia
333 418 486 457 adducti
509 417 658 471 legatos
678 419 724 457 de
746 418 941 458 deditione
964 419 1010 458 ad
1034 433 1121 459 eum
1144 418 1352 459 miserunt.
1386 417 1562 471 Quicum
1577 435 1662 463 eum
1683 424 1710 464 2

178 486 217 525 in
238 485 381 526 itinere
404 486 687 526 conuenissent
709 499 829 538 seque
852 486 899 525 ad
922 487 1039 539 pedes
1069 487 1328 540 proiecissent
1360 487 1665 542 subpliciterque

137 563 153 592 5
178 553 297 593 locuti
328 554 467 594 flentes
496 568 631 608 pacem
662 554 878 607 petissent,
910 560 1027 606 atque
1050 568 1118 594 eos
1141 554 1181 594 in
1203 568 1249 594 eo
1273 555 1376 604 loco,
1402 569 1476 608 quo
1500 563 1579 596 tum
1603 571 1666 598 es-

178 628 282 672 sent,
307 636 419 662 suum
432 622 642 662 aduentum
658 621 1083 675 expectareiussisset,
1110 631 1339 675 paruerunt.
1384 622 1445 663 Eo
1459 631 1664 678 postquam
1687 624 1712 665 3

179 685 332 730 Caesar
352 691 547 744 peruenit,
581 690 755 740 obsides,
790 703 914 739 arma,
946 703 1103 739 seruos,
1136 691 1199 743 qui
1223 692 1270 731 ad
1294 705 1361 731 eos
1385 692 1665 746 perfugissent,

179 758 373 811 poposcit.
425 756 528 797 Dum
552 772 595 798 ea
619 758 908 811 conquiruntur
930 764 967 797 et
989 758 1265 808 conseruntur,
1300 766 1416 800 nocte
1437 760 1668 802 intermissa
1687 761 1715 801 4

178 826 339 866 circiter
369 826 569 865 hominum
597 826 702 866 milia
735 831 779 864 VI
818 825 901 865 eius
923 825 1030 879 pagi,
1063 826 1124 879 qui
1148 825 1399 880 Verbigenus
1432 828 1667 882 appellatur,

104 900 142 932 10
174 893 259 933 siue
291 894 431 933 timore
471 894 693 948 perterriti,
730 907 777 933 ne
809 893 929 933 armis
963 893 1117 933 traditis
1149 895 1339 947 supplicio
1382 897 1660 949 adficerentur,

179 962 263 1001 siue
296 975 363 1015 spe
395 962 533 1002 salutis
565 961 739 1010 inducti,
774 962 874 1014 quod
906 961 946 1001 in
977 967 1087 1001 tanta
1115 962 1364 1003 multitudine
1397 965 1666 1007 dediticiorum

175 1042 284 1069 suam
309 1031 437 1083 fugam
462 1037 528 1070 aut
550 1029 739 1070 occultari
763 1036 827 1068 aut
850 1029 1007 1069 omnino
1029 1029 1204 1083 ignorari
1229 1045 1343 1084 posse
1367 1032 1662 1086 existimarent,

175 1095 296 1149 prima
327 1105 443 1138 nocte
476 1112 496 1137 e
529 1097 669 1137 castris
702 1096 972 1138 Heluetiorum
1007 1098 1160 1151 egressi
1193 1099 1237 1138 ad
1273 1098 1455 1139 Rhenum
1489 1102 1666 1156 finesque

177 1162 466 1205 Germanorum
490 1167 792 1206 contenderunt.
839 1163 953 1217 Quod
972 1165 1034 1204 ubi
1062 1164 1215 1206 Caesar
1238 1168 1388 1217 resciit,
1413 1183 1575 1221 quorum
1593 1185 1664 1224 per
1677 1172 1738 1216 28

104 1240 142 1272 15
174 1233 270 1273 fines
292 1233 440 1283 ierant,
468 1234 542 1284 his,
569 1233 1233 1286 uticonquirerentetreducerent,
1259 1235 1292 1275 si
1313 1236 1385 1276 sibi
1403 1239 1559 1292 purgati
1577 1252 1667 1280 esse

176 1301 346 1351 uellent,
382 1302 610 1355 imperauit:
646 1302 830 1341 reductos
862 1301 901 1340 in
925 1302 1093 1341 hostium
1118 1316 1280 1344 numero
1304 1304 1463 1355 habuit3
1489 1305 1662 1360 reliquos
1683 1308 1712 1349 2

176 1383 313 1408 omnes
345 1368 567 1419 obsidibus,
603 1369 747 1418 armis,
782 1369 956 1423 perfugis
987 1370 1140 1411 traditis
1163 1371 1204 1410 in
1225 1371 1462 1413 deditionem
1495 1376 1662 1429 accepit.

179 1435 398 1485 Heluetios,
422 1437 630 1492 Tulingos,
655 1435 897 1490 Latobrigos
919 1436 958 1475 in
981 1437 1076 1478 fines
1100 1452 1207 1488 suos,
1234 1440 1337 1479 unde
1354 1443 1663 1495 erantprol'ecti,
1687 1443 1713 1485 3

178 1504 328 1545 reuerti
357 1505 486 1553 iussit,
524 1512 563 1545 et
590 1505 689 1558 quod
713 1504 891 1544 omnibus
924 1505 1112 1546 fructibus
1134 1506 1291 1547 amissis
1320 1507 1422 1547 domi
1445 1509 1540 1551 nihil
1563 1519 1664 1562 erat,

94 1558 142 1610 ³20
175 1585 250 1624 quo
274 1573 412 1612 famem
437 1573 667 1624 tolerarent,
700 1571 983 1627 Allobrogibus
1006 1573 1228 1628 imperauit,
1255 1582 1297 1614 ut
1317 1575 1365 1615 iis
1390 1577 1576 1618 frumenti
1599 1593 1665 1619 co-

172 1639 272 1692 piam
296 1641 495 1680 faoerent:
521 1641 627 1694 ipsos
651 1643 785 1696 oppida
811 1642 1014 1695 uicosque,
1040 1642 1423 1693 quosincenderant,
1448 1646 1664 1688 restituere

172 1707 303 1748 iussit.
346 1706 389 1748 Id
413 1722 457 1748 ea
482 1710 652 1749 maxime
675 1713 829 1750 ratione
854 1710 960 1759 fecit,
992 1710 1091 1763 quod
1115 1709 1240 1749 noluit
1263 1724 1350 1751 eum
1374 1712 1524 1762 locum,
1560 1714 1663 1755 uude
1684 1714 1712 1754 4

172 1774 346 1816 Heluetii
368 1776 650 1826 discesserant,
678 1792 837 1827 uacare,
864 1792 912 1818 ne
934 1785 1094 1832 propter
1115 1778 1331 1818 bonitatem
1354 1793 1539 1833 agrorum
1559 1779 1660 1823 Ger-

173 1845 302 1895 mani,
338 1845 401 1898 qui
433 1852 538 1885 trans
570 1845 752 1886 Rhenum
784 1846 983 1896 incolunt,
1010 1860 1031 1887 e
1053 1847 1134 1886 suis
1157 1846 1298 1887 finibus
1321 1847 1361 1887 in
1384 1846 1665 1891 Heluetiorum

98 1918 139 1950 25
171 1912 267 1953 fines
298 1913 514 1953 transirent
543 1920 582 1954 et
604 1914 756 1954 finitimi
780 1912 933 1954 Galliae
957 1914 1185 1968 prouinciae
1207 1914 1575 1970 Allobrogibusque
1598 1932 1665 1960 es-

174 1987 272 2019 sent.
306 1978 426 2020 Boios
440 1981 661 2035 petentibus
677 1981 865 2032 Haeduis,
891 1983 989 2036 quod
1013 1981 1174 2037 egregia
1195 1981 1343 2022 uirtute
1358 1991 1471 2023 erant
1491 1985 1657 2040 cogniti,
1683 1986 1707 2028 5

173 2046 272 2086 utin
297 2047 436 2089 finibus
459 2049 540 2089 suis
563 2049 822 2101 collocarent,
848 2052 1072 2101 concessit,
1099 2050 1238 2103 quibus
1260 2050 1317 2091 illi
1339 2065 1457 2105 agros
1470 2053 1664 2095 dederunt

173 2128 344 2169 quosque
384 2124 520 2171 postea
550 2118 591 2158 in
623 2132 755 2172 parem
787 2119 884 2160 iuris
914 2119 1188 2172 libertatisque
1219 2119 1507 2171 condicionem,
1545 2128 1661 2176 atque

315 2249 326 2282 1
351 2249 500 2282 habitum
520 2260 566 2282 m.
585 2252 696 2292 pr.B.
790 2252 809 2283 2
830 2262 887 2284 eos
907 2252 1022 2295 om.s.
1119 2253 1140 2286 4
1157 2252 1199 2284 ad
1218 2251 1336 2295 pedes]
1356 2253 1429 2284 eius
1448 2253 1533 2285 add.
1548 2254 1661 2288 DEb.

275 2301 551 2345 subpliciterqner
571 2304 616 2335 B.
765 2305 783 2336 5
803 2315 918 2347 pacem
947 2307 1066 2336 flentes
1087 2304 1129 2346 b,-
1156 2306 1276 2336 flentes
1303 2316 1372 2337 om.
1391 2306 1442 2346 E,·
1470 2317 1586 2349 pecem
1600 2317 1660 2350 pr.

170 2361 216 2384 m.
235 2353 278 2384 Β.
396 2358 465 2384 tum
484 2364 550 2385 sec.
572 2365 619 2386 m.
639 2366 716 2397 sup.
738 2365 832 2387 vers.
851 2358 883 2387 B
897 2383 904 2397 ‚
926 2357 1054 2398 tunes.
1198 2358 1216 2389 6
1236 2365 1337 2389 suum·
1352 2357 1550 2401 aduentum]
1571 2370 1607 2391 se
1628 2361 1659 2391 b.

311 2409 495 2446 expectare
514 2406 555 2437 B.
696 2407 714 2439 9
734 2417 795 2439 sex
815 2408 888 2449 (B).
1031 2406 1245 2449 Verbigenus
1265 2409 1368 2451 A(B)
1386 2409 1500 2442 (ΖΗΕ
1513 2412 1661 2453 esaliz'-

173 2464 260 2495 que,
279 2453 471 2496 Vrbigenus
491 2466 567 2487 eam
587 2457 731 2499 aliquot
748 2458 838 2490 dett.
858 2469 895 2490 u.
1062 2459 1101 2491 10
1131 2460 1365 2492 adficerentur
1390 2461 1513 2494 ABG.

174 2505 208 2538 11
232 2506 432 2540 deditiorum
456 2508 565 2550 CDf.
688 2511 726 2542 16
747 2511 923 2549 redut-tm,
943 2510 1007 2542 sed
1024 2520 1132 2551 corr.,
1158 2512 1202 2542 B.
1353 2512 1393 2544 18
1411 2511 1595 2546 Latobicos
1612 2514 1659 2547 D.

317 2557 355 2590 19
376 2558 546 2591 fructibus
565 2559 701 2600 ADE‚·
723 2560 878 2602 frugibus
896 2563 954 2592 Be
972 2561 1268 2604 relz'quz'quesere
1285 2574 1404 2596 omnes
1421 2564 1462 2595 P.
1483 2564 1538 2596 54.

176 2607 218 2638 20
236 2612 273 2639 ut
290 2608 340 2640 his
359 2610 431 2641 AB
444 2611 514 2652 Es,
536 2616 571 2642 ut
591 2611 656 2643 hiis
679 2612 716 2644 C.
881 2613 919 2648 21
943 2617 1142 2645 restaurare
1162 2615 1180 2646 b
1198 2625 1228 2646 c.
1405 2617 1450 2652 22
1468 2626 1509 2648 ea
1526 2627 1594 2648 om.
1619 2617 1660 2650 C.

316 2662 358 2695 24
384 2672 401 2692 e
430 2673 498 2694 om.
520 2663 711 2706 ABCbs,
742 2674 761 2696 a
785 2665 826 2697 E.
991 2665 1034 2697 26
1061 2666 1190 2698 Heduis
1215 2668 1259 2698 Β.
1421 2667 1466 2702 27
1484 2668 1517 2700 in
1536 2678 1605 2700 om.
1627 2669 1658 2701 b.

315 2711 496 2755 dederunt]
524 2715 746 2748 contulerunt
764 2715 810 2747 Ι).
968 2717 1012 2749 ‘28
1031 2727 1114 2759 quos
1134 2722 1253 2760 postea
1274 2718 1292 2749 b
1311 2729 1340 2750 e.
1488 2719 1520 2751 in
1542 2729 1656 2761 parem

173 2759 306 2801 Aldus,
335 2761 367 2793 iu
387 2768 516 2804 partein
536 2764 637 2797 codd.
796 2766 1059 2810 libertatemque
1086 2778 1209 2810 m.pr.
1234 2768 1305 2809 Co,
1333 2769 1562 2811 libertateque
1591 2769 1657 2811 qu.

317 2813 515 2846 condicione
542 2815 574 2847 A
602 2815 788 2848 dubitante
822 2817 863 2849 de
890 2821 1056 2851 extrema
1086 2819 1173 2861 syll.
1201 2818 1433 2862 Pluescltkz'o‚
1464 2819 1657 2852 conditione

174 2864 205 2893 B
220 2862 321 2903 GEs.
462 2866 579 2909 atque]
600 2872 635 2899 ut
654 2868 735 2899 add.
756 2869 843 2901 DE.
