1835 3240
102 917 141 949 10

107 1255 147 1287 15

108 1594 150 1628 20

579 180 761 225 COMM.
786 179 866 224 V11
889 177 1012 222 CAP.
1038 176 1236 220 33—36.
1645 175 1727 217 425

168 307 269 350 rent,
295 312 393 351 quae
415 297 455 337 in
476 297 682 350 praesidiis
705 296 761 335 rei
786 292 1065 335 frumentariae
1088 304 1204 331 causa
1228 290 1468 342 disponeret,
1496 291 1649 330 exerci-

169 376 249 409 tum
272 367 313 406 in
335 366 430 405 duas
454 372 586 418 partes
609 365 767 404 diuisit:
793 370 977 415 quattuor
998 360 1173 414 legiones
1196 358 1234 397 in
1258 355 1440 398 Senones
1454 355 1649 397 Parisios-
1671 356 1698 396 2

170 449 242 488 que
272 433 452 474 Labieno
485 433 681 473 ducendas
713 431 841 479 dedit,
877 444 950 469 sex
978 430 1060 482 ipse
1090 428 1129 467 in
1152 426 1359 466 Aruernos
1393 423 1439 463 ad
1473 424 1650 476 oppidum

169 502 409 555 Gergouiam
431 501 643 541 secundum
676 500 817 538 ssumen
841 496 990 536 Elauer
1021 496 1153 545 duxit3
1189 494 1384 546 equitatus
1417 498 1566 544 partem
1598 491 1653 529 illi

174 569 376 619 adtribuit,
401 576 550 623 partem
568 567 640 607 sibi
663 566 835 617 reliquit.
863 563 950 616 Qua
974 577 1016 603 re
1037 564 1194 616 cognita
1207 558 1519 612 Vercingetorix
1533 558 1656 597 omni-
1678 557 1703 597 3

171 638 243 678 bus
266 637 498 689 interruptis
521 636 605 675 eius
628 633 796 673 fluminis
820 632 1002 686 pontibus
1025 631 1072 672 ab
1105 632 1231 671 altera
1258 627 1425 668 [luminis
1449 634 1560 680 parte
1582 625 1658 665 iter

171 706 303 746 facere
328 704 470 758 coepit.

287 770 387 813 Cum
410 779 573 824 uterque
595 770 791 822 utrimque
815 767 968 808 exisset
989 766 1190 806 exercitus
1206 796 1216 816 ,
1256 765 1295 804 in
1320 769 1534 817 conspectu
1557 762 1658 801 fere·
1679 759 1735 804 35

174 855 247 894 que
271 854 291 881 e
314 840 476 894 regione
499 838 640 878 castris
664 844 792 877 castra
816 836 1027 889 ponebant.
1081 832 1297 887 Dispositis
1321 829 1658 886 exploratoribus,

175 923 224 949 ne
248 908 335 949 cubi
360 908 500 948 effecto
522 913 637 960 ponte
660 904 831 945 Romani
854 904 985 957 copias
1008 902 1288 950 traducerent,
1324 907 1409 940 erat
1439 900 1478 939 iu
1511 896 1663 950 magnis

176 975 366 1017 Caesaris
400 973 687 1014 difficultatibus
711 986 800 1021 res,
837 986 885 1012 ne
917 971 1107 1011 maiorem
1139 968 1302 1010 aestatis
1334 975 1482 1021 partem
1506 966 1663 1005 flumine

175 1043 454 1097 impediretur,
490 1042 590 1095 quod
623 1054 699 1081 non
734 1042 815 1080 sere
846 1046 936 1080 ante
961 1046 1186 1078 autumnum
1211 1035 1358 1075 Elauer
1381 1035 1480 1074 uado
1505 1032 1666 1073 transiri

176 1111 291 1152 solet.
335 1109 473 1166 Itaque
489 1141 499 1160 ,
535 1123 584 1150 ne
615 1109 654 1149 id
676 1108 900 1157 accideret,
931 1106 1104 1148 siluestri
1127 1106 1214 1146 loco
1238 1103 1380 1144 castris
1404 1101 1540 1156 positis
1564 1114 1584 1141 e
1606 1114 1667 1140 re·
1688 1098 1716 1139 2

178 1180 294 1233 gione
318 1179 433 1218 unius
458 1192 589 1218 eorum
614 1177 787 1231 pontium
806 1207 816 1225 ‚
841 1189 938 1229 quos
963 1172 1273 1228 Vercingetorix
1297 1168 1578 1211 rescindendos
1602 1181 1667 1207 cu-

181 1253 357 1296 rauerat,
381 1253 541 1300 postero
565 1246 625 1286 die
649 1260 734 1285 cum
758 1245 907 1285 duabus
930 1242 1151 1297 legionibus
1174 1241 1213 1280 in
1236 1240 1391 1280 occulto
1410 1236 1580 1287 restitit,
1606 1249 1669 1275 re·
1691 1233 1715 1275 3

180 1315 307 1367 liquas
331 1313 462 1367 copias
493 1328 578 1353 cum
611 1313 791 1353 omnibus
825 1310 1139 1365 impedimentis,
1172 1315 1214 1349 ut
1247 1312 1531 1354 consueuerat,
1565 1303 1672 1343 misit

181 1382 345 1435 †captis
361 1381 586 1434 quibusdam
602 1380 846 1429 cohortibus,
872 1379 925 1419 uti
939 1392 1123 1419 numerus
1145 1376 1344 1430 legionum
1360 1381 1543 1415 constare
1563 1371 1672 1411 uide-

184 1457 309 1490 retur.
336 1449 409 1489 His
433 1464 546 1502 quam
570 1449 796 1502 longissime
819 1454 980 1502 possent
1001 1446 1135 1500 egredi
1157 1444 1290 1491 iussis,
1317 1458 1402 1483 cum
1424 1442 1499 1482 iam
1523 1455 1575 1480 ex
1598 1438 1674 1479 diei
1695 1437 1721 1477 4

185 1526 360 1572 tempore
383 1518 651 1557 coniecturam
677 1522 837 1570 ceperat
857 1514 897 1556 in
921 1522 1052 1555 castra
1075 1521 1321 1569 peruentum,
1346 1511 1469 1551 isdem
1492 1508 1669 1558 sublicis,

184 1600 344 1639 quarum
370 1599 459 1640 pars
481 1585 648 1625 inferior
667 1584 823 1638 integra
846 1583 1102 1630 remanebat,
1141 1588 1298 1636 pontem
1330 1580 1494 1619 reficere
1529 1576 1671 1629 coepit.

186 1651 384 1694 Celeriter
407 1654 546 1693 effecto
570 1666 688 1706 opere
719 1651 1019 1705 legionibusque
1043 1650 1233 1691 traductis
1257 1656 1295 1688 et
1317 1649 1403 1687 loco
1427 1645 1570 1685 castris
1592 1645 1675 1684 ido·
1697 1641 1721 1683 5

187 1736 261 1762 neo
285 1721 436 1761 delecto
461 1709 630 1773 reliquas
668 1719 799 1772 copias
822 1720 1040 1759 reuocauit.
1084 1716 1398 1770 Vercingetorix
1426 1727 1469 1753 re
1502 1712 1673 1766 cognita,
1697 1709 1724 1750 6

189 1803 237 1829 ne
260 1796 401 1828 contra
422 1803 531 1828 suam
555 1787 795 1827 uoluntatem
819 1787 1006 1827 dimicare
1030 1793 1242 1839 cogeretur
1259 1816 1268 1834 ,
1294 1783 1447 1836 magnis
1471 1780 1678 1821 itineribus

188 1857 418 1897 antecessit.
463 1854 616 1896 Caesar
637 1868 690 1895 ex
711 1869 757 1895 eo
780 1855 867 1895 loco
890 1855 1035 1908 quintis
1059 1853 1204 1894 castris
1229 1851 1471 1903 Gergouiam
1495 1847 1676 1904 peruenit
1697 1845 1756 1890 36

192 1925 443 1981 equestrique
468 1939 514 1965 eo
537 1924 598 1964 die
621 1925 768 1978 proelio
791 1923 871 1964 leui
894 1924 996 1964 sacto
1019 1928 1225 1977 perspecto
1251 1920 1357 1961 urbis
1380 1919 1476 1969 situ,
1502 1931 1598 1972 quae
1613 1930 1680 1971 po-

335 2109 357 2143 2
375 2108 587 2150 quattuorB,
609 2118 676 2139 non
697 2112 856 2149 quatuor.
999 2106 1228 2147 parastosque
1242 2105 1283 2136 B.
1426 2103 1444 2134 5
1465 2099 1682 2134 adtribuitB.

336 2160 472 2200 cognita
491 2169 510 2191 a
529 2159 809 2201 Vercingetorige
830 2161 889 2192 be.
1089 2158 1107 2190 6
1127 2157 1168 2189 ab
1188 2157 1300 2188 altera
1319 2155 1466 2186 {luminis
1487 2158 1582 2197 parte
1602 2152 1632 2183 Β
1650 2154 1687 2182 et

193 2212 340 2253 reliqui,
362 2213 402 2244 ab
423 2213 533 2244 altera
552 2211 711 2244 Elaueris
732 2217 827 2254 parte
848 2223 868 2244 a
882 2213 898 2243 b
912 2212 1002 2243 ede.
1146 2210 1162 2242 7
1184 2209 1275 2251 cepit
1292 2208 1334 2239 Β.
1499 2207 1519 2239 8
1538 2210 1682 2246 uterque

194 2265 363 2306 utrimque
390 2265 522 2296 exisset
539 2265 568 2296 Β
587 2263 672 2305 (sed
689 2264 853 2306 exesse-t)
875 2264 1062 2305 ‘relz'quz''‚
1091 2267 1236 2303 uterque
1256 2260 1391 2301 utrique
1411 2264 1506 2291 esset
1524 2269 1544 2290 a
1561 2259 1577 2290 b
1591 2269 1607 2288 e
1620 2257 1683 2289 de.

194 2316 233 2347 Ρ.
254 2316 309 2348 93.
450 2315 619 2348 exercitui
636 2316 668 2346 in
689 2320 876 2357 conspectu
895 2326 955 2355 ae,
979 2315 1169 2347 exercitum
1189 2317 1394 2354 conspectus
1417 2312 1446 2342 b.
1591 2310 1609 2342 9
1631 2320 1687 2351 po-

197 2366 322 2398 nebant
339 2366 412 2398 AB
427 2367 519 2407 CJ)‚-
540 2372 704 2408 ponerent
724 2368 753 2406 b,
776 2371 919 2409 poneret
937 2377 957 2398 α
972 2377 1002 2397 e.
1186 2364 1221 2397 ll
1246 2364 1407 2395 Caesaris
1428 2362 1685 2394 difficultatibus

195 2416 250 2448 Be
270 2421 303 2449 et
320 2420 372 2449 sic
392 2419 470 2449 ‘uel
492 2418 562 2449 diff.
584 2418 744 2450 Caesaris
765 2429 848 2451 mss.
874 2422 911 2450 et
935 2418 1014 2450 edd.
1044 2416 1154 2458 qclcl.',
1179 2416 1321 2448 Caesari
1352 2415 1609 2447 difficultatibus
1630 2415 1687 2446 be.

346 2471 466 2503 12110n
487 2471 553 2503 nisi
574 2470 646 2502 fere
668 2471 698 2502 b.
843 2471 882 2503 13
902 2471 1087 2502 accederet
1104 2480 1149 2500 m.
1168 2479 1227 2510 pr.
1245 2469 1287 2500 B.
1453 2468 1579 2499 castris
1600 2467 1689 2509 posi-

202 2519 259 2562 tis]
282 2520 425 2553 ‘omisso
445 2523 569 2555 castris
589 2523 720 2554 liabent
738 2522 814 2555 sitis
834 2534 917 2555 mss.
939 2524 957 2555 9
972 2547 980 2562 ,
1001 2523 1087 2554 situs
1106 2522 1159 2560 Ι);
1182 2521 1303 2563 positis
1323 2523 1391 2552 int.
1413 2531 1505 2552 uerx.
1529 2521 1572 2552 b'.

204 2574 484 2607 141·escinend0s
503 2576 546 2608 B.
692 2575 727 2607 15
751 2581 885 2617 postero
905 2575 974 2617 die]
996 2574 1160 2617 postridie
1182 2574 1275 2605 bde.
1429 2572 1469 2604 17
1490 2571 1629 2614 craptis,
1650 2575 1688 2602 Ill

202 2624 425 2665 Elberliugz'o
443 2627 598 2668 uidetur,
620 2638 649 2658 e.
670 2627 709 2659 P.
731 2627 785 2659 93.
946 2627 987 2659 18
1007 2626 1124 2666 egredi
1142 2626 1172 2656 B
1194 2622 1369 2667 ‘7¹elc'qttc'',
1393 2624 1551 2666 progredi
1571 2622 1686 2653 bede.

347 2676 413 2707 diei
431 2687 498 2708 om.
522 2678 539 2709 b
554 2689 581 2710 e.
768 2679 805 2711 10
826 2679 1035 2711 conicturam
1056 2689 1101 2709 m.
1119 2687 1178 2719 pr.
1199 2677 1240 2708 Β.
1416 2680 1556 2718 ceperat
1575 2676 1603 2706 Β
1623 2675 1690 2705 ‘ee-

205 2727 298 2767 teri',
320 2729 450 2769 ceperit
465 2729 520 2769 A‚·
539 2735 679 2771 caperet
698 2731 715 2762 b
729 2730 820 2762 cde.
962 2731 993 2761 in
1014 2734 1128 2761 castra
1149 2738 1218 2760 om.
1241 2728 1270 2759 b.
1437 2731 1634 2768 prouentum
1656 2727 1688 2757 b.

351 2779 480 2811 hisdem
499 2780 550 2821 B,
581 2781 701 2813 iisdem
722 2792 756 2812 u.
935 2782 995 2812 sub
1015 2781 1100 2812 locis
1120 2789 1185 2821 qua
1206 2780 1236 2810 b.
1413 2779 1455 2812 20
1477 2782 1692 2819 permaneret

207 2832 250 2862 Ι).
436 2831 472 2865 21
498 2832 663 2864 traductis
683 2843 699 2863 e
721 2831 891 2871 ‘ceteri';
921 2842 988 2864 om.
1011 2833 1083 2864 AB
1099 2832 1182 2864 CD.
1404 2831 1446 2863 22
1466 2829 1691 2871 Vergingeto-

207 2882 259 2913 rix
280 2881 319 2913 B.
460 2881 502 2914 25
522 2892 561 2914 eo
581 2882 634 2915 (lie
655 2883 783 2924 proelio
803 2883 831 2913 B
846 2882 946 2914 0110
966 2883 1070 2915 ‘mss.
1092 2881 1232 2921 multl’,
1264 2880 1392 2924 proelio
1413 2891 1451 2912 eo
1471 2880 1523 2911 die
1544 2890 1577 2911 u.
