1835 3240
85 155 170 200 286
612 152 687 195 DE
718 151 910 195 BELLO
943 149 1195 195 GALLICO

162 267 323 311 Valerio
343 264 488 308 Flacco
510 266 670 308 ciuitate
691 267 857 307 donatus
880 273 992 316 erat,
1017 273 1057 307 et
1086 273 1247 321 propter
1277 267 1393 308 fidem
1421 273 1462 308 et
1482 272 1642 320 propter

157 337 316 390 linguae
337 333 516 376 Gallicae
543 334 775 383 scientiam,
810 347 888 390 qua*
912 334 1034 374 multa
1063 333 1141 374 iam
1171 333 1399 376 Ariouistus
1429 334 1643 388 longinqua

157 403 442 445 consuetudine
474 403 679 451 utebatur,
720 408 760 441 et
788 401 889 454 quod
919 401 960 441 in
991 413 1038 441 eo
1059 401 1249 454 peccandi
1279 399 1490 443 Germanis
1521 416 1641 443 causa

157 486 238 512 non
278 477 409 520 esset,
452 470 499 509 ad
530 482 617 509 eum
648 468 806 508 mittere
841 475 882 508 et
917 466 1097 509 Marcum
1136 466 1329 519 Metium,
1373 469 1438 522 qui
1477 469 1645 524 hospitio

111 537 136 580 5
158 539 354 580 Ariouisti
385 537 583 578 utebatur.
637 535 711 575 His
744 536 966 586 mandauit,
1000 543 1066 587 ut,
1098 549 1197 589 quae
1219 536 1369 577 diceret
1389 537 1637 587 Ariouistus,
1673 546 1690 576 5

111 605 139 647 6
160 612 449 662 cognoscerent
484 609 524 644 et
553 603 601 643 ad
634 616 678 643 se
706 603 920 643 referrent.
975 602 1085 656 Quos
1117 618 1203 645 cum
1234 605 1335 658 apud
1365 618 1409 645 se
1437 604 1479 644 in
1501 606 1643 646 castris

156 673 386 715 Ariouistus
401 671 690 725 conspexisset,
705 671 885 711 exercitu
898 685 970 712 suo
984 679 1192 726 praesente
1203 672 1477 712 conclamauit:
1494 671 1583 724 quid
1595 672 1643 712 ad

159 756 203 782 se
224 740 435 782 uenirent?
469 752 518 778 an
541 739 769 792 speculandi
791 740 940 780 causa?
989 737 1182 781 Conantis
1215 740 1345 780 dicere
1378 739 1575 793 prohibuit
1604 745 1644 779 et

82 809 143 854 48
164 810 204 850 in
227 816 386 850 catenas
410 806 592 848 coniecit.
645 805 798 846 Eodem
830 808 890 848 die
921 814 1051 848 castra
1079 807 1276 862 promouit
1306 814 1345 847 et
1376 806 1532 846 milibus
1554 820 1643 860 pas-

110 878 139 919 2
159 891 270 918 suum
292 889 367 916 sex
397 889 421 915 a
442 871 628 915 Caesaris
651 874 792 914 castris
825 875 896 915 sub
927 882 1061 915 monte
1095 875 1287 915 consedit.
1329 872 1528 914 Postridie
1558 873 1643 914 eius
1677 881 1716 913 10

157 944 234 984 diei
265 950 424 997 praeter
455 949 586 982 castra
610 939 798 982 Caesaris
827 956 919 983 suas
952 943 1084 996 copias
1115 942 1296 983 traduxit
1316 949 1356 982 et
1375 942 1532 982 milibus
1554 955 1644 996 pas-

158 1025 271 1052 suum
284 1010 432 1051 duobus
447 1011 551 1050 ultra
573 1023 660 1049 eum
683 1016 813 1050 castra
836 1010 942 1059 fecit,
969 1024 1015 1050 eo
1038 1010 1219 1060 consilio,
1243 1011 1300 1050 uti
1324 1011 1519 1050 frumento
1535 1024 1640 1050 com-

158 1087 370 1134 meatuque
385 1109 395 1129 ,
430 1078 492 1132 qui
516 1092 569 1118 ex
590 1075 785 1130 Sequanis
809 1085 848 1118 et
868 1076 1045 1118 Haeduis
1067 1078 1390 1131 subportaretur,
1425 1074 1643 1118 Caesarem

110 1146 134 1188 3
155 1146 454 1187 intercluderet.
488 1145 556 1186 Ex
579 1160 624 1186 eo
647 1145 708 1185 die
730 1145 812 1185 dies
835 1145 1044 1185 continuos
1058 1145 1227 1199 quinque
1245 1142 1397 1186 Caesar
1408 1160 1477 1199 pro
1501 1145 1641 1186 castris

157 1229 252 1256 suas
275 1215 408 1269 copias
430 1214 618 1268 produxit
640 1220 678 1253 et
692 1213 814 1253 aciem
836 1213 1071 1253 instructam
1094 1213 1242 1264 habuit,
1266 1221 1323 1264 ut,
1349 1212 1644 1253 siuelletArio-
1677 1219 1716 1252 15

108 1283 137 1323 4
159 1283 283 1324 uistus
306 1282 455 1336 proelio
479 1280 735 1330 contendere,
761 1281 797 1321 ei
818 1288 993 1334 potestas
1017 1295 1094 1321 non
1117 1281 1288 1322 deesset.
1330 1281 1561 1321 Ariouistus
1584 1280 1644 1320 his

156 1350 335 1391 omnibus
359 1349 493 1389 diebus
517 1348 739 1388 exercitum
761 1349 904 1388 castris
937 1348 1154 1395 continuit,
1189 1349 1366 1401 equestri
1398 1347 1548 1402 proelio
1579 1360 1643 1387 co-

155 1417 252 1457 tidie
275 1416 492 1457 contendit.
536 1413 674 1456 Genus
697 1415 770 1456 hoc
792 1422 878 1456 erat
900 1430 1069 1470 pugnae,
1104 1429 1178 1469 quo
1200 1430 1243 1456 se
1266 1414 1454 1456 Germani
1477 1428 1643 1456 exercu-

108 1484 133 1526 5
156 1491 286 1526 erant.
330 1483 518 1537 Equitum
541 1483 646 1524 milia
668 1490 781 1523 erant
801 1497 875 1524 sex
890 1514 900 1533 ‚
929 1484 1091 1523 totidem
1114 1497 1278 1524 numero
1300 1483 1450 1537 pedites
1473 1483 1642 1524 uelocis-

154 1552 243 1592 simi
265 1566 311 1592 ac
332 1551 553 1601 fortissimi,
580 1565 676 1604 quos
699 1565 752 1592 ex
774 1551 878 1592 omni
901 1552 1014 1605 copia
1035 1552 1180 1605 singuli
1204 1553 1379 1606 singulos
1394 1565 1488 1592 suae
1501 1550 1639 1592 salutis
1670 1557 1713 1590 20

108 1618 135 1659 6
157 1633 277 1660 causa
298 1620 552 1673 delegerant:
578 1634 666 1659 cum
689 1620 747 1660 bis
770 1620 810 1660 in
832 1620 993 1674 proeliis
1007 1621 1286 1660 uersabantur.
1319 1618 1383 1659 Ad
1398 1632 1465 1659 eos
1478 1632 1520 1659 se
1533 1618 1641 1671 equi-

154 1694 215 1728 tes
236 1688 501 1741 recipiebant:
527 1688 580 1737 hi,
605 1687 639 1727 si
662 1687 753 1740 quid
776 1694 863 1727 erat
889 1688 1042 1737 durius,
1068 1687 1378 1738 concurrebant,
1407 1686 1442 1727 si
1463 1686 1529 1739 qui
1550 1700 1642 1740 gra-

106 1755 133 1795 7
155 1755 267 1795 uiore
289 1755 454 1795 uulnere
476 1761 637 1808 accepto
660 1768 758 1807 equo
781 1754 996 1805 deciderat,
1023 1755 1392 1805 circumsistebant3
1417 1755 1539 1807 siquo
1555 1760 1642 1794 erat

153 1822 310 1877 longius
332 1822 602 1877 prodeundum
624 1822 870 1863 autcelerius
886 1824 1170 1878 recipiendum,
1195 1831 1305 1865 tanta
1322 1830 1408 1864 erat
1419 1823 1558 1863 horum
1570 1835 1642 1862 ex-

298 1960 313 1992 1
335 1958 451 1991 Flacto
470 1960 513 1991 B.
651 1960 792 1992 ciuitate
811 1971 881 1992 om.
901 1971 948 1992 m.
969 1971 1037 1992 sec.
1060 1963 1097 1992 in
1115 1970 1231 2002 marg.
1251 1960 1294 1992 B.
1451 1963 1486 1990 et
1503 1962 1642 2000 propter

152 2012 253 2044 fidem
271 2029 315 2035 —
333 2011 582 2044 consuetudine
600 2011 775 2054 utebatur]
807 2022 948 2054 quorum
976 2012 1129 2044 amicitia
1157 2013 1221 2043 iam
1240 2010 1435 2043 Ariouistus
1455 2009 1641 2051 longinqua

154 2064 403 2097 consuetudine
422 2064 597 2105 utebatur,
618 2068 651 2095 et
664 2069 803 2106 propter
813 2065 912 2096 fidem
931 2069 965 2096 et
982 2069 1121 2106 propter
1138 2064 1274 2105 linguae
1288 2061 1442 2094 Gallicae
1462 2061 1640 2092 scientiam

152 2127 200 2148 m.
219 2127 288 2148 sec.
307 2118 343 2148 in
360 2126 478 2158 marg.
498 2116 528 2148 B
547 2119 602 2156 et,
623 2118 686 2157 qui
702 2116 801 2157 longa
815 2127 884 2158 pro
904 2117 1108 2158 longinqua,
1140 2116 1208 2148 duo
1228 2115 1329 2147 codd.
1351 2113 1480 2146 Vrsini
1495 2115 1550 2150 et,
1580 2113 1643 2153 qui

152 2168 212 2200 Ar.
232 2168 298 2199 iam
317 2177 337 2199 a
354 2167 600 2209 longinqua,s.
695 2169 715 2199 2
736 2166 869 2199 Galliae
886 2168 933 2199 D.
1028 2171 1048 2201 4
1067 2167 1113 2209 et]
1133 2172 1167 2199 et
1185 2177 1252 2198 una
1270 2177 1316 2198 m.
1330 2176 1399 2197 sec.
1414 2167 1451 2196 in
1465 2173 1582 2205 marg.
1596 2164 1639 2195 B.

318 2216 471 2249 Marcum
500 2215 640 2248 Metium
667 2216 691 2248 d
718 2220 751 2248 ec
778 2216 920 2249 Mettum
946 2219 1057 2249 ettam
1087 2219 1158 2259 es,
1191 2216 1236 2249 M.
1265 2215 1422 2248 Mettium
1448 2225 1495 2247 m.
1514 2225 1583 2246 sec.
1605 2216 1640 2245 in

152 2278 268 2310 marg.
290 2269 342 2308 B,·
370 2268 516 2301 Marium
535 2267 663 2299 Titium
681 2269 754 2300 AB
770 2270 797 2301 ζ’
820 2268 894 2310 (liic
912 2268 1042 2311 Titum)
1061 2270 1143 2301 DE.
1171 2269 1253 2302 Fid.
1276 2280 1304 2300 c.
1326 2268 1367 2300 53
1388 2271 1481 2299 eoetr.

154 2320 172 2350 5
190 2319 352 2351 utebatur
368 2320 441 2351 AB
453 2320 480 2351 C
491 2319 550 2360 (E)
565 2319 582 2350 b
596 2329 613 2349 c
633 2319 784 2360 ‘aliique
802 2329 934 2361 magno
953 2320 1125 2360 numero',¹
1155 2329 1237 2351 usus
1257 2323 1333 2351 erat
1350 2327 1396 2349 eoe
1414 2315 1640 2349 Schneider-i-

153 2371 234 2401 anis
251 2369 391 2411 solusf
408 2380 456 2401 m.
476 2380 545 2401 sec.
566 2371 603 2401 in
621 2379 738 2411 marg.
759 2370 790 2401 B
807 2370 923 2402 Aldus
948 2381 985 2402 η.
1172 2370 1190 2403 ὓ
1210 2369 1298 2412 apud
1316 2378 1352 2400 se
1371 2377 1439 2399 om.
1462 2367 1480 2398 b
1496 2365 1529 2397 d.

152 2421 185 2452 in
204 2420 344 2462 castris]
364 2421 435 2453 suis
454 2421 537 2453 add.
560 2422 591 2452 b.
728 2422 748 2454 8
768 2423 922 2454 conantis
940 2423 970 2454 B
985 2422 1012 2454 C
1030 2425 1064 2454 el
1081 2423 1246 2463 m.pr.s,
1267 2422 1330 2462 qui
1346 2429 1438 2451 corr.
1459 2422 1638 2450 conantes-

152 2481 215 2513 que
233 2471 347 2503 habet.
483 2471 522 2502 10
541 2481 560 2502 a
578 2482 647 2505 om.
670 2473 702 2504 b.
846 2473 886 2505 12
905 2472 1175 2515 commeatuque]
1196 2474 1238 2504 ‘C
1257 2473 1358 2502 caret
1372 2468 1422 2510 τῷ
1441 2479 1504 2511 que
1524 2472 1559 2500 et
1570 2478 1640 2510 pro

149 2534 189 2556 eo
208 2526 246 2556 in
263 2533 377 2565 marg.
400 2524 506 2555 habet
524 2524 635 2566 quod'.
656 2524 725 2557 Sed
742 2525 815 2556 uid.
835 2535 907 2566 seq.
929 2527 1054 2556 annot.
1159 2524 1198 2556 13
1217 2522 1287 2565 qui]
1307 2521 1394 2564 quod
1413 2521 1431 2552 b
1450 2524 1487 2552 et
1501 2531 1548 2552 m.
1568 2532 1638 2552 see.

150 2580 187 2608 in
205 2585 322 2618 marg.
342 2576 384 2607 B.
567 2576 831 2619 subportaretur
848 2576 921 2607 AB
934 2576 1042 2617 DEf.
1224 2575 1263 2606 15
1284 2574 1354 2605 suis
1372 2574 1404 2605 D
1423 2575 1459 2604 et
1474 2582 1587 2613 m.pr.
1605 2572 1637 2603 b.

296 2627 337 2661 ’17
356 2627 534 2659 continens
556 2628 586 2658 b.
737 2627 778 2659 18
797 2626 1027 2658 contendebat
1047 2627 1077 2657 b.
1236 2625 1275 2658 21
1298 2634 1353 2655 eos
1372 2624 1635 2665 ABEf‘mss.

151 2679 284 2720 multi',
304 2679 363 2710 hos
382 2688 417 2709 u.
536 2678 579 2712 22
599 2676 667 2718 qui]
689 2677 846 2718 quisDE
863 2676 927 2718 bs,
950 2676 1028 2717 quid
1047 2686 1080 2707 α.
1186 2674 1227 2709 23
1244 2675 1422 2706 deciderat
1438 2674 1583 2716 A(B)1)
1597 2675 1637 2714 b,-

152 2730 354 2762 deciderant
369 2727 611 2769 Efz'demque
636 2727 872 2759 Seknez'derus
900 2729 936 2757 in
964 2727 996 2758 Α
1011 2727 1043 2758 D
1065 2727 1082 2757 b
1103 2725 1178 2767 legi
1202 2729 1237 2757 et
1257 2725 1502 2767 Oudendorpii
1525 2724 1566 2756 de
1583 2725 1637 2755 lzz's

153 2781 356 2812 testimonio
375 2781 442 2809 aut
457 2788 525 2809 non
553 2777 694 2809 credere
721 2787 794 2808 sese
820 2780 883 2808 ant
907 2786 983 2808 eum
1003 2787 1023 2808 a
1042 2775 1253 2809 Pluesclzltz'o
1273 2776 1313 2808 (le
1332 2778 1363 2808 A
1381 2779 1419 2808 et
1433 2775 1638 2817 eoeemplari

151 2833 259 2865 Fabr.
282 2831 324 2864 de
340 2832 372 2863 D
395 2833 528 2863 erroris
548 2831 717 2862 convince·
732 2831 939 2871 sz'gnfficare
957 2829 1115 2861 uidetur.
