1835 3240
70 580 87 611 Ut

44 917 84 950 10

44 1256 84 1289 15

43 1594 86 1628 20

44 1933 87 1966 25

654 187 849 231 CAPVT
869 187 925 230 20
935 214 989 220 ——
1000 188 1070 231 22.
1601 190 1682 234 675

122 312 201 344 tum
223 309 268 341 111
299 301 447 341 milium
479 315 566 342 esse
598 302 941 355 nuntiabantur),
974 301 1147 342 officinas
1177 302 1361 342 ferrarias
1391 303 1604 354 instruere,
1630 303 1654 343 3

121 369 286 423 sagittas
309 370 464 425 telaque
486 370 541 410 uti
564 371 704 410 fierent
725 371 926 423 complura
949 382 1087 410 curare
1102 400 1112 419 ‚
1144 369 1307 423 glandes
1329 370 1519 420 fundere,
1543 385 1608 411 su-

119 438 186 478 des
210 450 454 490 comparare,
479 438 632 478 litteras
655 438 694 477 in
710 435 885 477 Siciliam
908 438 1146 491 nuntiosque
1167 438 1341 487 mittere,
1366 445 1408 478 ut
1428 438 1502 479 sibi
1524 454 1609 480 cra-

117 512 176 545 tes
206 505 488 558 materiemque
519 511 780 558 congererent
812 505 859 544 ad
892 505 1061 555 arietes,
1099 506 1207 546 cuius
1238 505 1371 559 inopia
1400 505 1440 545 in
1470 505 1608 546 Africa

120 579 248 623 esset,
274 580 479 626 praeterea
502 574 643 614 ferrum
661 603 671 622 ,
697 572 893 625 plumbum
916 573 1151 613 mitteretur.
1201 572 1334 613 Etiam
1356 573 1604 614 animaduer-
1625 574 1651 613 4

118 640 226 680 tebat
257 641 453 680 frumento
487 654 531 681 se
561 640 600 680 in
623 639 763 680 Africa
798 641 874 680 nisi
905 640 1103 694 inportato
1128 641 1180 680 uti
1203 655 1280 681 non
1303 655 1446 695 posse:
1480 641 1611 695 priore

122 709 224 749 enim
247 723 350 748 anno
372 715 530 763 propter
550 708 867 749 aduersariorum
891 708 1081 757 delectus,
1098 709 1199 761 quod
1216 708 1459 763 stipendiarii
1477 715 1608 749 arato·

116 790 181 816 res
213 776 357 816 milites
389 783 524 816 essent
556 776 673 826 facti,
708 790 877 816 messem
911 790 990 815 non
1014 789 1103 816 esse
1126 776 1294 826 factam3
1330 783 1537 831 praeterea
1558 789 1610 816 ex
1633 776 1657 816 5

120 844 225 884 omni
247 844 386 884 Africa
420 845 656 884 frumentum
685 844 937 884 aduersarios
967 844 1005 883 in
1039 856 1165 897 pauca
1187 844 1322 898 oppida
1345 851 1385 884 et
1404 844 1505 885 bene
1526 857 1611 884 mu-

117 911 199 951 nita
241 918 512 965 comportasse
555 925 787 965 omnemque
830 911 1034 965 regionem
1061 910 1226 951 Africae
1269 912 1498 953 exinanisse
1531 912 1614 952 fru-

115 985 264 1029 mento,
283 979 420 1032 oppida
444 986 601 1032 praeter
622 993 667 1019 ea
690 993 829 1033 pauca,
847 992 946 1032 quae
969 978 1040 1032 ipsi
1062 978 1146 1018 suis
1168 979 1376 1031 praesidiis
1400 979 1502 1020 tueri
1525 985 1609 1033 pot·
1630 977 1657 1018 6

117 1053 257 1095 erant,
294 1046 441 1099 reliqua
473 1046 575 1086 dirui
606 1053 722 1099 atque
745 1046 865 1087 deleri
888 1053 928 1087 et
949 1060 1084 1087 eorum
1106 1045 1257 1086 incolas
1279 1047 1384 1087 intra
1407 1060 1479 1087 sua
1500 1059 1612 1100 prae-

115 1113 215 1153 sidia
245 1113 425 1167 coegisse
448 1114 732 1167 commigrare,
766 1128 883 1169 agros
907 1114 1083 1157 desertos
1106 1127 1152 1154 ac
1174 1121 1353 1154 uastatos
1377 1128 1480 1155 esse.
1525 1114 1612 1154 Hac
1635 1114 1684 1158 21

115 1182 354 1222 necessitate
371 1179 524 1222 Caesar
545 1189 705 1223 coactus
728 1183 905 1236 priuatos
927 1181 1136 1222 ambiendo
1158 1189 1198 1222 et
1219 1181 1359 1222 blande
1382 1182 1612 1236 appellando

117 1249 356 1303 aliquantum
390 1263 593 1290 numerum
624 1250 812 1290 frumenti
841 1250 880 1290 in
911 1264 980 1291 sua
1003 1250 1199 1304 praesidia
1221 1257 1480 1305 congesserat
1501 1258 1542 1290 et
1563 1263 1609 1290 eo

117 1331 234 1371 parce
267 1317 463 1358 utebatur.
509 1314 643 1371 Opera
673 1318 829 1358 interim
864 1318 947 1372 ipse
978 1318 1122 1358 cotidie
1154 1318 1323 1359 circuire
1346 1325 1385 1358 et
1405 1318 1452 1358 ad
1475 1325 1610 1359 ternas

119 1385 293 1425 cohortis
315 1385 355 1425 in
379 1386 550 1426 statione
573 1385 716 1426 habere
739 1393 901 1440 propter
923 1385 1092 1426 hostium
1116 1386 1421 1427 multitudinem.
1465 1384 1611 1426 Labic—
1634 1386 1660 1424 2

119 1467 192 1493 nus
216 1453 372 1493 saucios
395 1467 503 1503 suos,
530 1467 693 1507 quorum
717 1454 914 1494 maximus
939 1467 1124 1494 numerus
1149 1454 1235 1504 fuit,
1259 1453 1367 1494 iubet
1388 1454 1428 1494 in
1451 1453 1612 1508 plostris

117 1520 309 1574 deligatus
341 1520 603 1562 Adrumetum
636 1521 850 1575 deportari.
893 1520 1034 1562 Naues
1064 1522 1223 1563 interim
1247 1518 1435 1562 Caesaris
1467 1535 1608 1562 onera·
1632 1519 1657 1560 3

117 1587 201 1628 riae
232 1588 478 1629 errabundae
507 1590 609 1630 male
641 1590 886 1644 uagabantur
914 1590 1091 1630 incertae
1124 1590 1299 1630 locorum
1322 1597 1438 1642 atque
1460 1596 1612 1630 castro-

117 1670 203 1696 rum
244 1670 431 1707 suorum3
477 1672 572 1711 quas
615 1658 790 1712 singulas
831 1658 1000 1711 scaphae
1040 1658 1359 1698 aduersariorum
1392 1658 1612 1710 complures

116 1724 280 1764 adortae
302 1725 570 1766 incendebant
591 1733 707 1780 atque
730 1726 1024 1780 expugnabant.
1079 1725 1166 1766 Hac
1187 1739 1232 1766 re
1253 1725 1435 1765 nuntiata
1457 1723 1612 1765 Caesar
1632 1723 1659 1764 4

119 1791 268 1832 classes
291 1793 440 1833 circum
461 1794 612 1834 insulas
634 1801 848 1848 portusque
872 1794 1090 1848 disposuit,
1127 1808 1202 1847 quo
1225 1794 1347 1834 tutius
1371 1799 1611 1834 commeatus

120 1859 341 1914 subportari
364 1869 512 1915 posset.

232 1925 293 1966 M.
320 1926 421 1969 Cato
444 1929 624 1979 interim,
650 1930 712 1982 qui
735 1929 878 1971 Vticae
902 1937 1109 1983 praeerat,
1135 1927 1212 1971 Cn.
1238 1927 1470 1982 Pompeium
1493 1927 1613 1968 filium
1634 1927 1688 1971 22

120 1994 252 2035 multis
275 1996 407 2036 uerbis
430 1998 662 2050 assidueque
685 1997 894 2050 obiurgare
917 2012 996 2037 non
1018 1997 1246 2038 desistebat.
1286 1996 1440 2045 8Τιιι]3’7
1465 1995 1608 2048 inquit,
1633 1995 1659 2034 2

121 2066 252 2117 ‘pater
282 2063 385 2104 istuc
415 2066 556 2105 aetatis
587 2080 673 2106 cum
697 2072 805 2106 esset
826 2072 863 2106 ct
891 2065 1241 2106 animaduertisset
1262 2063 1542 2118 rempublicam
1565 2063 1611 2103 ab

263 2168 282 2199 4
302 2169 438 2209 congeri
458 2179 478 2200 α
499 2169 516 2200 b
536 2180 566 2201 c.
729 2170 745 2201 5
768 2169 894 2201 ferrum
914 2168 1085 2211 plumbum
1103 2179 1123 2199 a
1145 2169 1175 2210 b,
1196 2168 1376 2211 plurimum
1396 2166 1524 2198 ferrum
1545 2168 1610 2206 c?,·

119 2215 246 2249 ferrum
267 2219 505 2262 plumbumque
525 2231 559 2252 n.
719 2221 930 2261 mitteretur]
950 2221 1182 2252 adduceretur
1201 2231 1218 2251 c
1231 2223 1246 2252 ἶ)
1261 2221 1328 2261 (At
1345 2220 1524 2262 plurimum
1545 2219 1613 2251 fer-

120 2277 192 2299 rum
211 2269 444 2302 adduceretur
464 2274 500 2302 in
519 2272 596 2303 edd.
617 2275 700 2303 ante
720 2271 801 2303 Ald.
823 2272 981 2313 legitur,
1003 2281 1049 2301 eoe
1067 2272 1197 2312 quibus
1215 2271 1303 2302 haec
1323 2269 1613 2311 Oudendorpium

119 2321 251 2362 afferre
274 2323 434 2354 uoluisse
459 2327 497 2355 et
518 2326 554 2355 z'n
581 2336 597 2355 e
616 2325 708 2356 idem
731 2327 839 2366 atque
858 2327 893 2355 in
912 2334 933 2355 a
954 2324 971 2354 b
989 2325 1165 2365 scriptu-m
1183 2334 1257 2355 esse
1274 2324 1467 2364 suspicor).

120 2372 221 2404 etiam
241 2373 539 2407 animaduertebat
559 2375 763 2406 ‘ueletiam
783 2384 838 2406 an.
858 2385 942 2406 mss.
961 2375 1159 2416 plerz'que'‚
1189 2379 1223 2405 et
1239 2374 1305 2405 iam
1324 2374 1471 2406 animum
1491 2373 1614 2405 aduer-

119 2424 213 2457 tebat
231 2436 251 2457 a
270 2430 315 2467 et,
329 2429 394 2468 qui
411 2428 526 2467 etiam,
542 2428 562 2461 2
575 2428 663 2459 dett.
676 2439 686 2466 ,-
700 2433 734 2459 et
753 2428 899 2459 animum
915 2427 1016 2459 etiam
1032 2426 1234 2458 aduertebat
1247 2425 1322 2458 cod.
1338 2425 1419 2458 Vrs.
1432 2435 1467 2456 η.

120 2475 138 2507 6
159 2476 327 2518 inportato
347 2489 380 2520 α,
403 2480 633 2522 importaticio
654 2480 751 2511 ‘mss-
772 2479 903 2511 omncs-⁷
917 2483 1068 2520 praeter
1085 2489 1195 2510 unum
1214 2478 1284 2511 det.
1300 2481 1315 2510 ?
1489 2477 1508 2510 7
1527 2477 1612 2509 dilc-

121 2532 196 2559 ctus
215 2528 278 2569 (a).
404 2532 562 2574 stipendii
581 2543 601 2563 α
615 2533 631 2563 b
645 2543 673 2563 c.
804 2531 845 2563 12
863 2531 980 2573 atque]
998 2541 1037 2563 ac
1052 2542 1081 2562 c.
1210 2532 1250 2564 15
1270 2531 1482 2572 aliquantum
1502 2541 1522 2562 a
1538 2531 1556 2562 b
1569 2541 1608 2569 c,-

121 2578 368 2620 aliquantulum
387 2593 421 2620 u,
442 2583 535 2624 qnod
555 2584 685 2615 ‘neseio
705 2593 751 2614 an
771 2584 809 2614 in
829 2583 851 2614 d
867 2583 942 2614 εἰτ’.
1098 2592 1272 2614 numerum
1295 2582 1454 2614 frumenti
1473 2592 1493 2613 a
1517 2582 1610 2613 ‘mss.

121 2629 304 2670 plem'qne',
322 2630 479 2664 frumenti
497 2643 544 2664 m.
562 2644 622 2675 pr.
645 2634 685 2673 b,-
701 2633 859 2664 frumenti
881 2642 1055 2664 numerum
1075 2643 1107 2663 η.
1253 2633 1292 2665 16
1306 2633 1453 2664 elrcuire
1472 2643 1493 2664 a
1513 2633 1610 2663 ‘msam

127 2679 173 2721 2’,
194 2681 372 2714 circumire
391 2693 426 2715 τι.
635 2685 677 2718 ad
695 2690 810 2717 ternas
829 2685 997 2727 Lz'psz'us;
1016 2685 1170 2717 alternas
1191 2685 1223 2726 b,
1244 2686 1372 2717 alteras
1391 2695 1411 2716 a
1433 2684 1608 2725 “reliqui'.

267 2734 305 2766 17
325 2734 477 2766 cohortis
495 2745 530 2766 α.
680 2738 723 2770 20
742 2737 957 2769 uacabantur
974 2748 1006 2778 α,
1029 2737 1199 2769 uacabant
1221 2737 1251 2768 b.
1392 2736 1431 2769 21
1455 2735 1610 2776 singulae

120 2794 141 2816 a
161 2785 192 2816 b.
333 2785 377 2817 22
396 2786 620 2818 incenderant
636 2798 657 2819 a
679 2789 696 2820 b
716 2799 743 2819 c.
894 2788 1025 2821 Caesar
1043 2799 1060 2820 c
1077 2789 1098 2822 2
1117 2788 1202 2820 (lect.
1229 2787 1337 2827 ‘(1lz'e?'‚
1360 2787 1499 2818 Caesari
1519 2798 1539 2818 α
1558 2797 1611 2818 re-

122 2836 225 2877 liqui.
398 2836 440 2870 23
460 2836 610 2878 disponit
629 2839 659 2869 b.
829 2840 871 2874 24
891 2840 1087 2883 subportari
1106 2850 1139 2871 a.
1305 2838 1413 2880 possit
1434 2839 1465 2869 b.

118 2888 162 2921 27
182 2889 327 2920 animum
348 2888 558 2921 aduertisset
577 2899 609 2920 (ι.

1324 2942 1408 2983 43*
