1835 3240
128 160 211 202 340
618 157 692 200 DE
723 157 911 201 BELLO
945 158 1195 203 GALLICO

201 273 341 328 possit,
366 274 481 314 adeat
502 273 680 313 ciuitates
695 273 965 324 horteturque,
989 280 1033 312 ut
1053 275 1183 327 populi
1193 274 1364 316 Romani
1385 277 1496 318 fidem
1510 292 1677 332 sequan-

153 340 180 381 9
202 348 288 389 tur,
322 354 442 393 seque
475 341 658 380 celeriter
689 354 734 379 eo
757 346 965 379 uenturum
989 340 1157 380 nuntiet.
1201 341 1427 384 Volusenus
1460 347 1676 400 perspectis

199 408 431 462 regionibus
462 407 667 454 omnibus,
700 413 885 458 quantum
919 407 955 446 ei
986 407 1181 448 facultatis
1204 409 1288 450 dari
1309 413 1458 464 potuit,
1491 415 1554 466 qui
1586 414 1677 454 naui

199 476 333 529 egredi
354 490 399 516 ac
417 489 459 514 se
482 473 661 514 barbaris
685 472 927 513 committere
949 488 1027 513 non
1049 475 1236 526 auderet,
1266 478 1400 529 quinto
1422 480 1483 520 die
1505 481 1552 520 ad
1574 478 1676 522 Cae-

122 544 178 588 22
194 558 323 584 sarem
345 542 562 582 reuertitur
584 554 757 593 quaeque
779 540 832 580 ibi
854 541 1128 594 perspexisset
1148 544 1363 584 renuntiat.
1425 544 1529 586 Dum
1549 547 1590 588 in
1612 548 1670 588 his

195 612 293 652 loeis
317 609 469 651 Caesar
490 607 647 648 nauium
671 608 931 662 parandarum
954 622 1072 649 causa
1094 617 1293 661 moratur,
1328 625 1380 651 ex
1401 626 1542 665 magna
1564 622 1674 668 parte

193 678 440 719 Morinorum
464 677 511 716 ad
533 689 619 716 eum
641 676 761 729 legati
784 683 999 726 uenerunt,
1024 678 1090 732 qui
1112 690 1155 717 se
1178 678 1224 718 de
1247 678 1464 731 superioris
1487 682 1673 735 temporis

196 746 360 787 consilio
384 751 653 792 excusarent,
679 745 779 796 quod
802 744 977 784 homines
1000 745 1158 785 barbari
1181 752 1220 785 et
1240 753 1400 786 nostrae
1423 749 1673 788 consuetudi-

195 815 256 854 nis
279 812 450 867 imperiti
472 811 615 852 bellum
639 812 779 865 populo
801 811 984 852 Romano
1007 812 1219 863 fecissent,
1244 827 1364 866 seque
1387 827 1457 864 ea,
1483 828 1581 867 quae
1603 816 1673 855 im-

146 881 172 921 2
194 887 389 935 perasset,
416 880 588 919 facturos
610 879 905 933 pollicerentur.
957 879 1044 920 Hoc
1067 880 1141 920 sibi
1165 877 1319 921 Caesar
1339 881 1436 921 satis
1459 890 1675 935 opportune

192 948 384 988 accidisse
407 947 643 996 arbitratus,
680 948 780 1000 quod
811 961 936 1001 neque
967 955 1055 1000 post
1084 954 1238 1001 tergum
1270 948 1420 989 hostem
1450 949 1674 1002 relinquere

189 1015 349 1056 uolebat
398 1029 522 1068 neque
572 1014 664 1055 belli
713 1016 873 1068 gerendi
914 1022 1074 1068 propter
1113 1015 1207 1055 anni
1256 1022 1408 1068 tempus
1450 1017 1673 1057 facultatem

189 1083 357 1123 habebat
392 1096 522 1135 neque
562 1083 631 1122 has
671 1082 910 1122 tantularum
949 1096 1083 1122 rerum
1125 1083 1398 1136 occupationes
1438 1081 1672 1125 Britanniae

189 1151 483 1204 anteponendas
514 1150 732 1200 iudicabat,
767 1164 947 1202 magnum
969 1150 1017 1190 iis
1049 1164 1253 1190 numerum
1286 1150 1464 1190 obsidum
1486 1151 1666 1204 imperat.

142 1217 168 1259 3
192 1216 344 1271 Quibus
378 1218 555 1258 adductis
587 1231 654 1257 eos
686 1217 727 1256 in
757 1218 870 1257 fidem
901 1217 1068 1270 recepit.
1128 1216 1313 1258 Nauibus
1355 1218 1516 1258 circiter
1544 1226 1673 1260 Lfflffl

188 1285 384 1327 onerariis
427 1285 573 1325 coactis
602 1285 918 1336 contractisque,
954 1291 1047 1337 quot
1091 1284 1187 1324 satis
1220 1298 1307 1325 esse
1339 1286 1386 1324 ad
1417 1285 1510 1325 duas
1541 1293 1670 1326 trans-

186 1353 401 1407 portandas
424 1353 600 1406 legiones
623 1352 901 1398 existimabat,
935 1353 1035 1404 quod
1058 1358 1264 1405 praeterea
1288 1352 1444 1392 nauium
1466 1352 1670 1405 longarum

138 1419 166 1460 4
188 1420 369 1469 habebat,
396 1419 613 1473 quaestori,
638 1419 777 1474 legatis
800 1419 1087 1473 praefectisque
1109 1418 1322 1459 distribuit.
1386 1418 1475 1459 Huc
1507 1421 1670 1461 accede-

184 1489 279 1529 bant
298 1494 409 1528 XVIII
433 1488 639 1528 onerariae
661 1501 784 1528 naues
800 1518 811 1537 ,
847 1500 947 1540 quae
979 1499 1030 1526 ex
1060 1500 1105 1527 eo
1129 1487 1215 1526 loco
1237 1487 1285 1527 ab
1307 1487 1463 1527 milibus
1485 1501 1668 1541 passuum

185 1563 274 1596 octo
297 1562 416 1596 uento
439 1555 698 1605 tenebantur,
737 1569 812 1608 quo
843 1555 971 1594 minus
993 1554 1032 1594 in
1056 1554 1223 1594 eundem
1246 1561 1400 1608 portum
1422 1555 1558 1595 uenire
1582 1569 1670 1608 pos-

137 1624 162 1665 5
186 1631 299 1665 sent:
335 1623 405 1664 has
428 1623 620 1676 equitibus
644 1623 856 1663 distribuit.
901 1621 1110 1675 Reliquum
1135 1622 1353 1662 exercitum
1377 1620 1527 1674 Quinto
1549 1621 1666 1663 Titu-

181 1693 242 1732 rio
266 1689 414 1732 Sabino
437 1699 477 1731 et
498 1690 624 1731 Lucio
646 1690 914 1730 Aurunculeio
938 1688 1080 1730 Cottae
1103 1690 1246 1744 legatis
1268 1690 1306 1729 in
1317 1689 1528 1743 Menapios
1550 1697 1667 1743 atque

181 1759 223 1799 in
246 1773 313 1799 eos
336 1773 456 1812 pagos
477 1758 725 1799 Morinorum
742 1789 752 1808 ,
787 1758 833 1798 ab
865 1758 1002 1811 quibus
1034 1759 1081 1798 ad
1105 1771 1191 1797 eum
1214 1757 1334 1811 legati
1356 1771 1434 1797 non
1457 1764 1663 1808 uenerant,

134 1824 161 1866 6
183 1827 399 1867 ducendum
423 1828 552 1877 dedit3
577 1825 757 1866 Publium
780 1824 994 1879 Sulpicium
1017 1824 1162 1866 Rufum
1184 1825 1355 1878 legatum
1379 1839 1463 1865 cum
1485 1838 1531 1865 eo
1553 1839 1666 1878 prae-

326 1930 341 1962 1
363 1930 587 1970 hortaturque
606 1939 653 1960 m.
668 1938 726 1970 pr.
748 1929 790 1959 B.
937 1934 975 1961 ut
992 1929 1056 1961 Aa
1072 1929 1089 1960 b
1103 1929 1175 1970 esa·
1195 1937 1263 1960 om.
1289 1927 1357 1959 CD
1371 1927 1401 1958 E
1419 1929 1455 1958 et
1470 1927 1665 1959 secundum

180 1981 438 2013 Aclzaz'ntrium
456 1981 506 2020 B,
528 1981 569 2011 (Ie
588 1991 655 2021 qno
674 1980 863 2022 Beyerlws
882 1982 1001 2012 minus
1020 1984 1113 2012 recte
1133 1984 1249 2011 Iacere
1267 1979 1426 2010 uidetur.
1548 1980 1569 2012 2
1588 1979 1664 2011 sed-

179 2044 244 2075 que
263 2034 307 2064 A.
529 2033 547 2064 3
568 2032 763 2072 regionibus
783 2031 937 2063 omuibus
956 2033 1052 2064 AoB
1065 2032 1091 2063 C
1104 2031 1168 2072 (E)
1190 2030 1312 2062 ‘multi
1327 2028 1430 2069 αἰιἰ”’,·
1452 2030 1663 2071 regionibus,

180 2085 311 2115 omisso
331 2083 497 2121 omnibus,
518 2082 599 2124 (Απ)
612 2085 627 2114 ?
640 2083 657 2114 b
673 2093 690 2114 e
705 2084 768 2125 es.
912 2081 958 2123 ei]
978 2088 1012 2114 et
1028 2082 1059 2113 B
1074 2082 1100 2113 C
1112 2082 1144 2112 D
1156 2082 1201 2113 E.
1366 2079 1542 2112 facultatis
1561 2080 1620 2121 (B)
1635 2081 1662 2113 C

177 2135 303 2176 DEs,
326 2134 473 2165 facultas
491 2134 536 2165 A.
733 2133 788 2175 qui
808 2144 850 2165 ex
868 2143 954 2165 naue
975 2133 1004 2164 b.
1197 2132 1217 2163 4
1236 2131 1323 2162 diem
1341 2129 1386 2161 D.
1589 2130 1607 2161 5
1626 2131 1660 2161 in

178 2186 221 2217 iis
239 2187 282 2217 Β.
481 2185 499 2217 7
518 2185 662 2216 ueniunt
681 2185 713 2217 b.
914 2186 933 2218 9
951 2183 1070 2226 seque]
1090 2183 1147 2214 sed
1168 2192 1253 2224 quae
1269 2182 1313 2213 A.
1503 2180 1542 2212 10
1562 2181 1661 2223 polli-

177 2242 338 2269 cerentur
356 2237 422 2279 ef,
444 2237 650 2279 pollicentur
666 2237 782 2268 ABE
801 2236 956 2276 ‘multi',·
976 2235 1230 2278 pollicebantur
1249 2233 1280 2264 b.
1488 2232 1573 2263 haee
1594 2233 1658 2274 bf.

321 2287 452 2319 Caesar
471 2288 556 2319 satis
576 2292 763 2329 opportune
780 2289 816 2319 A
831 2288 861 2319 B
875 2288 941 2320 ΟΕ
960 2285 1191 2327 ‘mss.sere'‚
1221 2284 1306 2315 satis
1325 2287 1511 2326 opportune
1532 2282 1661 2314 Caesar

166 2342 246 2384 fu.
435 2342 474 2374 13
494 2341 703 2372 tantularum
722 2341 791 2382 es,
814 2345 984 2372 tantarum
1003 2339 1076 2371 AB
1091 2338 1159 2370 CD
1172 2337 1214 2369 E.
1401 2336 1659 2377 occupationes]

176 2393 240 2424 sibi
260 2391 343 2423 add.
366 2392 383 2423 b
399 2392 488 2434 ees.
653 2392 826 2423 Britaniae
844 2392 886 2424 B.
1067 2390 1109 2422 14
1127 2390 1168 2421 iis
1186 2388 1393 2429 ABCDE,
1414 2388 1513 2430 bisf.

179 2443 333 2474 obsidum
353 2453 528 2474 numerum
547 2453 593 2473 ex
613 2454 681 2474 11720
702 2444 719 2475 b
733 2454 767 2476 u.
977 2443 1016 2475 15
1036 2441 1204 2484 recipitf.
1414 2450 1503 2471 Lxxx
1522 2441 1668 2483 abc-es

179 2494 347 2534 Orosius,
376 2494 584 2534 octingentis
610 2494 781 2535 octoginta
810 2494 965 2526 BCDE
990 2497 1026 2526 et
1052 2503 1129 2525 cum
1154 2493 1298 2534 punctis
1321 2492 1385 2523 sub
1411 2493 1585 2532 octoginta
1611 2494 1656 2525 A.

323 2545 362 2577 16
382 2546 469 2587 quod
488 2545 573 2576 satis
591 2546 664 2576 AB
679 2545 867 2586 CDEes.
891 2545 929 2576 P.
953 2545 1008 2577 76.
1184 2542 1338 2583 legiones
1357 2544 1657 2585 transportandas,

177 2594 239 2626 sed
250 2596 357 2635 prius
375 2597 442 2626 int.
463 2595 620 2637 vers-„JK
751 2594 789 2627 17
809 2595 897 2637 quod
915 2600 1095 2636 praeterea
1113 2593 1186 2625 AB
1199 2592 1245 2632 C,
1266 2597 1347 2634 quot
1364 2598 1546 2635 praeterea
1563 2594 1657 2634 DE,-

178 2645 336 2686 quiequid
357 2645 618 2687 praetereasu.
763 2645 804 2678 18
823 2644 985 2683 habebat]
1003 2644 1035 2675 id
1053 2642 1134 2675 add.
1159 2643 1215 2674 be.
1381 2644 1622 2685 quaestoribus
1642 2655 1659 2675 c

178 2695 246 2737 df.
266 2696 305 2727 P.
327 2696 383 2728 81.
539 2696 577 2728 19
596 2695 696 2737 xviii]
718 2706 778 2728 viu
797 2697 851 2735 A,
872 2695 1059 2727 octodecim
1080 2694 1153 2735 (B).
1318 2694 1358 2725 ab
1378 2695 1479 2736 A(B)
1496 2694 1656 2735 CDEb,

177 2757 196 2778 a
215 2747 278 2787 ef.
447 2746 489 2780 20
510 2747 626 2778 uenire
645 2747 782 2788 ΗΕΒ]
797 2745 991 2788 ζρῖτινιήιίᾎ
1011 2744 1191 2787 peruenire
1211 2743 1304 2786 (Απ)
1320 2747 1379 2776 ?u.
1534 2745 1575 2779 21
1597 2745 1658 2776 tri-

176 2798 295 2840 buitf.
435 2797 560 2839 Quinto
579 2798 629 2838 B,
650 2797 688 2839 Q.
708 2808 744 2829 u.
883 2799 927 2832 22
944 2796 1050 2828 Lucio
1068 2797 1115 2836 B,
1134 2796 1174 2827 L.
1197 2806 1232 2826 u.
1386 2794 1467 2829 23'a
1486 2796 1654 2838 quibuss.

319 2849 361 2882 24
378 2848 567 2882 ducendum
585 2849 713 2890 ABE,
736 2850 969 2882 deducendum
989 2860 1009 2881 a
1021 2850 1038 2881 b
1052 2860 1068 2881 c
1080 2849 1102 2881 d
1114 2849 1176 2890 es.
1319 2848 1472 2881 Publium
1491 2849 1539 2890 B,
1560 2849 1596 2881 P.
1618 2859 1653 2881 u.

1707 891 1747 923 10

1705 1228 1744 1260 15

1700 1562 1743 1596 20
