1835 3240
73 883 112 916 10

70 1222 109 1254 15

566 149 749 193 COMM.
774 148 854 192 VII
876 146 1000 191 CAP.
1024 148 1224 191 66-69,
1623 154 1705 198 445

149 282 223 309 una
246 264 423 306 omnibus
445 264 485 305 in
508 265 697 318 partibus.
743 262 940 305 Consistit
960 278 1099 318 agmen
1118 281 1127 314 3
1151 263 1428 317 impedimenta
1448 268 1551 308 intra
1573 269 1629 309 le-

145 337 284 389 giones
305 332 565 386 recipiuntur.
610 330 653 373 Si
685 347 759 386 qua
791 333 831 373 in
864 340 975 386 parte
1007 331 1133 372 nostri
1164 332 1345 372 laborare
1378 340 1445 373 aut
1465 338 1626 387 grauius
1648 336 1675 377 4

144 402 264 456 premi
287 401 544 450 uidebantur,
581 414 627 440 eo
656 401 770 453 signa
800 401 940 440 inferri
966 398 1118 441 Caesar
1139 400 1339 453 aciemque
1363 403 1547 442 constitui
1568 404 1628 443 iu-

143 469 280 519 bebat3
306 483 406 522 quae
427 483 493 509 res
517 476 556 509 et
578 469 710 509 hostes
735 469 780 508 ad
804 468 1091 521 insequendum
1116 468 1294 508 tardabat
1316 476 1355 509 et
1377 476 1536 509 nostros
1559 484 1626 524 spe

146 537 283 577 auxilii
318 537 587 576 confirmabat.
640 535 815 575 Tandem
840 534 1029 575 Germani
1058 536 1103 576 ab
1128 537 1269 577 dextro
1291 537 1417 577 latere
1438 551 1627 577 summum
1651 538 1674 578 5

143 605 273 658 iugum
299 605 428 644 nancti
451 606 583 645 hostes
606 604 693 643 loco
716 604 936 657 depellunt,
964 603 1158 653 fugientes
1181 605 1364 657 usquead
1379 605 1537 655 flumen,
1562 605 1627 645 ubi

145 671 456 726 Vercingetorix
499 687 582 712 cum
624 671 872 726 pedestribus
914 671 1036 724 copiis
1070 673 1329 723 consederat,
1368 680 1627 726 persecuntur

145 741 429 794 conpluresque
452 740 708 780 interficiunt.
740 737 883 791 Quare
906 739 1182 779 animaduersa
1205 740 1361 793 reliqui,
1388 755 1436 781 ne
1460 742 1628 781 circum—
1650 742 1676 781 (i

143 808 320 857 irentur,
346 808 461 848 ueriti
484 822 526 847 se
550 809 664 861 fugae
690 807 892 846 mandant.
929 804 1122 847 Omnibus
1144 807 1242 846 locis
1266 808 1306 847 lit
1328 810 1484 849 caedes.
1521 808 1625 850 Tres
1647 809 1673 850 7

143 876 375 916 nobilissimi
400 876 548 916 [laedui
573 875 673 928 capti
696 875 741 914 ad
767 872 980 914 Caesarem
1005 875 1300 928 perducuntur:
1340 874 1489 927 Cotus,
1513 891 1627 931 prae·

144 945 270 984 fectus
294 944 490 996 equitum,
527 943 591 997 qui
621 942 933 983 controuersiam
965 957 1051 982 cum
1082 940 1390 983 Conuictolitaui
1424 946 1627 998 proxumis

144 1011 313 1051 comitiis
337 1012 540 1061 babuerat,
567 1018 605 1051 et
628 1008 866 1059 Cauarillus,
894 1010 957 1063 qui
982 1017 1069 1064 post
1092 1010 1351 1051 desectionem
1370 1010 1540 1053 Litauici
1564 1027 1628 1067 pe-

144 1079 340 1120 destribus
364 1079 485 1133 copiis
509 1079 757 1133 praefuerat,
791 1086 831 1119 et
851 1077 1126 1132 Eporedorix,
1152 1093 1226 1132 quo
1250 1080 1347 1119 duce
1370 1087 1460 1120 ante
1483 1082 1628 1121 aduen-

143 1154 222 1187 tum
247 1145 434 1188 Caesaris
457 1146 611 1187 Haedui
642 1161 726 1186 cum
752 1144 945 1199 Sequanis
979 1146 1079 1186 bello
1111 1147 1414 1187 contenderant.
1472 1146 1627 1202 Fugato
1645 1148 1703 1193 68

143 1216 247 1255 omni
271 1216 444 1269 equitatu
464 1214 779 1268 Vercingetorix
802 1214 935 1268 copias
951 1245 961 1264 ,
996 1221 1038 1254 ut
1065 1229 1135 1268 pro
1169 1215 1310 1256 castris
1334 1216 1627 1267 conlocauerat,

144 1283 303 1323 reduxit
325 1283 578 1337 protinusque
592 1282 784 1332 Alesiam,
809 1283 910 1336 quod
933 1290 989 1323 est
1014 1283 1192 1336 oppidum
1207 1282 1529 1334 Mandubiorum,
1554 1285 1631 1325 iter

143 1351 274 1390 facere
297 1352 425 1405 coepit
447 1352 706 1404 celeriterque
729 1351 1007 1404 impedimenta
1030 1365 1081 1391 ex
1105 1351 1248 1391 castris
1281 1352 1389 1391 educi
1414 1359 1453 1392 et
1474 1366 1517 1393 se
1538 1353 1628 1392 sub-

144 1420 254 1471 sequi
277 1419 408 1459 iussit.
468 1416 622 1460 Caesar
651 1419 928 1472 inpedimentis
959 1420 999 1459 in
1032 1434 1266 1473 proxumum
1290 1419 1428 1460 collem
1452 1420 1627 1461 deductis
1650 1420 1676 1460 2

143 1487 292 1527 duabus
315 1487 535 1542 legionibus
558 1487 751 1541 praesidio
774 1487 924 1527 relictis
947 1495 1131 1537 secutus,
1167 1495 1352 1540 quantum
1378 1488 1452 1528 diei
1477 1495 1628 1542 tempus

142 1562 201 1595 est
223 1569 378 1608 passum
397 1586 406 1604 ,
442 1556 602 1595 circiter
630 1555 754 1594 tribus
789 1555 942 1594 milibus
967 1555 1136 1595 bostium
1161 1569 1214 1595 ex
1236 1556 1450 1596 nouissimo
1473 1556 1629 1609 agmine

142 1622 360 1663 intersectis
384 1624 510 1663 altero
534 1623 594 1662 die
617 1623 661 1662 ad
680 1621 859 1662 Alesiam
883 1630 1011 1663 castra
1034 1623 1138 1663 fecit.
1182 1621 1398 1677 Perspecto
1421 1623 1530 1663 urbis
1553 1624 1628 1664 situ
1651 1622 1676 1662 3

142 1691 440 1744 perterritisque
463 1690 666 1740 hostibus,
692 1691 790 1742 quod
815 1691 1012 1743 equitatu,
1039 1705 1113 1743 qua
1136 1705 1318 1731 maxume
1341 1699 1452 1744 parte.
1475 1693 1630 1732 exerci-

142 1765 202 1798 tus
216 1758 477 1809 confidebant,
503 1765 616 1799 erant
638 1758 752 1812 pulsi,
778 1759 1008 1799 adhortatus
1031 1760 1077 1799 ad
1100 1758 1272 1799 laborem
1297 1759 1440 1799 milites
1464 1759 1631 1799 circum-

140 1822 291 1862 uallare
312 1822 500 1862 instituit.

254 1884 387 1938 Ipsum
418 1892 504 1925 erat
534 1886 713 1940 oppidum
737 1885 874 1926 Alesia
905 1885 944 1925 in
977 1885 1076 1925 colle
1104 1898 1255 1925 summo
1288 1886 1492 1926 admodum
1524 1886 1628 1927 edito
1651 1887 1708 1931 69

287 1977 301 2008 1
323 1987 390 2008 una
407 1977 560 2009 omnibus
578 1978 609 2010 B
628 1982 663 2010 et
678 1979 824 2020 reliqui,
846 1988 913 2009 una
932 1982 1011 2009 tunc
1032 1978 1184 2009 omnibus
1206 1978 1250 2008 bc
1268 1977 1411 2020 (istum)
1425 1978 1485 2010 de.

142 2028 300 2059 consistit
318 2029 378 2070 (B)
395 2028 513 2068 bede,
535 2030 690 2062 constitit
711 2029 886 2071 ‘reliquc'⁷.
1050 2028 1142 2060 intra
1161 2038 1237 2070 ego,
1259 2029 1349 2060 inter
1368 2030 1468 2061 codd.
1490 2030 1530 2061 P.
1556 2030 1630 2063 103.

285 2081 305 2113 2
326 2080 447 2122 nostri]
467 2080 551 2112 nibil
569 2091 615 2113 m.
631 2092 691 2123 pr.
712 2081 754 2113 B.
899 2080 917 2112 3
939 2080 1102 2112 constitui
1120 2081 1194 2112 AB
1213 2081 1307 2121 CJ)‚-
1327 2082 1479 2114 conferri
1501 2083 1530 2122 b,
1555 2093 1634 2114 con·

145 2132 232 2163 uerti
246 2142 308 2163 eu.
451 2133 560 2175 4spes
576 2134 616 2165 C.
757 2133 775 2165 6
791 2132 905 2164 nancti
918 2135 1053 2174 puncto
1074 2135 1201 2164 notata
1220 2143 1238 2163 n
1256 2133 1287 2164 B
1301 2133 1336 2172 C,
1361 2134 1455 2165 nanti
1468 2135 1522 2174 A,-
1540 2134 1631 2166 nacti

142 2195 178 2216 u.
332 2184 352 2217 7
370 2189 596 2226 persecuntur
614 2185 656 2216 B.
798 2185 818 2216 8
839 2184 1105 2225 (conpluresque
1125 2184 1168 2223 B)
1188 2184 1371 2226 pluresque
1392 2185 1424 2216 b.
1566 2186 1631 2217 cir-

144 2236 354 2268 cumirentur
371 2236 402 2268 B
419 2237 489 2268 CD
509 2239 563 2276 et,
585 2238 649 2277 quz'
666 2235 822 2275 circuir.,
847 2235 1027 2276 ‘reliqai’;
1051 2235 1384 2266 circumuenirentur
1404 2236 1524 2269 bede.

144 2287 183 2319 10
202 2287 305 2330 Cotys
324 2288 353 2319 B
372 2291 407 2319 et
424 2290 475 2319 sz'e
495 2288 566 2318 ‘uel
583 2287 676 2319 Cotis
696 2298 779 2318 71188.
802 2286 845 2326 7',
868 2286 987 2318 Cottus
1008 2287 1038 2318 b.
1204 2287 1242 2318 11
1265 2287 1533 2320 Conuictolitabi
1553 2290 1583 2321 B
1600 2294 1634 2322 el

142 2341 194 2369 sie
215 2340 286 2370 ‘uel
302 2339 357 2370 aui
376 2339 435 2370 uel
452 2338 506 2370 aio
526 2340 638 2378 mssf,
663 2338 939 2369 Conuictolitane
961 2348 992 2368 u.
1163 2339 1336 2380 proxumis
1356 2340 1389 2371 A
1403 2340 1487 2372 CD.

148 2391 187 2425 12
204 2391 371 2424 Litauicci
390 2392 433 2424 B.
578 2392 617 2423 13
638 2390 853 2422 Eborcdorix
872 2391 913 2422 B.
1060 2390 1101 2422 14
1119 2390 1210 2422 bello
1230 2402 1298 2423 om.
1321 2393 1351 2424 b.
1522 2395 1559 2427 15
1580 2406 1635 2428 co-

146 2445 217 2485 pias
236 2445 265 2476 B
283 2449 318 2476 et
334 2445 480 2486 reliqui,
504 2444 619 2486 copias
640 2453 718 2475 suas
740 2443 756 2474 b
770 2442 859 2474 cde.
1003 2443 1249 2474 conlocauerat
1268 2444 1308 2475 B.
1462 2445 1501 2478 16
1519 2445 1637 2479 Alexi-

146 2506 198 2527 am
216 2497 259 2528 D.
403 2497 443 2530 17
463 2507 506 2528 ex
524 2507 592 2527 om.
617 2497 648 2527 b.
802 2495 843 2527 18
862 2494 1105 2536 inpedimentis
1124 2495 1166 2525 B.
1332 2505 1529 2537 proxumum
1549 2499 1634 2530 BD.

292 2548 329 2580 19
349 2548 479 2580 duabus
498 2549 570 2580 AB
585 2548 652 2580 CD
667 2548 685 2578 b
708 2546 932 2588 ‘ceterz'que’‚
955 2546 1155 2588 duabusque
1174 2557 1234 2578 eu.
1403 2551 1558 2591 secutus]
1579 2551 1636 2582 bo-

148 2603 232 2629 stem
252 2598 333 2629 add.
353 2599 384 2630 A
398 2599 476 2630 bde
500 2598 584 2639 (liic
602 2599 753 2638 hostes).
987 2597 1030 2629 20
1050 2607 1211 2639 passuum
1230 2601 1314 2629 ante
1333 2609 1425 2630 corr.
1446 2600 1488 2632 B.

147 2651 184 2682 21
206 2650 377 2682 Alaesiam
396 2651 438 2682 B.
601 2651 645 2683 22
663 2649 866 2691 territisque
887 2649 917 2680 b.
1101 2659 1166 2691 qua
1187 2649 1424 2691 Vaseosanus,
1447 2662 1510 2693 quo
1530 2651 1631 2683 codd.

291 2702 436 2734 maxime
454 2712 474 2733 α
490 2703 507 2733 b
522 2703 580 2742 de,
603 2702 751 2734 maxima
770 2702 906 2742 reliqui
922 2699 1098 2742 (maxuma
1117 2701 1177 2740 B).
1342 2707 1438 2744 parte
1459 2703 1633 2734 exercitus

152 2765 220 2785 om.
248 2754 297 2785 de
324 2757 359 2785 et
376 2763 421 2784 m.
439 2763 497 2794 pr.
519 2764 538 2785 α
553 2755 583 2784 b.
815 2753 856 2787 23
879 2752 1097 2784 confidebant
1115 2763 1135 2784 α
1149 2764 1165 2784 c
1178 2753 1250 2793 de‚·
1271 2755 1463 2787 confidebat
1480 2755 1632 2797 reliqui,

151 2808 259 2836 eliam.
280 2805 310 2834 b.
497 2803 760 2835 circumuallare
779 2804 852 2835 AB
868 2803 954 2843 CD,
976 2803 1125 2835 Alesiam
1145 2804 1405 2837 circumuallare
1425 2816 1441 2836 e
1455 2816 1488 2836 η.

150 2858 192 2888 *25
212 2856 326 2888 Alesia
345 2855 374 2887 B
392 2858 427 2886 et
443 2855 575 2895 reliqui
591 2865 719 2895 omnes,
743 2865 810 2887 om.
832 2865 848 2885 e
868 2856 960 2888 Anci.
985 2856 1100 2887 Oa‘on.
