1835 3240
749 153 1172 195 *222—

212 267 380 322 quinque
403 275 629 318 ueteranas,
654 280 753 321 quae
771 268 1068 322 appellabantur
1089 267 1238 321 quinta,
1272 282 1391 318 nona,
1417 270 1582 319 decima,
1616 277 1696 311 ter-

210 336 432 386 tiadecima,
458 337 765 389 quartadecima,
800 335 892 374 item
916 336 1086 389 quinque
1108 337 1293 385 tironum,
1328 351 1492 389 quarum
1517 345 1697 391 quattuor

210 405 515 445 nominabantur
536 404 724 444 uicesima
747 404 882 456 quinta
896 433 906 453 ‚
940 404 1128 444 uicesima
1148 412 1262 445 sexta
1276 436 1285 454 ‚
1321 405 1510 446 uicesima
1539 413 1696 457 octaua,

208 472 397 513 uicesima
421 486 539 520 nona,
564 471 679 510 unius
703 485 845 511 nomen
867 471 1080 512 nescimus.

326 537 375 580 C.
404 538 454 579 61
473 569 482 587 ‚
516 539 544 580 2
575 539 676 579 edidi
717 537 903 591 ‘Iamque
935 536 1087 580 Caesar
1118 555 1203 580 cum
1232 541 1449 581 exercitum
1478 541 1585 580 intra
1607 555 1700 582 suas

211 608 450 649 munitiones
472 607 663 647 reducere
685 607 896 660 coepisset,
931 607 1060 648 subito
1083 609 1294 649 uniuersus
1318 609 1514 661 equitatus
1535 609 1702 649 ulterior

211 675 473 717 Numidarum
499 673 835 727 Gaetulorumque
857 675 942 715 sine
964 676 1088 716 frenis
1110 676 1156 716 ab
1179 678 1320 717 dextra
1343 683 1453 730 parte
1475 690 1518 716 sc
1540 690 1701 717 mouere

212 745 449 799 propiusque
474 739 658 783 Caesaris
682 751 837 793 castra,
871 757 967 797 quae
991 751 1103 784 erant
1123 745 1164 784 in
1187 745 1307 792 colle,
1344 758 1386 785 se
1409 738 1590 784 conferre
1613 757 1703 784 coe-

213 812 297 867 pit’.
341 811 447 851 Nam
482 810 647 850 ulterior
675 811 873 864 equitatus
906 811 1166 853 Numidarum
1189 811 1526 865 Gaetulorumque
1557 812 1592 852 is
1622 819 1698 863 est,

213 893 326 933 quem
350 877 575 932 Scipionem
607 879 761 932 longius
793 880 840 920 ab
871 881 1186 920 aduersariorum
1220 881 1380 933 suisque
1403 880 1525 934 copiis
1548 894 1703 934 promo-

213 948 321 988 uisse
344 955 382 987 et
404 947 449 987 ad
472 948 624 988 radices
646 948 778 997 collis,
803 948 843 987 in
865 963 940 1001 quo
964 946 1118 989 Caesar
1139 956 1269 990 castra
1294 950 1482 999 babebat,
1508 948 1704 1003 appulisse

215 1029 250 1055 c.
277 1014 355 1064 59,
391 1013 414 1054 5
437 1016 602 1055 relatum
625 1022 700 1055 est.
734 1014 885 1055 Verum
910 1016 947 1056 hi
970 1017 1119 1069 equites
1141 1017 1181 1056 in
1204 1018 1345 1058 dextro
1358 1016 1555 1072 Scipionis
1579 1031 1704 1057 cornu

215 1090 329 1124 erant
341 1083 534 1124 collocati.
567 1081 703 1136 Itaque
716 1097 802 1123 cum
816 1097 858 1124 se
878 1085 1035 1138 propius
1049 1091 1180 1125 castra
1194 1083 1382 1126 Caesaris
1395 1087 1637 1135 conferrent,
1662 1090 1707 1125 ut

216 1148 482 1192 Caesarianos
505 1165 546 1191 se
568 1152 807 1206 recipientes
830 1152 1159 1192 circumuenirent
1183 1152 1269 1203 (59,
1287 1153 1347 1204 5),
1372 1168 1450 1194 non
1464 1155 1510 1194 ad
1524 1154 1705 1193 dextram

217 1227 367 1273 partem
392 1233 435 1259 se
457 1220 684 1270 mouebant,
711 1227 753 1260 ut
774 1220 814 1260 in
837 1220 1147 1273 codd.scriptum
1163 1229 1238 1271 est,
1265 1222 1333 1261 sed
1356 1236 1379 1261 a
1401 1223 1542 1262 dextra
1555 1220 1708 1275 Scipio-

217 1288 278 1329 nis
301 1295 412 1342 parte
436 1289 483 1327 ad
505 1288 704 1328 sinistram
733 1285 937 1328 Caesaris.
976 1286 1130 1328 Deinde
1152 1289 1400 1329 scribendum
1434 1297 1521 1329 erat
1553 1290 1708 1329 ‘frena-

216 1362 280 1395 tus
322 1363 452 1395 autem
493 1354 664 1395 Labieni
706 1369 824 1409 eques
864 1356 905 1395 in
945 1355 1030 1395 loco
1072 1369 1303 1409 permanere
1350 1357 1603 1410 legionesque
1645 1356 1710 1396 de-

218 1423 373 1472 tinere⁷,
418 1422 517 1475 quod
550 1424 685 1476 optimi
727 1424 839 1464 codd.
872 1421 965 1463 Par.
1000 1437 1081 1464 sec.
1116 1430 1156 1463 et
1196 1422 1312 1464 Leid.
1347 1439 1406 1478 pr.
1449 1425 1704 1474 confirmant,

220 1505 384 1544 quorum
431 1491 472 1531 in
521 1491 647 1532 altero
695 1493 880 1545 scriptum
931 1498 992 1532 est
1033 1497 1043 1515 ⁶
1061 1491 1280 1532 destinere'
1338 1492 1486 1546 primae
1536 1492 1711 1546 syllabae

218 1559 231 1599 i
253 1559 388 1599 littera
419 1559 702 1613 suprascripta,
733 1559 773 1599 in
796 1561 923 1600 altero
968 1558 1237 1599 ‘destituere'.
1271 1558 1589 1600 Prohibebantur
1609 1560 1713 1601 enim

218 1626 395 1680 legiones
437 1626 483 1666 ab
527 1627 744 1680 equitibus,
789 1641 862 1679 quo
905 1627 1033 1666 minus
1075 1640 1118 1666 se
1160 1627 1338 1679 recipere
1374 1635 1549 1681 possent.
1603 1626 1712 1680 Quo-

219 1695 334 1735 modo
369 1695 565 1735 distentae
596 1696 701 1744 sint,
734 1701 777 1734 ut
805 1695 955 1744 editur,
992 1694 1064 1733 hoc
1094 1702 1155 1734 est
1182 1695 1221 1733 in
1254 1695 1428 1748 pluribus
1457 1696 1573 1735 rebus
1596 1695 1714 1735 simul

222 1769 447 1815 occupatae,
477 1776 557 1802 non
588 1762 848 1817 intellegitur.
898 1759 1129 1815 Sequuntur
1160 1763 1276 1802 haec:
1316 1768 1426 1803 ‘cum
1460 1763 1590 1803 subito
1622 1776 1712 1815 pars

221 1830 418 1883 equitatus
442 1827 629 1870 Caesaris
661 1845 746 1870 cum
779 1831 857 1871 leui
889 1837 1087 1871 armatura
1118 1838 1257 1870 contra
1280 1829 1470 1871 Gaetulos
1493 1831 1646 1871 iniussu
1668 1845 1713 1870 ac

223 1906 372 1938 temere
394 1898 549 1950 longius
574 1898 775 1953 progressi
797 1899 1056 1952 paludemque
1078 1898 1323 1951 transgressi
1347 1899 1631 1939 multitudinem
1645 1899 1715 1939 ho·-

222 1966 339 2006 stium
369 1966 482 2018 pauci
513 1967 711 2008 sustinere
744 1981 822 2006 non
852 1972 1063 2020 potuerunt
1092 1966 1248 2019 leuique
1277 1974 1477 2007 armatura
1500 1967 1647 2007 deserti
1669 1981 1715 2008 ae

222 2036 325 2090 pulsi
348 2035 700 2089 conuulneratique
722 2049 798 2074 uno
822 2035 949 2086 equite
962 2035 1123 2083 amisso,
1149 2034 1280 2074 multis
1299 2035 1408 2088 equis
1429 2036 1590 2084 sauciis,
1616 2035 1714 2076 leuis

223 2112 449 2145 armaturae
469 2101 637 2144 XXVII
660 2103 802 2143 occisis
825 2103 871 2142 ad
893 2117 984 2143 suos
998 2102 1260 2157 refugerunff.
1295 2101 1371 2142 Hic
1387 2103 1550 2155 primum
1564 2103 1716 2155 <quites

227 2178 265 2214 ‘a
286 2173 365 2213 leui
387 2179 590 2213 armatura
612 2170 770 2211 deserti'
795 2171 947 2211 dicendi
970 2178 1096 2211 erant.
1142 2170 1292 2211 Verum
1317 2185 1394 2210 non
1419 2170 1569 2223 equites
1592 2184 1613 2210 a
1635 2171 1715 2210 leui

224 2248 424 2281 armatura
447 2254 535 2280 esse
567 2240 760 2288 desertos,
795 2240 863 2279 sed
886 2239 984 2278 hanc
1006 2239 1053 2278 ab
1076 2238 1152 2279 illis
1176 2240 1272 2279 satis
1294 2239 1383 2278 inde
1412 2245 1589 2292 apparet,
1614 2237 1717 2291 quod

225 2309 326 2349 leuis
349 2316 572 2349 armaturae
594 2306 789 2357 XXVII,
825 2321 946 2361 eques
979 2307 1138 2347 omnino
1162 2321 1259 2347 unus
1282 2307 1435 2346 cecidit..
1489 2305 1627 2359 Itaque
1660 2305 1717 2346 sic

227 2377 364 2430 posui:
404 2378 577 2430 ‘leuique
600 2382 800 2416 armatura
822 2376 980 2416 deserta
1003 2375 1101 2429 pulsi
1125 2374 1503 2426 conuulneratique'.

342 2442 559 2497 Sequentia
580 2446 635 2485 ita
658 2445 898 2485 edebantur:
927 2441 1032 2495 ‘Quo
1055 2443 1227 2483 secundo
1251 2443 1424 2495 equestri
1446 2441 1592 2495 proelio
1616 2442 1718 2481 facto

229 2510 362 2566 Scipio
385 2513 511 2552 laetus
534 2512 573 2552 in
597 2520 727 2552 eastra
749 2519 866 2551 nocte
889 2512 1022 2564 copias
1044 2511 1218 2551 reduxit.
1265 2508 1378 2563 Quod
1403 2510 1601 2562 proprium
1625 2523 1719 2562 gau—

229 2581 333 2621 dium
354 2580 590 2620 bellantibus
614 2581 772 2620 fortuna
796 2579 969 2619 tribuere
1001 2592 1078 2618 non
1112 2578 1303 2619 decreuit.
1345 2577 1528 2629 Namque
1558 2584 1718 2630 postero

230 2649 291 2689 die
325 2647 480 2689 Caesar
509 2662 594 2688 eum
627 2655 738 2701 parte
770 2647 966 2699 equitatus
989 2646 1049 2686 sui
1071 2644 1225 2699 Leptim
1244 2645 1427 2685 frumenti
1449 2645 1576 2698 gratia
1596 2644 1717 2684 misit.

230 2715 277 2757 In
299 2716 440 2757 itinere
464 2716 718 2770 praedatores
741 2715 893 2768 equites
916 2712 1112 2754 Numidas
1137 2712 1403 2766 Gaetulosque
1426 2726 1478 2752 ex
1503 2712 1720 2766 improuiso

231 2785 359 2826 adorti
378 2785 535 2825 circ-iter
553 2791 706 2824 centum
720 2782 857 2837 partim
873 2782 1103 2822 occiderunt
1122 2783 1258 2836 partim
1274 2783 1450 2822 uiuorum
1466 2781 1577 2834 potiti
1599 2779 1719 2821 sunt'.

233 2853 459 2895 Relatiuum
472 2852 603 2893 uerbis
620 2851 833 2906 ‘proprium
847 2850 1030 2904 gaudium
1043 2849 1276 2891 bellantibus
1288 2852 1446 2891 fortuna
1456 2849 1630 2890 tribuere
1642 2860 1721 2887 non
