1835 3240
97 906 137 940 to

96 1246 135 1279 15

90 1585 134 1619 20

88 1927 131 1961 25

87 2266 128 2299 30

596 172 778 217 COMM.
801 173 864 217 III
893 173 1018 218 CAP.
1044 174 1243 219 15-18.
1654 183 1732 227 321

178 289 353 332 barbaris
383 288 446 329 ius
474 289 693 343 legatorum
726 297 1045 331 conseruaretur.
1107 287 1247 343 Itaque
1276 290 1381 330 omni
1417 301 1557 335 senatu
1590 311 1658 338 ne-

177 366 265 399 cato
287 357 461 410 reliquos
484 357 554 397 sub
577 371 724 398 corona
748 359 935 399 uendidit.

289 424 390 466 Dum
422 425 518 466 haec
548 426 589 466 in
619 425 788 467 Venetis
819 432 1034 479 geruntur,
1070 422 1241 477 Quintus
1276 424 1457 466 Titurius
1490 424 1660 472 Sabinus
1681 433 1735 477 17

175 507 259 533 cum
283 492 330 533 iis
354 493 495 547 copiis,
521 508 616 546 quas
639 507 661 533 a
683 491 859 534 Caesare
882 500 1105 546 acceperat,
1131 493 1171 533 in
1194 493 1291 534 fines
1314 492 1547 535 Vnellorum
1572 511 1659 549 per-

177 561 301 601 uenit.
356 559 430 602 His
453 569 635 616 praeerat
655 560 868 603 Viridouix
892 574 937 600 ac
959 574 1148 600 summam
1171 560 1322 614 imperii
1345 561 1503 602 tenebat
1525 577 1657 604 earum
1679 565 1707 606 2

174 629 344 669 omnium
367 629 586 680 ciuitatum,
613 642 712 685 quae
733 629 977 677 defecerant,
1004 642 1056 668 ex
1079 628 1218 680 quibus
1242 630 1463 669 exercitum
1478 645 1660 685 magnas-

174 710 247 749 que
271 697 403 751 copias
427 702 634 751 coegerat3
665 703 783 750 atque
815 696 873 736 his
906 695 1039 749 paucis
1063 696 1199 735 diebus
1221 695 1385 737 Aulerci
1408 696 1656 741 Eburouices
1679 699 1703 740 3

172 763 424 818 Lexouiique
446 771 587 806 senatu
608 778 681 805 suo
703 764 935 813 interfecto,
973 763 1071 816 quod
1104 770 1289 803 auctores
1321 764 1413 805 belli
1437 780 1525 806 esse
1547 768 1658 808 nole-

171 832 288 881 bant,
334 840 468 887 portas
515 833 742 873 clauserunt
776 846 896 886 seque
940 845 1027 871 cum
1063 829 1296 871 Viridouice
1333 832 1652 886 coniunxeruntg

168 914 385 955 magnaque
417 907 624 955 praeterea
653 900 860 941 multitudo
891 899 1060 952 undique
1092 912 1144 938 ex
1167 896 1295 938 Gallia
1326 901 1564 953 perditorum
1587 904 1656 943 ho-
1675 903 1704 945 4

169 969 315 1008 minum
338 969 609 1022 latronumque
639 975 906 1017 conuenerat,
939 981 1038 1020 quos
1061 980 1150 1019 spes
1171 968 1384 1019 praedandi
1406 969 1655 1024 studiumque

168 1035 339 1076 bellandi
370 1037 417 1076 ab
449 1037 692 1091 agricultura
724 1044 764 1077 et
793 1036 991 1076 cotidiano
1023 1035 1157 1074 labore
1188 1035 1417 1075 reuocabat.
1482 1035 1653 1079 Sabinus
1676 1037 1701 1079 5

167 1103 309 1145 idoneo
325 1105 503 1145 omnibus
515 1104 633 1145 rebus
656 1105 742 1145 loco
756 1105 897 1145 castris
919 1117 1008 1145 sese
1029 1103 1203 1152 tenebat,
1230 1117 1316 1143 cum
1327 1101 1543 1144 Viridouix
1562 1120 1656 1147 con-

168 1178 229 1212 tra
264 1186 352 1213 eum
385 1173 500 1213 duum
532 1173 679 1213 milium
703 1172 829 1227 spatio
853 1172 1100 1212 consedisset
1122 1170 1341 1223 cotidieque
1365 1172 1565 1224 productis
1588 1187 1656 1214 co-

168 1240 241 1294 piis
264 1241 459 1295 pugnandi
481 1248 714 1295 potestatem
744 1241 918 1291 faceret,
953 1247 995 1281 ut
1025 1240 1102 1280 iam
1135 1253 1213 1279 non
1245 1239 1370 1279 solum
1402 1239 1580 1281 hostibus
1613 1241 1655 1281 in

169 1309 497 1362 contemptionem
519 1307 690 1350 Sabinus
712 1309 893 1357 ueniret,
918 1309 987 1348 sed
1010 1308 1126 1348 etiam
1150 1315 1375 1348 nostrorum
1398 1308 1562 1348 militum
1584 1323 1654 1349 uo-

170 1375 280 1416 cibus
304 1377 481 1417 nonnibil
503 1384 755 1431 carperetur3
786 1383 1014 1429 tantamque
1036 1376 1259 1430 opinionem
1283 1376 1433 1415 timoris
1456 1377 1651 1429 praebuit,
1674 1376 1701 1418 6

169 1450 210 1483 ut
231 1443 306 1484 iam
329 1444 539 1485 aduallum
572 1452 792 1485 castrorum
815 1445 948 1484 hostes
971 1445 1161 1484 accedere
1184 1444 1391 1483 auderent.
1452 1442 1496 1484 Id
1530 1458 1576 1484 ea
1607 1445 1653 1485 de
1674 1445 1701 1485 7

168 1525 285 1551 causa
308 1512 500 1563 faciebat,
525 1513 625 1567 quod
648 1527 734 1553 cum
759 1519 868 1552 tanta
891 1512 1136 1551 multitudine
1159 1511 1327 1551 hostium
1353 1511 1582 1565 praesertim
1606 1526 1654 1553 eo

165 1578 344 1630 absente,
371 1581 435 1633 qui
457 1594 646 1621 summam
669 1580 822 1634 imperii
845 1587 1022 1629 teneret,
1059 1579 1134 1619 nisi
1166 1593 1290 1632 aequo
1313 1579 1400 1619 loco
1424 1586 1490 1618 aut
1511 1593 1652 1633 oppor-

162 1647 328 1688 tunitate
350 1648 479 1701 aliqua
501 1649 590 1689 data
612 1648 743 1702 legato
767 1648 1023 1688 dimicandum
1049 1662 1126 1687 non
1150 1646 1418 1687 existimabat.
1444 1646 1529 1686 Hac
1553 1662 1646 1688 con·
1670 1648 1726 1693 18

165 1715 317 1755 firmata
347 1716 529 1770 opinione
562 1716 714 1757 timoris
745 1717 928 1757 idoneum
959 1716 1150 1768 quendam
1185 1715 1379 1754 hominem
1413 1721 1451 1754 et
1471 1715 1651 1756 callidum

165 1783 322 1837 delegit,
348 1782 530 1835 Gallum,
557 1798 609 1825 ex
632 1785 695 1834 iis,
721 1798 818 1838 quos
842 1784 978 1824 auxilii
1001 1797 1119 1823 causa
1140 1797 1272 1823 secum
1298 1782 1480 1823 habebat.
1544 1781 1650 1823 Huic
1671 1783 1700 1824 2

163 1852 315 1905 magnis
338 1853 520 1906 praemiis
543 1851 965 1907 pollicitationibusque
989 1852 1213 1906 persuadet,
1239 1850 1294 1890 uti
1312 1850 1359 1889 ad
1375 1850 1507 1890 hostes
1521 1857 1651 1892 trans-

164 1928 248 1970 eat,
273 1928 335 1971 et,
361 1921 447 1974 quid
472 1921 555 1960 fieri
578 1921 695 1970 uelit,
721 1921 869 1961 edocet.
895 1918 971 1972 Qui
996 1920 1057 1959 nbi
1080 1934 1148 1974 pro
1172 1920 1336 1973 perfuga
1359 1918 1406 1958 ad
1429 1931 1495 1958 eos
1518 1918 1646 1968 uenit,
1671 1918 1696 1959 3

164 1989 341 2029 timorem
364 1988 634 2029 Romanorum
659 1988 856 2043 proponit,
882 1987 1018 2041 quibus
1042 1987 1237 2041 angustiis
1260 1987 1343 2041 ipse
1358 1983 1513 2026 Caesar
1534 2000 1555 2026 a
1570 1985 1650 2027 Ve-

163 2057 263 2097 netis
285 2064 509 2111 prematur,
534 2058 671 2107 docet,
697 2071 824 2110 neque
845 2057 1001 2110 longius
1025 2056 1188 2105 abesse,
1214 2055 1304 2108 quin
1329 2054 1510 2108 proxima
1531 2062 1648 2096 nocte
1669 2055 1696 2095 4

165 2122 338 2166 Sabinus
362 2126 459 2166 clam
482 2139 535 2166 ex
558 2125 697 2166 castris
722 2125 946 2166 exercitum
970 2125 1111 2165 educat
1135 2131 1174 2163 et
1196 2124 1244 2163 ad
1268 2121 1484 2163 Caesarem
1508 2123 1649 2163 auxilii

161 2193 312 2233 serendi
334 2208 451 2234 causa
480 2194 770 2248 proficiscatur.
833 2191 948 2245 Quod
982 2192 1045 2233 ubi
1075 2192 1249 2232 auditum
1282 2198 1364 2240 est,
1399 2190 1647 2231 conclamant
1668 2190 1693 2230 5

161 2275 295 2302 omnes
319 2262 568 2303 occasionem
591 2262 738 2316 negotii
760 2262 859 2302 bene
881 2260 1044 2315 gerendi
1074 2259 1327 2300 amittendam
1350 2272 1428 2299 non
1450 2271 1564 2310 esse,
1599 2259 1646 2300 ad

304 2409 318 2442 1
340 2409 585 2442 obseruarctur
604 2410 636 2441 b.
824 2410 842 2442 3
861 2409 1007 2451 Quintus
1026 2408 1202 2448 ABDE,
1224 2406 1261 2449 Q.
1280 2406 1345 2449 (s)
1366 2417 1399 2437 n.
1564 2407 1583 2439 4
1602 2407 1644 2438 iis

163 2459 284 2500 (B)D,
306 2460 334 2492 is
355 2461 398 2501 C,
421 2462 486 2493 hiis
504 2462 552 2502 E,
575 2461 675 2502 hisf.
841 2462 858 2492 5
880 2462 907 2491 is
925 2461 974 2500 B,
997 2460 1039 2491 iis
1057 2460 1142 2491 ΑΕ.
1306 2457 1472 2489 Vridouix
1491 2457 1533 2499 d,
1554 2457 1644 2490 Viri-

163 2510 288 2542 duouix
308 2512 351 2543 ‘D
370 2516 406 2544 et
419 2512 608 2555 dez‘nceps'.
757 2512 775 2544 7
796 2512 838 2544 iis
855 2513 1020 2544 ABDE.
1181 2510 1326 2542 Aulurci
1344 2510 1416 2541 AB
1428 2510 1496 2541 CD
1508 2510 1555 2551 E,
1577 2511 1645 2542 Au-

163 2560 260 2591 relici
280 2562 337 2593 bc.
477 2564 497 2596 8
513 2562 724 2606 Lexobiique
742 2563 786 2595 D.
930 2564 948 2595 9
968 2573 1072 2604 seque
1091 2560 1280 2593 Viridouici
1301 2561 1332 2592 b.
1477 2561 1515 2593 13
1534 2572 1570 2593 se
1590 2572 1642 2593 re-

162 2611 292 2644 tinebat
309 2613 360 2653 Α,
381 2624 417 2646 se
436 2615 575 2646 tenebat
594 2615 659 2657 bs.
838 2615 879 2646 14
899 2615 1039 2645 duorum
1060 2614 1091 2644 b.
1281 2612 1320 2644 1ss
1341 2616 1567 2653 contemptum
1589 2613 1649 2653 bs

162 2661 343 2702 (Ceteram
362 2666 666 2707 contemptionem,
685 2675 754 2697 non
782 2666 1064 2705 contemtionem,
1093 2664 1125 2695 A
1139 2664 1251 2696 CDE
1275 2666 1311 2694 et
1330 2663 1458 2703 absque
1476 2664 1507 2694 B
1525 2667 1561 2695 et
1578 2664 1641 2695 lzoc

161 2714 195 2742 et
211 2712 366 2753 similia,
386 2717 460 2746 nisi
475 2716 578 2748 aliud
593 2716 793 2758 monuero).
934 2716 976 2748 ’18
995 2716 1034 2746 de
1055 2714 1171 2756 onus.
1302 2713 1341 2747 21
1364 2713 1477 2753 legato
1497 2714 1536 2745 P.
1564 2715 1637 2748 127.

305 2763 380 2805 hac]
401 2775 439 2796 ac
458 2766 487 2797 B
508 2768 602 2798 ‘mss.
621 2767 761 2799 multi’.
912 2767 954 2800 23
975 2766 1097 2806 dilegit
1114 2775 1159 2796 m.
1174 2774 1234 2807 pr.
1256 2764 1304 2805 B,
1327 2764 1447 2804 deligit
1466 2765 1493 2795 b.

163 2824 205 2846 ex
223 2814 273 2846 his
293 2816 391 2847 codd.
413 2817 489 2849 edd.
509 2822 590 2849 ante
607 2818 690 2851 Αἶά.
713 2821 749 2850 et
765 2829 800 2850 υ.
940 2818 981 2851 25
1002 2822 1037 2849 et
1054 2827 1123 2849 om.
1143 2827 1172 2849 e.
1327 2814 1434 2846 uellet
1453 2825 1497 2846 m.
1516 2825 1572 2856 pr.
1597 2815 1636 2847 C.

303 2866 358 2898 ubi
375 2867 517 2909 profuga
537 2869 568 2900 b.
706 2869 748 2904 27
768 2869 986 2911 premebatur
1005 2869 1036 2900 b.
1174 2867 1215 2900 30
1235 2867 1469 2898 occassionem
1489 2867 1530 2896 B.

180 2937 300 2971 Caesar,
315 2936 360 2964 cd.
375 2936 515 2973 Nipperd.
650 2978 653 2981 ,
1355 2926 1406 2967 21
