1835 3240
678 176 1102 218 —246—

150 291 366 335 Caesarem
387 292 608 341 mittebant,
632 292 771 344 quippe
794 302 890 342 quos
911 289 950 329 id
970 287 1046 329 iam
1064 294 1178 329 antea
1202 288 1343 329 fecisse
1364 301 1554 340 nusquam
1568 301 1631 328 re·

149 360 273 401 latum
293 359 369 409 sit,
403 359 479 400 nisi
510 360 614 399 forte
645 359 742 398 haec
771 356 892 398 uerba
923 369 969 396 eo
998 356 1143 396 referri
1164 368 1279 409 posse
1301 362 1505 409 putamus,
1531 356 1633 407 quod

149 428 273 482 primo
295 427 466 467 aduentu
487 427 528 467 in
549 425 780 478 Hispaniam
802 421 989 464 Caesaris
1017 423 1133 477 legati
1156 420 1436 463 Cordubenses
1467 423 1516 463 ad
1546 436 1633 463 eum

151 502 344 536 uenerunt
374 496 428 545 (c.
453 494 513 546 2).
548 492 623 532 His
645 493 761 532 rebus
784 491 968 532 facillime
987 491 1040 532 ita
1062 492 1296 531 subuentum
1316 489 1366 529 iri
1387 490 1631 541 existimaui,

151 570 194 604 ut
215 563 287 603 hoc
308 563 421 603 modo
443 560 678 601 scriberemz
703 559 846 599 ‘Erant
867 559 927 599 hic
949 559 1138 613 legiones,
1163 572 1263 611 quae
1285 570 1333 596 ex
1347 558 1519 610 perfugis
1541 572 1634 597 con-

152 631 338 685 scriptae,
363 629 503 683 partim
533 627 812 681 oppidanorum
835 626 966 676 serui,
1001 627 1066 679 qui
1097 633 1210 666 erant
1242 640 1264 665 a
1295 622 1422 665 Sexto
1444 624 1634 678 Pompeio

152 697 407 746 manumissi,
432 695 497 748 qui
518 695 558 735 in
572 692 760 735 Caesaris
782 696 989 735 aduentum
1012 693 1240 734 discordare
1254 698 1484 745 coeperunt.
1509 690 1636 745 Legio

153 764 260 805 XIII
281 763 459 818 oppidum
472 763 682 803 defendere
695 763 846 816 coepit:
871 777 976 812 nam,
1002 762 1175 802 cumiam
1194 761 1482 814 depugnarent,
1507 765 1638 798 turres

156 847 209 874 ex
230 839 338 887 parte
361 837 401 871 et
420 844 574 870 murum
596 837 852 884 occuparunt.
886 829 1067 883 Denique
1087 830 1240 882 legatos
1259 828 1307 867 ad
1321 825 1537 867 Caesarem
1550 825 1640 866 mit·

156 908 269 950 tunt,
301 906 344 938 ut
373 898 448 938 sibi
474 898 652 952 legiones
683 898 855 938 subsidio
883 897 1194 937 intromitteret'.
1238 894 1433 948 Perfugae
1466 900 1504 934 et
1525 893 1642 933 liber-

156 968 314 1020 tini,qui
325 967 454 1007 dedito
468 966 606 1020 oppido
620 966 666 1006 de
678 967 805 1006 salute
818 965 1183 1019 desperabant,cum
1195 964 1372 1016 reliquis,
1387 962 1526 1015 quibus
1539 958 1642 1002 Cae-

157 1050 225 1077 sar
274 1034 524 1088 recipiendus
569 1033 801 1083 uidebatur,
852 1032 1157 1079 discordabant„
1203 1031 1265 1071 Ab
1306 1031 1365 1070 bis
1406 1031 1510 1083 legio
1541 1027 1644 1069 XIII

159 1103 338 1158 oppidum
362 1102 537 1143 defendit
557 1109 619 1151 et,
653 1115 740 1141 cum
762 1100 958 1141 discordia
990 1100 1065 1139 iam
1089 1113 1135 1139 eo
1158 1098 1427 1151 peruenisset,
1462 1104 1504 1137 ut
1524 1096 1644 1137 armis

157 1171 264 1211 inter
284 1184 327 1211 se
351 1170 642 1224 depugnarent,
676 1176 807 1209 turres
831 1176 869 1209 et
891 1182 1041 1208 murum
1075 1167 1296 1219 occupauit.
1342 1164 1521 1216 Denique
1543 1161 1645 1204 Cae-

160 1252 289 1280 sarem
310 1237 352 1277 in
371 1236 551 1290 oppidum
573 1235 817 1275 asciuerunt.

272 1304 425 1358 Hispali
449 1318 535 1343 cum
549 1301 776 1356 Pompeiani
799 1303 899 1342 clam
912 1303 1079 1342 adducta
1089 1300 1374 1341 Lusitanorum
1397 1312 1515 1338 manu
1537 1312 1649 1352 prae-

161 1374 301 1414 sidium
325 1370 514 1412 Caesaris
529 1401 539 1420 ,
573 1371 672 1423 quod
700 1370 814 1409 initio
837 1369 976 1422 oppido
999 1375 1086 1408 erat
1105 1375 1304 1421 receptum
1322 1398 1332 1416 ,
1366 1367 1648 1415 trucidassent,

162 1438 335 1490 Caesar,
370 1453 418 1478 ne
440 1436 624 1478 Lusitani
647 1437 849 1491 oppidum,
886 1436 919 1476 si
940 1436 979 1476 ui
1001 1449 1229 1489 expugnare
1252 1442 1484 1485 conaretur,
1518 1435 1653 1475 incen-

166 1509 323 1557 derent,
349 1513 467 1546 noctu
488 1519 557 1545 eos
579 1504 824 1557 eruptionem
852 1504 985 1544 facere
1007 1504 1167 1557 patitur.
1211 1501 1311 1542 Tum
1336 1516 1369 1542 c.
1396 1501 1474 1552 36,
1510 1501 1535 1542 3
1558 1502 1655 1542 haec

163 1577 206 1617 in
227 1575 336 1616 codd.
360 1573 550 1628 legimus:
585 1570 669 1612 ‘Ita
691 1572 928 1625 erumpendo
952 1585 1072 1611 naues
1088 1602 1098 1621 ,
1134 1583 1233 1623 quae
1264 1570 1311 1609 ad
1334 1568 1488 1609 Baetim
1510 1569 1654 1608 flumen

164 1645 355 1693 fuissent,
388 1641 619 1682 incendunt.
661 1637 804 1679 Nostri
836 1639 921 1678 dum
955 1637 1136 1678 incendio
1168 1637 1409 1683 detinentur,
1443 1636 1497 1676 illi
1521 1636 1654 1689 profu-

166 1713 279 1766 giunt
311 1717 350 1751 et
378 1711 424 1750 ab
455 1707 652 1761 equitibus
686 1706 960 1746 conciduntur.
1016 1702 1104 1756 Quo
1134 1704 1237 1744 facto
1260 1704 1398 1757 oppido
1420 1709 1655 1756 recuperato

163 1779 304 1821 Astam
326 1778 404 1818 iter
426 1778 556 1816 facere
578 1773 736 1827 coepit'.
780 1772 930 1813 Verum
953 1772 1043 1825 quid
1066 1778 1172 1821 erat,
1198 1771 1300 1824 quod
1322 1768 1474 1811 Caesar
1493 1769 1656 1810 Lusita-

166 1861 239 1887 nos
262 1845 441 1887 consulto
464 1856 670 1896 erumpere
692 1847 916 1895 pateretur,
954 1840 987 1879 si
1020 1840 1092 1879 hoc
1124 1840 1228 1879 facto
1252 1839 1349 1879 nihil
1371 1846 1457 1879 erat
1477 1844 1654 1887 acturus,

169 1915 238 1956 sed
258 1912 442 1954 incendio
464 1911 623 1952 nauium
646 1923 739 1950 suos
763 1907 930 1948 detineri
951 1907 1134 1947 sinebat?
1165 1904 1268 1958 Quid
1291 1912 1421 1946 autem
1438 1904 1657 1946 Lusitanos

168 1981 376 2031 mouebat,
409 1986 453 2019 ut
482 1979 738 2032 profugerent
758 1976 910 2030 potius,
942 1989 1055 2028 quam
1084 1975 1123 2014 in
1146 1974 1325 2027 oppidum
1347 1988 1390 2014 se
1411 1974 1659 2028 reciperent?

169 2049 390 2090 Enimuero
405 2048 478 2087 hoc
492 2053 577 2086 erat
590 2042 778 2085 Caesaris
790 2043 1012 2092 consilium,
1027 2049 1086 2089 ut,
1100 2042 1186 2081 dum
1197 2040 1380 2082 Lusitani
1393 2048 1509 2081 extra
1522 2041 1660 2083 urbem

175 2123 313 2158 essent
335 2115 449 2169 hique
472 2113 632 2154 nauium
651 2112 834 2152 incendio
856 2111 1153 2158 detinerentur,
1184 2108 1268 2162 ipse
1290 2108 1385 2148 urbe
1407 2108 1603 2161 potiretur
1624 2116 1663 2149 et

173 2185 358 2226 exclusos
397 2181 615 2222 Lusitanos
655 2180 868 2234 profugere
899 2184 1074 2232 cogeret.
1117 2174 1255 2229 Itaque
1276 2176 1344 2216 illa
1373 2174 1497 2216 uerba
1525 2176 1662 2216 mutila

172 2259 266 2293 sunt
287 2258 325 2292 ct
346 2251 403 2292 sic
426 2249 725 2303 distinguenda:
764 2246 943 2296 ‘Nom-i,
977 2245 1065 2284 dum
1087 2243 1268 2285 incendio
1290 2242 1518 2283 detinentur
1531 2272 1660 2283 .....

171 2320 229 2361 illi
251 2319 479 2374 profugiunt
499 2324 539 2358 et
559 2317 606 2357 ab
629 2315 822 2370 equitibus
844 2312 1133 2362 conciduntur',
1159 2325 1258 2365 quae
1269 2311 1342 2351 hoc
1353 2311 1467 2350 modo
1481 2310 1663 2364 supplere

174 2387 292 2428 licet:
321 2385 494 2435 Nostri,
520 2385 608 2425 dum
629 2383 812 2425 incendio
836 2382 1063 2424 detinentur
1084 2381 1163 2429 illi,
1188 2378 1336 2434 oppido
1347 2380 1585 2433 potinum&-
1607 2376 1664 2417 illi

177 2452 416 2511 profugiunt'
441 2459 534 2493 cett.

290 2520 338 2563 C.
363 2521 416 2562 37
439 2526 627 2561 narratur
647 2516 724 2559 Cn.
745 2518 976 2573 Pompeium
999 2513 1202 2565 Carteiae,
1226 2528 1313 2555 cum
1334 2514 1438 2555 inter
1455 2511 1666 2554 Caesaria-

178 2604 250 2632 nos
272 2596 311 2631 et
329 2586 592 2642 Pompeianos
615 2587 756 2628 seditio
779 2595 896 2641 atque
918 2584 1057 2626 caedes
1080 2590 1166 2624 orta
1188 2589 1317 2631 esset,
1343 2581 1512 2622 nauibus
1536 2579 1665 2633 longis

181 2656 379 2712 occupatis
400 2656 578 2696 saucium
599 2655 835 2709 profugisse.
879 2653 1050 2706 Reliqua
1072 2652 1156 2692 eius
1177 2664 1262 2704 cap.
1288 2650 1410 2691 uerba
1429 2649 1520 2690 inde
1542 2662 1563 2688 a
1586 2648 1624 2701 ξ.
1643 2646 1671 2686 2

180 2727 237 2768 sic
258 2724 500 2767 edebantur:
528 2721 703 2771 ‘Didius,
728 2723 792 2776 qui
805 2720 929 2763 Gadis
950 2719 1331 2774 classipraefuisset,
1356 2718 1403 2758 ad
1425 2731 1540 2771 quem
1554 2715 1671 2756 simul

183 2795 342 2836 nuntius
365 2792 505 2833 allatus
528 2797 603 2841 est,
618 2791 824 2831 confestim
838 2789 948 2843 sequi
970 2788 1121 2842 coepit:
1147 2787 1284 2841 partim
1300 2786 1492 2840 peditatus
1511 2791 1550 2825 et
1561 2782 1672 2836 equi-

183 2870 286 2903 tatus
318 2861 367 2901 ad
401 2859 709 2915 persequendum
735 2859 920 2899 celeriter
949 2856 1028 2898 iter
1057 2855 1265 2897 faciebant.
1309 2852 1409 2895 Item
1439 2858 1578 2906 quarto
1609 2850 1670 2891 die
