1835 3240
100 920 140 954 10

102 1259 140 1292 15

97 1599 144 1634 20

541 187 725 231 COMM.
750 187 809 230 III
831 185 954 229 CAP.
981 186 1236 230 100—102.
1647 187 1730 231 617

173 304 364 360 picianam
384 301 475 342 iude
498 302 663 343 classem
686 303 885 356 profectus
907 308 968 342 est
985 299 1180 343 Vibonem
1202 299 1482 353 adplicatisque
1504 302 1652 343 nostris
1676 302 1700 344 5

171 373 219 413 ad
240 378 384 411 terram
408 370 573 411 nauibus
597 370 757 411 circiter
776 377 838 410 XL
860 376 1021 424 propter
1042 368 1206 410 eundem
1229 368 1409 409 timorem
1432 368 1515 420 pari
1536 377 1653 423 atque

171 445 287 480 antea
318 438 472 478 ratione
497 439 700 492 [egerunt]
726 438 938 478 secundum
961 444 1100 477 nactus
1122 443 1282 477 uentum
1305 436 1510 477 onerarias
1534 451 1653 479 naues

172 512 424 561 praeparatas
455 507 503 546 ad
532 506 755 546 incendium
786 505 961 555 inmisit,
997 512 1038 545 et
1074 505 1227 545 flamma
1256 504 1302 544 ab
1333 511 1500 558 utroque
1531 518 1654 545 cornu

176 588 408 628 comprensa
439 588 560 615 naues
591 580 680 614 sunt
701 573 926 613 combustae
948 573 1135 626 quinque.
1179 570 1358 626 Cumque
1379 572 1484 626 ignis
1506 572 1654 625 magni·
1675 572 1702 613 6

172 643 307 683 tudine
339 642 446 682 uenti
474 642 590 682 latius
612 648 816 695 serperet,
850 640 991 681 milites
1007 670 1016 688 ‚
1051 640 1115 693 qui
1139 655 1191 681 ex
1214 640 1411 682 ueteribus
1433 639 1655 693 legionibus

173 717 288 750 erant
316 710 444 750 relicti
465 709 661 763 praesidio
684 708 850 749 nauibus
874 722 926 749 ex
948 721 1111 748 numero
1133 722 1341 763 aegrorum
1357 739 1367 758 ,
1400 707 1657 763 ignominiam

173 792 252 818 non
284 778 481 827 tulerunt,
516 777 585 818 sed
607 791 679 818 sua
700 783 840 831 sponte
863 789 985 817 naues
1008 777 1324 817 conscenderunt
1345 784 1382 817 et
1404 790 1426 817 a
1447 783 1556 816 terra
1576 776 1656 816 sol-

172 852 315 886 uerunt
345 845 567 900 impetuque
590 846 692 886 facto
714 845 753 885 in
776 842 1015 886 Cassianam
1037 845 1204 885 classem
1227 844 1518 897 quinqueremis
1540 844 1654 894 duas,

171 913 212 954 in
244 927 406 969 quarum
439 913 564 954 altera
595 919 681 953 erat
703 910 894 963 Cassius,
929 919 1139 966 ceperunt3
1174 913 1244 952 sed
1266 909 1431 952 Cassius
1464 919 1656 966 exceptus

174 981 320 1034 scapha
353 982 526 1034 refugit:
563 988 769 1035 praeterea
801 981 901 1021 duae
924 986 1014 1020 sunt
1035 981 1247 1033 depressae
1270 980 1467 1020 triremes,
1512 979 1656 1035 Neque
1676 978 1704 1020 7

172 1049 294 1088 multo
325 1056 413 1101 post
442 1049 488 1088 de
519 1048 670 1102 proelio
701 1049 804 1089 facto
836 1049 875 1089 in
898 1047 1109 1088 Thessalia
1139 1047 1337 1101 cognitum
1372 1054 1457 1098 est,
1492 1054 1533 1087 ut
1563 1047 1658 1101 ipsis

171 1113 424 1170 Pompeianis
446 1117 540 1157 fides
563 1117 697 1157 fieret:
723 1131 813 1157 nam
835 1123 927 1157 ante
948 1116 987 1156 id
1009 1122 1160 1170 tempus
1181 1115 1275 1170 fingi
1297 1128 1319 1155 a
1340 1115 1481 1169 legatis
1504 1115 1660 1156 amicis-

175 1198 249 1237 que
271 1181 459 1226 Caesaris
492 1184 800 1226 arbitrabantur.
847 1181 999 1237 Quibus
1031 1183 1149 1225 rebus
1182 1182 1352 1237 cognitis
1385 1196 1438 1224 ex
1471 1182 1529 1223 his
1561 1183 1660 1223 locis

173 1249 338 1293 Cassius
362 1267 448 1292 cum
469 1252 596 1293 classe
619 1253 816 1293 discessit.

270 1318 422 1361 Caesar
450 1320 629 1361 omnibus
657 1320 776 1361 rebus
798 1320 947 1361 relictis
969 1320 1281 1375 persequendum
1302 1318 1378 1360 sibi
1398 1316 1628 1372 Pompeium
1648 1318 1736 1363 102

176 1387 435 1439 existimauit,
450 1403 714 1442 quascumque
734 1389 774 1429 in
797 1396 927 1443 partes
950 1402 994 1429 se
1015 1401 1070 1429 ex
1093 1388 1183 1443 fuga
1203 1387 1438 1442 recepisset,
1453 1400 1503 1427 ne
1524 1400 1662 1427 rursus

176 1457 309 1510 copias
332 1471 560 1511 comparare
582 1457 678 1498 alias
702 1464 741 1498 et
760 1457 903 1498 bellum
924 1470 1122 1498 renouare
1143 1463 1292 1510 posset,
1309 1462 1348 1496 et
1363 1461 1661 1508 quantumcum-

176 1539 251 1581 que
282 1525 437 1565 itineris
469 1526 645 1579 equitatu
678 1526 830 1567 efficere
852 1532 1008 1580 poterat
1028 1523 1170 1565 cotidie
1192 1523 1518 1578 progrediebatur
1538 1522 1663 1576 legio-

176 1606 342 1646 nemque
371 1607 487 1633 unam
515 1593 733 1635 minoribus
755 1593 962 1635 itineribus
984 1592 1172 1646 subsequi
1192 1591 1325 1632 iussit.
1368 1590 1470 1632 Erat
1491 1591 1662 1631 edictum
1682 1589 1710 1631 2

174 1659 352 1714 Pompeii
376 1661 534 1702 nomine
555 1662 782 1716 Amphipoli
803 1662 1064 1716 propositum,
1089 1660 1147 1701 uti
1169 1673 1305 1700 omnes
1327 1659 1411 1700 eius
1433 1658 1662 1713 prouinciae

175 1729 378 1779 iuniores,
413 1728 560 1770 Graeci
592 1731 779 1784 ciuesque
810 1729 1009 1779 Romani,
1044 1728 1200 1769 iurandi
1232 1741 1353 1768 causa
1385 1726 1661 1767 conuenirent.

175 1794 256 1838 Sed
278 1804 408 1838 utrum
430 1797 672 1839 auertendae
694 1799 932 1854 suspicionis
955 1810 1073 1838 causa
1088 1794 1300 1850 Pompeius
1318 1795 1605 1850 proposuisset,
1624 1800 1667 1833 ut
1688 1792 1713 1833 3

176 1879 289 1918 quam
312 1866 531 1907 diutissime
552 1866 743 1921 longioris
767 1868 882 1920 fugae
905 1866 1110 1907 consilium
1134 1864 1367 1915 occultaret,
1390 1877 1440 1904 an
1463 1863 1576 1904 nouis
1599 1862 1666 1902 de-

178 1933 360 1984 lectibus,
385 1934 419 1974 si
440 1948 554 1974 nemo
577 1942 788 1988 premeret,
812 1934 1089 1976 Macedoniam
1113 1941 1248 1975 tenere
1271 1939 1498 1981 conaretur,
1524 1929 1665 1971 existi-

177 2002 277 2041 mari
306 2016 385 2041 non
406 2008 577 2055 poterat.
620 2000 711 2056 Ipse
733 2003 781 2042 ad
803 2017 988 2043 ancoram
1011 2017 1089 2043 una
1111 2009 1228 2043 nocte
1249 2000 1429 2042 constitit
1451 2007 1490 2039 et
1512 1998 1663 2039 uocatis
1683 1996 1711 2036 4

177 2070 224 2109 ad
247 2083 291 2110 se
306 2069 529 2123 Amphipoli
551 2069 770 2123 hospitibus
794 2076 832 2111 et
854 2070 1019 2124 pecunia
1041 2071 1089 2111 ad
1106 2070 1354 2111 necessarios
1377 2074 1554 2120 sumptus
1577 2079 1664 2106 cor-

178 2144 316 2191 rogata
340 2138 497 2193 cognito
522 2136 710 2180 Caesaris
732 2139 904 2179 aduentu
925 2152 979 2179 ex
1001 2152 1047 2179 eo
1070 2139 1156 2179 loco
1178 2137 1362 2179 discessit
1383 2143 1423 2176 et
1445 2134 1665 2190 Mytilenas

322 2274 336 2306 1
359 2274 609 2317 adplicatisque
628 2285 663 2306 α.
868 2276 890 2310 2
908 2275 1046 2307 circiter
1062 2285 1105 2308 xn
1124 2276 1184 2307 Ιιιό
1196 2277 1317 2316 posui,
1336 2277 1423 2306 ante
1442 2277 1666 2316 praeparatas

179 2323 234 2366 (4)
254 2324 434 2357 collocant
451 2325 552 2357 codd.
572 2326 612 2357 P.
635 2325 713 2358 187.
931 2326 950 2358 3
970 2331 1113 2367 egerunt
1131 2327 1188 2367 be,
1210 2330 1353 2366 egerunt
1371 2324 1513 2357 Cassius
1533 2335 1575 2365 ας
1597 2325 1668 2365 egit

178 2386 213 2407 u.
250 2375 368 2408 Vneos
386 2387 449 2419 ego
463 2379 586 2419 posui.
605 2377 644 2409 P.
668 2377 743 2410 186.
915 2379 936 2411 4
955 2379 1084 2411 inmisit
1102 2389 1136 2411 α.
1317 2379 1334 2410 5
1354 2387 1555 2420 comprensa
1574 2388 1666 2409 unus

179 2428 266 2469 det„
287 2440 480 2472 compressa
497 2441 518 2461 a
531 2431 570 2470 b;
591 2430 836 2472 comprehensa
854 2441 889 2463 u.
1029 2436 1111 2463 sunt
1129 2441 1198 2462 om.
1219 2440 1239 2462 α
1253 2430 1285 2461 b.
1426 2429 1445 2461 9
1463 2429 1668 2472 quinquere-

180 2480 242 2511 mis
261 2491 295 2512 a.
460 2481 500 2514 10
519 2486 708 2524 coeperunt
724 2491 759 2512 a.
925 2481 962 2514 11
984 2482 1135 2524 schapha
1152 2491 1186 2513 α.
1326 2480 1468 2521 refugiit
1486 2480 1668 2523 praeteriit

181 2531 266 2562 duae
285 2541 305 2562 α
320 2532 351 2563 b.
503 2533 687 2575 depressae
708 2531 934 2564 Vascosanus
951 2535 989 2564 z'n
1007 2542 1140 2574 marg„
1163 2533 1368 2574 depresente
1385 2541 1406 2562 a
1418 2532 1460 2572 b,-
1481 2531 1669 2574 deprehen-

180 2590 237 2612 sae
255 2591 289 2612 u.
452 2582 628 2625 triremes]
650 2583 778 2616 tirones
800 2584 830 2616 b.
997 2584 1038 2617 14
1057 2584 1292 2616 arbitrabatur
1309 2593 1343 2615 α.
1513 2593 1556 2614 ex
1576 2582 1626 2613 his
1644 2592 1667 2613 a

181 2632 259 2664 edd.
279 2636 362 2664 ante
379 2634 478 2675 Ald„
499 2645 540 2667 ex
558 2636 602 2668 iis
619 2635 733 2668 Aldus
751 2646 786 2667 u.
940 2636 981 2669 17
1001 2646 1211 2680 quacumque
1229 2636 1263 2668 in
1283 2640 1378 2678 parte
1399 2636 1417 2667 b
1436 2638 1484 2675 et,
1504 2636 1569 2676 qui
1584 2632 1667 2675 qusi-

183 2694 328 2727 cunque,
348 2695 383 2716 a·
585 2697 621 2719 se
640 2698 681 2719 ex
702 2687 781 2728 fuga
799 2698 832 2728 a,
854 2698 895 2720 ex
916 2687 996 2729 fuga
1015 2698 1051 2720 se
1068 2688 1147 2720 edd.
1336 2687 1377 2719 18
1396 2689 1612 2728 compararet
1629 2695 1664 2716 α.

326 2743 620 2782 quantumcunque
640 2741 705 2783 (a).
929 2743 969 2776 21
990 2741 1217 2785 Amphilopoli
1235 2751 1256 2772 α
1275 2744 1313 2772 et
1331 2741 1402 2772 ‘hic
1421 2743 1455 2771 et
1474 2738 1572 2780 inst-a
1593 2738 1611 2769 b
1624 2737 1664 2770 c'.

326 2789 371 2823 22
389 2788 491 2822 Greci
508 2800 543 2821 α.
682 2793 726 2826 24
744 2793 926 2825 dilectibus
945 2793 999 2835 (a)
1014 2795 1045 2826 b.
1187 2794 1229 2829 26
1249 2793 1432 2824 anchoram
1453 2790 1522 2832 (a).

184 2849 283 2871 unam
302 2850 336 2872 α.
477 2841 520 2874 28
538 2842 673 2882 cognito
691 2844 816 2885 Aldus,
838 2846 1040 2888 cognitoque
1058 2856 1080 2878 a
1101 2847 1197 2878 ‘ms-5.
1213 2843 1402 2888 plerique’.
1552 2839 1666 2874 Mithi-

183 2891 233 2922 las
252 2901 273 2922 a
293 2891 390 2923 ‘mss.
407 2891 572 2933 plerique
591 2896 625 2924 et
643 2895 882 2927 uetustiores&
