1835 3240
90 890 129 922 10

90 1230 127 1262 15

85 1910 126 1942 25

86 2251 127 2283 30

587 153 769 198 COMM.
795 153 854 198 VI
877 151 1002 197 CAP.
1026 154 1227 198 37—40.
1640 162 1723 205 403

167 273 313 315 territis
335 270 590 310 confirmatur
612 269 743 323 opinio
765 270 960 320 barbaris,
986 276 1029 310 ut
1050 283 1103 310 ex
1123 269 1279 323 captiuo
1301 271 1530 324 audierant,
1563 275 1649 316 nul-

166 344 241 382 lum
264 353 352 380 esse
374 339 480 378 intus
504 338 757 392 praesidium.
790 337 1054 392 Perrumpere
1077 337 1253 377 nituntur
1273 351 1394 391 seque
1413 339 1486 392 ipsi
1509 342 1647 383 adhor-
1671 342 1724 384 10

165 414 322 456 tantur,
354 420 402 446 ne
434 413 583 446 tantam
617 407 810 447 fortunam
841 419 892 446 ex
923 406 1100 446 manibus
1131 405 1342 446 dimittant.
1405 405 1508 447 Erat
1529 423 1647 463 aeger
1667 411 1724 456 38

166 489 249 516 cum
275 474 468 528 praesidio
490 474 651 514 relictus
675 472 836 513 Publius
859 471 1022 514 Sextius
1043 471 1230 524 Baculus,
1256 474 1321 527 qui
1342 475 1506 528 primum
1530 477 1649 529 pilum

168 544 214 582 ad
238 539 454 582 Caesarem
478 543 661 590 duxerat,
687 542 797 581 cuius
821 541 1059 581 mentionem
1081 541 1352 595 superioribus
1374 543 1533 596 proeliis
1557 545 1650 585 feci-

164 625 247 651 mus
263 642 273 660 ,
308 624 352 650 ac
376 611 474 651 diem
497 610 573 650 iam
596 610 769 663 quintum
793 609 880 648 cibo
904 616 1103 649 caruerat.
1148 608 1224 649 Hic
1247 610 1392 651 diffisus
1415 625 1510 652 suae
1533 619 1649 665 atque
1671 613 1697 652 2

163 679 334 719 omnium
358 678 474 719 saluti
497 678 659 717 inermis
683 691 736 717 ex
760 676 1013 717 tabernaculo
1036 677 1188 730 prodit:
1224 678 1333 718 uidet
1362 678 1557 719 inminere
1580 679 1648 720 bo-

164 754 244 787 stes
267 753 384 800 atque
406 747 445 786 in
468 760 618 786 summo
642 758 730 785 esse
752 758 835 785 rem
859 745 1109 785 discrimine:
1148 745 1251 799 capit
1282 760 1390 786 arma
1412 760 1434 786 a
1456 747 1648 801 proximis

164 822 278 868 atque
302 816 341 854 in
363 822 475 868 porta
497 813 694 854 consistit.
742 809 1052 866 Consequuntur
1074 813 1174 853 hunc
1198 815 1450 855 centuriones
1474 815 1558 855 eius
1582 829 1648 856 co-
1670 815 1695 856 3

162 883 309 933 hortis⁷
344 896 442 936 quae
473 882 514 922 in
537 881 708 922 statione
732 889 839 921 erat:
875 881 1073 935 paulisper
1100 895 1178 921 una
1212 882 1399 934 proelium
1433 883 1645 924 sustinent.

165 950 366 1004 Relinquit
388 951 540 990 animus
553 948 734 990 Sextium
758 949 944 1003 grauibus
967 949 1138 1003 acceptis
1163 949 1412 990 uulneribus:
1439 965 1559 1004 aegre
1582 965 1650 1005 per
1669 952 1695 992 4

162 1032 300 1059 manus
324 1025 472 1059 tractus
495 1025 690 1058 seruatur.
736 1016 822 1057 Hoc
854 1018 981 1071 spatio
1011 1018 1245 1071 interposito
1276 1018 1414 1071 reliqui
1445 1033 1532 1059 sese
1555 1033 1649 1059 con·
1671 1019 1696 1060 5

162 1088 319 1127 firmant
340 1093 507 1136 tantum,
532 1093 576 1126 ut
597 1086 637 1126 in
663 1085 943 1126 munitionibus
967 1086 1188 1127 consistere
1210 1086 1380 1126 audeant
1401 1087 1649 1140 speciemque

161 1156 409 1195 defensorum
433 1155 660 1209 praebeant.
695 1153 856 1195 Interim
879 1155 1059 1195 confecta
1083 1154 1386 1195 frumentatione
1409 1154 1551 1195 milites
1574 1169 1644 1195 no-
1665 1155 1723 1199 39

160 1223 232 1263 stri
255 1223 464 1263 clamorem
487 1223 729 1263 exaudiunt:
766 1230 1030 1276 praecurrunt
1061 1223 1236 1276 equites3
1273 1229 1420 1276 quanto
1449 1236 1514 1263 res
1537 1223 1650 1264 sitin

162 1292 352 1343 periculo.
378 1298 638 1345 cognoscunt.
700 1290 774 1330 Hic
796 1305 891 1331 uero
916 1291 1020 1332 nulla
1043 1291 1207 1331 munitio
1231 1298 1314 1341 est,
1340 1305 1439 1344 quae
1462 1293 1648 1345 perterri-
1670 1291 1697 1331 2

163 1366 222 1398 tos
246 1359 432 1412 recipiat:
468 1360 581 1399 modo
614 1360 829 1413 conscripti
860 1367 979 1412 atque
1002 1374 1094 1399 usus
1118 1359 1298 1400 militaris
1323 1359 1489 1413 imperiti
1511 1361 1558 1400 ad
1580 1360 1649 1400 tri-

162 1427 306 1467 bunum
331 1428 493 1467 militum
518 1428 852 1481 centurionesque
874 1441 943 1467 ora
966 1435 1228 1477 conuertunt3
1265 1427 1354 1481 quid
1385 1428 1432 1467 ab
1455 1427 1513 1468 bis
1536 1442 1650 1482 prae—

164 1495 345 1547 cipiatur,
371 1502 600 1549 expectant.
645 1495 775 1536 Nemo
799 1503 859 1536 cst
883 1503 959 1535 tam
984 1496 1121 1545 sortis,
1158 1496 1248 1550 quin
1281 1496 1339 1536 rei
1362 1496 1537 1536 nouitate
1559 1510 1648 1550 per-
1671 1496 1696 1537 3

161 1563 355 1603 turbetur.
391 1562 561 1604 Barbari
584 1565 696 1617 signa
720 1564 853 1618 procul
877 1564 1092 1618 conspicati
1108 1563 1402 1618 obpugnatione
1424 1565 1643 1605 desistunt:
1669 1564 1694 1604 4

160 1631 312 1670 redisse
335 1632 458 1684 primo
481 1632 656 1685 legiones
680 1633 869 1681 credunt,
896 1645 991 1685 quas
1014 1632 1171 1686 longius
1195 1632 1429 1673 discessisse
1453 1646 1503 1672 ex
1527 1633 1648 1686 capti-

161 1699 220 1738 uis
244 1707 541 1752 cognouerant3
577 1707 710 1754 postea
744 1700 929 1753 despecta
962 1700 1159 1754 paucitate
1188 1713 1240 1740 ex
1269 1700 1450 1740 omnibus
1472 1701 1648 1754 partibus

160 1767 345 1820 impetum
388 1768 550 1808 faciunt.
615 1765 788 1808 Calones
821 1768 862 1808 in
902 1769 1125 1822 proximum
1160 1768 1350 1808 tumulum
1383 1777 1636 1822 procurrunt.
1662 1769 1723 1814 40

160 1834 262 1875 Hinc
284 1836 469 1876 celeriter
491 1836 633 1877 deiecti
658 1850 700 1876 se
722 1837 759 1876 in
784 1837 898 1890 signa
920 1837 1220 1891 manipulosque
1243 1837 1470 1878 coniciunt:
1497 1852 1544 1879 eo
1567 1853 1648 1879 ma-

159 1904 218 1957 gis
242 1904 398 1944 timidos
422 1912 647 1957 perterrent
668 1905 827 1945 milites.
893 1904 990 1955 Alii⁷
1015 1919 1142 1945 cuneo
1164 1906 1268 1946 facto
1290 1913 1334 1945 ut
1356 1906 1539 1946 celeriter
1560 1921 1648 1960 per-
1669 1907 1695 1947 2

160 1979 362 2025 rumpant,
395 1980 582 2023 censent,
609 1974 789 2026 quoniam
813 1981 888 2014 tam
912 1974 1127 2028 propinqua
1150 1974 1228 2014 sint
1251 1981 1406 2024 castra,
1442 1981 1480 2015 et
1503 1975 1534 2014 si
1558 1989 1648 2029 pars

161 2040 288 2092 aliqua
311 2040 577 2081 circumuenta
600 2042 809 2090 ceciderit,
846 2049 886 2082 at
907 2043 1081 2096 reliquos
1104 2042 1259 2082 seruari
1282 2056 1400 2096 posse
1424 2043 1646 2094 confidunt3

160 2108 251 2157 alii,
297 2115 339 2148 ut
369 2109 408 2148 iu
438 2109 529 2164 iugo
563 2111 781 2151 consistant
812 2118 929 2164 atque
962 2111 1126 2151 eundem
1160 2124 1297 2151 omnes
1331 2111 1460 2151 ferant
1495 2125 1643 2151 casum.
1669 2111 1694 2152 3

161 2175 246 2216 Hoc
268 2183 424 2218 ueteres
448 2192 526 2218 non
548 2179 714 2232 probant
735 2180 879 2220 milites
896 2211 905 2229 ‚
943 2193 1041 2232 quos
1075 2179 1146 2219 sub
1178 2179 1326 2219 uexillo
1348 2192 1426 2219 una
1448 2180 1646 2232 profectos
1669 2179 1694 2218 4

160 2245 374 2285 docuimus.
435 2245 571 2300 Itaque
594 2247 700 2287 inter
721 2262 764 2288 se
788 2248 983 2288 cohortati
1007 2248 1103 2288 duce
1125 2246 1226 2288 Gaio
1249 2246 1451 2287 Trebonio
1467 2279 1477 2297 ,
1514 2249 1646 2301 equite

301 2405 319 2437 3
339 2416 356 2438 e
375 2407 530 2439 manibus
551 2408 582 2438 I).
722 2409 741 2440 4
761 2418 833 2439 eum
854 2408 1027 2450 praesidio
1042 2408 1071 2439 B
1085 2407 1253 2449 ‘relz'qm·'‚
1276 2408 1306 2439 in
1328 2408 1499 2450 praesidio
1521 2408 1643 2441 bede.

299 2458 439 2490 Publius
459 2460 500 2499 B,
521 2459 557 2491 P.
580 2470 613 2492 11.
755 2462 772 2491 5
793 2461 833 2491 ad
847 2461 1030 2492 Caesarem
1050 2460 1151 2501 i-l(l›')
1166 2460 1234 2491 CD
1248 2461 1284 2499 b,
1307 2460 1392 2502 apud
1410 2459 1592 2491 Caesarem
1612 2471 1642 2491 e.

302 2511 490 2544 adduxerat
512 2514 542 2544 b.
700 2513 717 2544 7
737 2513 904 2544 inminere
924 2513 966 2544 B.
1133 2513 1153 2544 8
1173 2522 1249 2543 esse
1268 2522 1338 2543 rem
1358 2512 1388 2543 B
1406 2511 1484 2543 edd.
1505 2515 1589 2543 ante
1608 2522 1642 2546 v.

162 2571 229 2591 rem
249 2572 324 2594 esse
341 2563 391 2605 (e)
410 2569 444 2596 et
460 2568 537 2597 sine
555 2568 794 2597 annotatione
812 2576 848 2597 u.
1054 2565 1072 2597 9
1092 2570 1324 2607 consequntur
1342 2565 1384 2603 B,
1405 2571 1597 2607 sequuntur
1612 2578 1641 2597 ι’.

306 2615 339 2646 11
362 2616 528 2659 relinquid
547 2618 588 2656 B,
610 2617 750 2659 reliquit
771 2618 800 2649 :I
813 2617 843 2648 b.
972 2617 1111 2657 grauius
1130 2617 1175 2648 A.
1327 2616 1541 2658 uulneribus]
1562 2617 1643 2648 defi-

162 2664 255 2695 ciens
275 2665 356 2697 add.
377 2677 406 2698 e.
546 2668 586 2700 13
606 2679 764 2711 spemque
786 2668 1004 2700 defensorum
1026 2669 1055 2700 b.
1219 2669 1258 2700 15
1277 2679 1334 2700 res
1353 2668 1397 2700 sit
1414 2669 1443 2700 B
1462 2669 1539 2700 edd.
1560 2673 1644 2700 ante

160 2727 194 2750 η,
217 2717 260 2748 sit
281 2728 336 2749 res
356 2718 403 2760 (e)
423 2723 457 2751 et
475 2723 584 2751 meite
601 2731 636 2752 u.
768 2721 806 2753 17
826 2721 978 2763 impediti
1000 2721 1030 2752 b.
1150 2720 1307 2752 tribunos
1329 2721 1358 2751 b.
1483 2720 1521 2752 19
1540 2731 1643 2763 expe-

160 2773 253 2799 ctant
272 2768 313 2799 B.
453 2775 520 2801 tam
539 2781 607 2803 om.
628 2772 658 2803 B
678 2772 774 2803 ‘mss.
795 2771 838 2805 θ’.
1005 2771 1101 2814 quin]
1122 2772 1177 2813 qui
1197 2783 1262 2803 non
1284 2773 1315 2803 b.
1479 2772 1521 2804 20
1540 2772 1642 2814 obpu-

160 2819 319 2858 gnatione
340 2819 381 2850 B.
523 2822 565 2856 25
586 2822 708 2864 cuneo]
729 2833 803 2853 cum
822 2833 861 2854 eo
880 2823 921 2854 B.
1080 2821 1171 2854 facta
1190 2824 1233 2855 A.
1389 2822 1430 2855 27
1451 2823 1641 2855 ceciderint

160 2870 203 2909 Ι),
227 2870 393 2902 occiderit
413 2870 444 2902 b.
585 2873 626 2905 30
646 2872 728 2905 Gaio
747 2874 788 2914 B,
810 2873 847 2906 C.
868 2884 903 2905 u.

1328 2927 1412 2969 26*
