1835 3240
732 180 1155 222 ——180—

211 295 294 335 dem
319 307 438 334 sanus
460 293 514 333 ita
537 293 702 343 scribet,
728 302 771 334 ut
793 295 906 335 talem
928 308 1010 335 rem
1034 308 1105 348 per
1125 295 1308 348 ambages
1331 296 1545 350 eloquatur.
1579 299 1688 342 Haec

208 362 331 416 igitur
352 361 492 402 dextro
515 375 636 402 cornu
658 362 917 416 gerebantur,
943 362 989 402 de
1010 363 1198 410 sinistro,
1223 364 1285 404 ubi
1309 364 1390 418 ipse
1413 364 1564 407 Caesar
1585 375 1686 416 erat,

208 430 245 483 ξ.
269 429 296 470 4
319 430 413 470 haee
434 429 475 470 in
498 430 583 470 edd.
609 429 811 483 leguntur:
851 427 1040 469 ‘Sinistro
1063 443 1185 470 cornu
1207 431 1350 472 milites
1367 464 1376 482 ,
1402 447 1484 472 cum
1509 447 1562 474 ex
1582 435 1686 476 uallo

206 495 434 551 Pompeium
457 498 595 538 adesse
618 504 657 538 et
678 511 769 537 suos
793 497 930 549 fugere
953 504 1177 547 cernerent,
1194 498 1325 548 ueriti,
1341 513 1390 539 ne
1411 503 1603 554 angustiis
1625 504 1685 543 in·

207 564 546 614 tercluderentur,
578 579 664 604 cum
686 571 802 604 extra
825 571 863 604 et
884 564 988 604 intus
1011 564 1160 604 hostem
1186 565 1399 615 haberent,
1424 568 1558 608 eodem
1573 600 1583 619 ,
1609 584 1683 622 quo

206 639 422 681 uenerant,
446 633 622 685 receptui
645 632 716 672 sibi
740 631 1011 681 consulebant,
1037 632 1243 685 omniaque
1267 639 1379 672 erant
1402 635 1611 685 tumultus,
1637 637 1684 676 ti-

203 700 346 749 moris,
383 700 496 752 fugae
519 699 633 752 plena
649 731 659 748 ,
683 700 780 740 adeo
804 707 869 748 ut,
895 714 979 739 cum
1003 697 1156 740 Caesar
1177 700 1289 752 signa
1314 700 1543 752 fugientium
1565 716 1683 743 manu

204 768 462 822 prehenderet
483 773 522 805 et
544 766 764 808 consistere
781 767 949 817 iuberet,
966 767 1032 807 alii
1045 767 1216 807 dimissis
1231 768 1338 820 equis
1353 768 1515 808 eundem
1529 783 1684 810 cursum

201 836 460 884 conficerent⁷
485 833 550 874 alii
572 848 625 874 ex
647 842 751 875 metu
775 835 891 875 etiam
913 834 1028 888 signa
1050 835 1306 883 dimitterent,
1333 849 1458 888 neque
1481 837 1682 890 quisquam

203 903 362 943 omnino
377 901 644 942 consisteret'.
670 901 818 943 Verum
833 902 1004 942 datiuum
1021 903 1222 955 ‘receptui'
1239 904 1331 942 ferri
1349 917 1426 943 non
1441 918 1555 957 posse
1568 918 1681 958 aper-

201 977 281 1010 tum
304 975 387 1009 est:
414 976 522 1008 recte
541 967 798 1010 Vascosanus
820 969 1027 1010 ablatiuum
1050 969 1194 1023 posuit.
1230 967 1471 1023 Quamquam
1495 979 1681 1013 accurate

200 1038 298 1078 haec
320 1038 375 1077 ita
398 1035 562 1076 dicenda
584 1043 720 1076 erant:
747 1037 916 1087 ‘eodem,
931 1052 1006 1090 quo
1027 1044 1232 1087 uenerant,
1247 1038 1391 1078 itinere
1409 1038 1481 1078 sibi
1503 1040 1684 1080 consule-

198 1106 304 1147 bant'
320 1121 329 1155 3
346 1103 413 1144 sed
436 1104 525 1157 quia
546 1104 774 1144 hocitinere
788 1117 831 1144 se
848 1104 1101 1158 recipiebant,
1118 1105 1292 1160 generali
1306 1106 1497 1146 uocabulo
1510 1108 1680 1160 speciale

197 1172 450 1214 substitutum
474 1178 513 1211 et
535 1185 578 1212 ea
595 1203 605 1222 ,
631 1185 729 1224 quae
751 1171 808 1212 illi
829 1173 1130 1222 conueniebant‚
1154 1174 1242 1213 huic
1265 1174 1556 1214 accommodata
1575 1181 1678 1214 sunt.

195 1239 320 1281 Plane
332 1240 466 1280 eodem
480 1240 594 1279 modo
605 1241 764 1294 scripsit
776 1238 903 1280 Rutil.
927 1239 1030 1293 Lup.
1045 1241 1091 1280 de
1105 1241 1168 1293 lig.
1184 1239 1223 1280 ΙΙ
1236 1242 1269 1294 ἓ.
1287 1242 1306 1281 1
1324 1246 1505 1294 ‘magnus
1519 1241 1680 1281 ancilla·

195 1322 297 1358 rum,
313 1321 411 1360 quae
432 1306 715 1360 sequebantur,
732 1307 940 1347 comitatus
954 1308 1247 1361 appellabatur',
1265 1322 1351 1347 cum
1373 1308 1469 1348 hacc
1483 1308 1679 1361 signitica-

194 1383 277 1416 ret:
307 1380 464 1429 ‘magna
486 1375 692 1415 multitudo
715 1375 924 1416 comitatus
944 1375 1238 1429 appellabatur'.
1270 1373 1483 1428 Perperam
1515 1376 1548 1415 is
1570 1376 1679 1416 locus

194 1450 405 1497 corruptus
427 1443 535 1483 uisus
559 1449 634 1483 est.
659 1442 727 1483 Ex
749 1443 883 1484 eodem
906 1443 1009 1482 enim
1029 1456 1175 1496 genere
1200 1442 1295 1483 haec
1319 1449 1435 1482 sunt:
1463 1438 1548 1484 Cic.
1572 1441 1675 1483 Phil.

194 1509 310 1560 VIlI,
328 1511 367 1561 1,
382 1510 406 1551 3
429 1511 616 1551 ‘maiores
638 1511 765 1551 nostri
790 1511 993 1551 tumultum
1008 1509 1217 1560 Gallicum,
1233 1516 1436 1564 praeterea
1449 1511 1594 1552 nullum
1608 1526 1679 1552 no-

192 1578 405 1619 minabant'
430 1585 469 1619 et
491 1579 536 1619 de
559 1579 626 1618 off.
650 1577 724 1628 Ill,
753 1576 819 1628 10,
841 1578 896 1618 44
920 1582 1024 1618 ‘nam
1048 1578 1082 1618 si
1104 1578 1234 1618 omnia
1258 1578 1434 1618 facienda
1457 1579 1553 1628 sint,
1579 1593 1676 1632 quae

193 1646 307 1686 amici
330 1646 467 1695 uelint,
492 1660 571 1686 non
593 1647 789 1687 amicitiae
812 1646 927 1696 tales,
942 1646 1011 1686 sed
1034 1646 1326 1685 coniurationes
1350 1646 1542 1698 putandae
1564 1646 1671 1695 sint',

194 1712 314 1755 Caes.
330 1713 368 1753 b.
385 1712 487 1753 Gall.
499 1712 572 1764 Vl,
588 1712 659 1764 40,
672 1712 699 1754 6
712 1719 854 1767 ‘neque
868 1728 950 1753 eam
967 1727 1079 1766 quam
1095 1713 1289 1767 profuisse
1302 1713 1390 1753 aliis
1404 1714 1481 1753 uim
1496 1713 1676 1754 celerita-

193 1790 346 1835 temque
357 1781 689 1821 uiderantimitari
701 1781 940 1835 potuerunt',
957 1778 1052 1820 Sen.
1068 1781 1113 1820 de
1124 1780 1253 1821 benef.
1269 1779 1322 1831 ΙΙ,
1342 1782 1376 1832 l,
1390 1781 1528 1821 2‘nam
1540 1781 1676 1821 cumin

189 1850 380 1890 beneficio
402 1850 685 1891 iucundissima
708 1850 761 1889 sit
781 1848 990 1888 tribuentis
1013 1848 1207 1888 uoluntas’
1231 1855 1320 1888 cett.
1345 1856 1383 1888 et
1404 1848 1519 1902 epist.
1544 1846 1577 1898 I,
1594 1848 1635 1901 3,
1650 1848 1674 1888 5

193 1924 298 1958 ‘nam
321 1917 387 1957 illa
410 1917 576 1958 tumultu
599 1917 771 1972 gaudens
793 1931 871 1956 non
894 1923 955 1956 est
975 1916 1184 1965 industria,
1199 1917 1266 1956 sed
1290 1916 1516 1969 exagitatae
1530 1916 1674 1956 mentis

191 1986 458 2036 concursatio,
474 1991 513 2025 et
533 1984 629 2025 baec
652 1999 728 2025 non
743 1984 951 2037 estquies',
968 1983 1068 2024 Tac.
1085 1998 1177 2023 ann.
1191 1982 1310 2034 XIV,
1328 1984 1378 2024 15
1394 1990 1480 2024 ‘nec
1503 1984 1578 2024 ulla
1590 1998 1672 2024 mo-

188 2054 299 2096 ribus
323 2053 414 2093 olim
434 2053 630 2107 corruptis
652 2053 738 2106 plus
760 2051 961 2092 libidinum
982 2052 1356 2104 circumdeditquam
1370 2052 1438 2091 illa
1453 2052 1672 2094 colluuies'.

191 2119 267 2162 Sed
280 2121 440 2175 grauius
452 2127 637 2174 corrupta
648 2119 934 2160 suntinferiora
957 2119 1078 2159 uerba
1093 2119 1171 2158 ‘alii
1194 2119 1363 2158 dimissis
1385 2118 1492 2171 equis
1506 2119 1671 2159 eundem

188 2203 344 2229 cursum
366 2187 637 2229 conficerent'.
663 2186 837 2228 PrImum
855 2187 954 2227 enim
969 2187 1033 2239 qui
1048 2185 1517 2239 fugientibusinmentem
1532 2186 1669 2225 uenire

189 2263 360 2311 poterat,
377 2262 420 2295 ut
440 2269 559 2308 equos
577 2254 846 2294 dimitterent?
868 2252 1021 2294 Deinde
1045 2267 1106 2303 ea,
1131 2267 1229 2307 quae
1252 2253 1312 2292 bic
1335 2258 1548 2292 narrantur
1566 2252 1606 2291 in
1620 2252 1672 2291 si-

189 2325 315 2364 nistro
335 2337 456 2363 cornu
480 2322 735 2377 gerebantur,
760 2322 953 2375 equitatus
975 2328 1128 2370 autem,
1152 2328 1194 2361 ut
1213 2333 1331 2373 supra
1353 2320 1458 2367 dixi,
1486 2319 1611 2359 omnis
1631 2319 1671 2358 in

187 2391 328 2432 dextro
343 2405 464 2431 cornu
478 2397 562 2430 erat
573 2391 627 2444 (c.
642 2388 697 2431 68
707 2392 850 2442 extr.),
864 2390 979 2443 idque
992 2403 1013 2429 a
1025 2389 1186 2429 sinistro
1200 2386 1593 2438 e1·atseclusum((i9‚
1607 2386 1667 2439 3).

186 2458 365 2514 Apparet
383 2458 501 2511 igitur
515 2457 640 2498 nullos
655 2457 715 2497 hie
729 2471 848 2510 equos
861 2456 1156 2497 commemorari
1169 2456 1340 2509 potuisse
1357 2473 1365 2495 ε
1382 2469 1469 2495 nam
1481 2469 1534 2494 ex
1546 2454 1670 2507 legio-

187 2527 326 2576 nariis,
343 2526 405 2578 qui
429 2526 503 2565 soli
526 2539 612 2565 cum
627 2523 802 2565 Caesare
826 2531 955 2574 erant,
979 2538 1092 2564 nemo
1117 2524 1289 2577 profecto
1309 2536 1408 2575 equo
1432 2522 1665 2563 uehebatur.

189 2591 305 2646 Quod
318 2594 352 2634 si
365 2592 449 2646 quis
465 2593 558 2633 haec
571 2599 707 2647 postea
720 2591 929 2632 coniuncto
941 2592 980 2631 in
995 2592 1084 2644 fuga
1098 2598 1261 2643 utroque
1273 2605 1393 2630 cornu
1407 2597 1517 2643 gesta
1529 2589 1668 2630 existi-

189 2675 297 2702 mare
318 2660 452 2710 uellet,
468 2660 633 2713 primum
654 2660 710 2699 ita
733 2659 902 2699 rebusin
916 2659 1078 2699 sinistro
1092 2673 1214 2698 cornu
1226 2658 1348 2711 gestis
1361 2658 1665 2711 coniunguntur,

189 2736 232 2770 ut
262 2729 309 2770 de
341 2728 413 2768 hoc
430 2733 581 2767 tantum
601 2727 777 2780 intellegi
808 2727 981 2780 possint3
1007 2726 1144 2766 deinde
1176 2726 1347 2778 equitum
1370 2732 1447 2765 tam
1480 2725 1668 2779 exiguum

190 2802 276 2837 erat
296 2803 550 2845 momentum,
571 2801 614 2834 ut
636 2790 788 2835 Caesar
809 2794 1028 2847 perterritis
1050 2793 1278 2848 legionariis
1300 2799 1338 2833 et
1359 2792 1598 2847 fugientibus
1621 2791 1667 2831 de

191 2863 266 2904 illis
297 2863 514 2905 retinendis
537 2877 586 2904 ne
609 2862 784 2917 cogitare
806 2862 956 2915 quidem
979 2867 1128 2915 posset.
1171 2859 1224 2902 Et
1245 2869 1375 2903 tamen
1399 2859 1516 2902 uerba
1541 2857 1667 2911 ‘equis
