1835 3240
93 162 175 206 500
653 164 727 208 DE
759 164 949 209 BELLO
981 165 1155 208 CIVlLl

123 278 150 318 2
172 284 210 319 et
229 277 401 318 Arimini
433 277 622 330 habebat,
655 280 787 321 mittit.
833 278 958 321 Cuius
985 280 1156 321 aduentu
1180 282 1335 335 cognito
1358 282 1502 324 diffisus
1526 284 1651 324 muni-

172 345 260 400 cipii
282 346 475 387 uoluntati
498 346 696 388 Thermus
719 347 902 389 cohortes
925 362 977 388 ex
999 348 1096 388 urbe
1117 348 1270 389 reducit
1291 357 1331 390 et
1351 352 1536 405 profugit.
1572 350 1652 392 Mi-

170 413 258 454 lites
289 414 329 454 in
359 414 503 454 itinere
534 414 580 454 ab
614 428 660 454 eo
693 415 901 455 discedunt
931 430 977 456 ac
1015 416 1168 456 domum
1191 425 1462 459 reuertuntur.
1526 417 1649 460 Curio

122 480 147 521 3
169 496 319 522 summa
342 482 510 521 omnium
535 481 738 523 uoluntate
759 482 939 536 Iguuium
962 484 1115 537 recipit.
1166 482 1319 536 Quibus
1342 486 1459 527 rebus
1482 488 1650 541 cognitis

170 551 339 590 confisus
373 548 670 602 municipiorum
705 552 971 592 'uoluntatibus
995 549 1149 592 Caesar
1177 552 1359 592 cohortes
1380 553 1545 606 legionis
1566 562 1646 595 Xlll

170 632 223 658 ex
253 617 456 670 praesidiis
489 617 645 657 deducit
674 618 970 673 Auximumque
1003 619 1287 674 proficiscitur3
1331 621 1430 673 quod
1471 623 1649 676 oppidum

169 685 303 724 Attius
327 683 553 724 cohortibus
575 685 810 726 introductis
833 687 993 728 tenebat
1015 687 1285 740 delectumque
1308 694 1389 727 toto
1406 687 1554 729 Piceno
1576 691 1651 730 cir-

95 752 150 797 13
173 752 393 793 cummissis
416 753 667 793 senatoribus
692 754 872 795 habebat.
935 755 1122 795 Aduentu
1146 753 1334 796 Caesaris
1357 756 1515 810 cognito
1537 757 1652 798 decu—

168 821 300 861 riones
325 820 484 860 Auximi
518 821 566 861 ad
587 822 736 861 Attium
761 822 912 863 Varum
947 824 1172 876 frequentes
1202 824 1465 864 conueniunt:
1511 824 1653 865 docent

169 889 229 928 sui
251 888 384 928 iudicii
409 903 488 928 rem
514 903 591 929 non
623 903 735 940 esse3
771 905 897 944 neque
930 905 973 932 se
996 905 1121 944 neque
1143 891 1315 944 reliquos
1338 891 1552 946 municipes
1574 893 1653 946 pati

170 970 287 1012 posse
310 953 359 996 C.
376 953 589 997 Caesarem
612 958 908 1012 imperatorem,
933 959 1032 1000 bene
1055 960 1100 1000 de
1121 960 1321 1013 republica
1345 960 1539 1009 meritum,
1566 967 1651 1000 tan-

168 1025 217 1065 tis
239 1024 356 1064 rebus
378 1026 501 1078 gestis
524 1026 662 1079 oppido
685 1026 968 1080 moenibusque
991 1027 1212 1082 prohiberi:
1240 1027 1403 1081 proinde
1426 1028 1567 1068 habeat
1588 1041 1652 1068 ra-

119 1091 143 1132 2
169 1092 315 1132 tionem
349 1093 592 1146 posteritatis
624 1101 664 1134 et
693 1095 852 1148 periculi
887 1095 961 1135 sui.
1027 1093 1205 1147 Quorum
1243 1095 1421 1136 oratione
1452 1102 1650 1149 permotus

168 1159 299 1200 Varus
313 1161 566 1214 prae-sidium,
592 1163 997 1214 quodintroduxerat,
1025 1177 1073 1203 ex
1088 1163 1227 1216 oppido
1243 1164 1373 1203 educit
1395 1177 1439 1203 ac
1462 1165 1647 1217 profugit.

120 1227 144 1267 3
169 1227 282 1268 Hunc
306 1243 357 1267 ex
380 1229 504 1282 primo
536 1229 672 1269 ordine
695 1231 806 1282 pauci
831 1228 1019 1270 Caesaris
1042 1230 1244 1270 consecuti
1267 1230 1410 1270 milites
1433 1231 1652 1271 consistere

119 1295 143 1334 4
167 1300 397 1348 coegerunt.
443 1294 667 1336 Commisso
699 1297 847 1349 proelio
881 1297 1080 1337 deseritur
1112 1312 1134 1337 a
1165 1298 1248 1337 suis
1272 1296 1429 1337 Varus:
1466 1298 1651 1338 nonnulla

169 1377 260 1417 pars
291 1363 455 1403 militum
490 1364 643 1404 domum
677 1365 868 1415 discedit,
900 1365 1039 1418 reliqui
1071 1366 1117 1405 ad
1143 1363 1360 1406 Caesarem
1390 1365 1648 1419 perueniunt,

166 1438 282 1484 atque
306 1445 382 1471 una
405 1445 489 1471 cum
514 1432 560 1472 iis
583 1432 798 1486 deprensus
823 1431 873 1472 L.
897 1431 1062 1487 PupiuS,
1089 1433 1200 1487 primi
1225 1433 1288 1487 pili
1312 1433 1505 1482 centurio,
1531 1434 1651 1474 addu-

168 1500 293 1548 citur,
328 1499 391 1552 qui
426 1499 525 1539 huuc
558 1501 722 1540 eundem
754 1501 928 1541 ordinem
964 1502 1002 1541 in
1026 1502 1207 1542 exercitu
1231 1499 1308 1541 Cn.
1333 1500 1510 1555 Pompeii
1533 1509 1650 1542 antea

119 1567 142 1608 5
167 1568 351 1607 duxerat.
397 1567 450 1607 At
474 1566 628 1608 Cacsar
650 1569 792 1609 milites
815 1569 1001 1610 Attianos
1024 1570 1255 1618 conlaudat,
1288 1567 1454 1623 Pupium
1478 1569 1650 1619 dimittit,

165 1636 446 1675 Auximatibus
478 1637 561 1689 agit
594 1638 743 1689 gratias
774 1651 895 1690 seque
927 1651 1061 1678 eorum
1085 1638 1177 1678 facti
1200 1651 1410 1678 memorem
1434 1639 1517 1678 fore
1542 1638 1651 1691 polli-

92 1703 148 1747 14
169 1710 296 1745 cetur.
343 1701 496 1756 Quibus
527 1705 644 1745 rebus
668 1704 832 1745 Romam
865 1706 1052 1746 nuntiatis
1083 1712 1214 1745 tantus
1247 1714 1409 1759 repente
1440 1713 1570 1745 terror
1590 1706 1650 1745 in-

166 1772 295 1820 uasit,
321 1778 363 1811 ut
379 1803 389 1820 ,
427 1786 512 1811 cum
536 1770 731 1813 Lentulus
754 1775 891 1813 consul
915 1774 960 1813 ad
984 1774 1234 1827 aperiendum
1258 1774 1451 1813 aerarium
1473 1773 1651 1813 uenisset

168 1839 215 1880 ad
238 1840 441 1893 pecuniam
466 1838 653 1894 Pompeio
682 1855 730 1880 ex
755 1843 1103 1882 senatusconsulto
1137 1842 1436 1895 proferendam,
1473 1841 1649 1894 protinus

167 1914 304 1962 aperto
327 1908 525 1948 sanctiore
548 1909 703 1949 aerario
727 1923 778 1949 ex
801 1910 896 1949 urbe
919 1911 1159 1964 profugeret.
1208 1907 1361 1949 Caesar
1382 1909 1484 1949 enim
1509 1909 1653 1948 aduen-

120 1977 147 2017 2
169 1983 253 2016 tare
276 1975 349 2015 iam
373 1975 527 2029 iamque
551 1983 589 2016 et
610 1978 749 2017 adesse
771 1978 856 2017 eius
881 1979 1031 2032 equites
1057 1977 1154 2017 falso
1178 1977 1477 2018 nuntiabantur.
1534 1975 1650 2016 Hunc

120 2044 143 2084 3
168 2042 383 2085 Marcellus
406 2044 556 2098 collega
580 2051 618 2084 et
641 2044 813 2099 plerique
825 2046 1078 2099 magistratus
1091 2046 1292 2086 consecuti
1314 2052 1417 2086 sunt.
1444 2042 1520 2085 Cn.
1535 2042 1651 2084 Pom-

167 2112 278 2166 peius
303 2111 427 2166 pridie
459 2111 542 2152 eius
572 2112 646 2152 diei
680 2126 732 2153 ex
761 2114 856 2153 urbe
881 2115 1078 2168 profectus
1100 2114 1178 2154 iter
1198 2114 1246 2155 ad
1267 2113 1443 2167 legiones
1467 2112 1647 2161 habebat,

168 2193 264 2233 quas
288 2194 308 2219 a
333 2176 509 2221 Caesare
531 2187 713 2235 acceptas
735 2181 775 2222 in
797 2181 940 2235 Apulia
965 2182 1213 2223 hibernorum
1246 2195 1365 2221 causa
1387 2180 1647 2233 disposuerat.

120 2247 146 2288 4
167 2245 356 2289 Delectus
387 2247 493 2288 circa
524 2247 660 2289 urbem
692 2248 1030 2292 intermittuntur:
1063 2249 1164 2291 nituit
1190 2249 1290 2290 citra
1323 2245 1496 2302 Capuam
1529 2254 1650 2287 tutum

166 2329 256 2357 esse
269 2314 449 2357 omnibus
471 2315 645 2357 uidetur.
670 2313 832 2372 Capuae
853 2317 1018 2372 primum
1039 2331 1128 2360 sese
1149 2317 1382 2358 confirmant
1403 2321 1443 2357 et
1463 2315 1653 2370 colligunt

314 2407 328 2441 ¹
349 2406 502 2440 Arimino
521 2418 542 2439 a
556 2408 588 2440 b.
752 2409 958 2452 municipum
977 2409 1039 2442 cd.
1208 2410 1229 2442 2
1248 2407 1419 2441 uoluntati
1437 2406 1648 2448 Stephanus,

169 2457 357 2490 uoluntatis
373 2469 395 2490 a
408 2459 450 2500 b,-
469 2458 648 2491 uoluntate
666 2470 742 2491 cum
763 2460 904 2501 aliquot
921 2460 1010 2492 dett.
1031 2470 1066 2492 u.
1245 2459 1381 2491 reducit
1399 2458 1514 2498 codd.,
1535 2457 1651 2490 educit

168 2508 286 2541 Aldus
303 2518 339 2541 u.
480 2508 529 2551 et]
549 2518 588 2540 ac
609 2509 640 2541 b.
781 2511 798 2542 12
820 2520 949 2543 summa
966 2510 1111 2542 omniurn
1127 2509 1375 2552 aSteplzanus,
1397 2509 1543 2541 omnium
1561 2518 1650 2540 sum—

169 2569 223 2592 ma
241 2563 379 2591 ceterae
397 2558 476 2590 edd.
663 2559 682 2590 6
701 2560 835 2592 reducit
854 2571 883 2592 e.
1082 2561 1341 2603 Auxiiniumque
1361 2564 1394 2592 el
1413 2561 1431 2593 9
1450 2559 1599 2592 Auximii
1619 2559 1650 2591 b.

314 2611 332 2644 7
352 2610 470 2642 Actius
490 2620 511 2641 a
530 2614 564 2640 et
581 2611 633 2641 sz'c
651 2615 717 2643 aut
731 2612 856 2643 Accius
878 2611 987 2643 ‘al1·z·'.
1197 2612 1423 2653 dilectumque
1443 2613 1506 2643 ab.

170 2664 189 2695 ⁹
208 2662 331 2695 Rarum
349 2671 383 2693 a.
549 2660 588 2693 16
608 2662 794 2702 coegerunt
813 2673 833 2693 α
855 2663 949 2693 ‘ms-S.
970 2661 1012 2700 7⁹,
1035 2667 1161 2703 coguut
1177 2673 1212 2694 n.
1366 2662 1406 2694 18
1425 2662 1610 2705 deprensus
1629 2672 1650 2693 a

171 2715 200 2754 b,
223 2712 454 2757 deprehensus
473 2723 508 2743 u.
652 2712 708 2754 L.]
728 2713 811 2745 SLa
826 2714 843 2745 b
857 2713 891 2745 d.
1032 2714 1075 2747 20
1095 2715 1330 2747 conlaudata.
1473 2714 1602 2758 Pipiuin
1614 2723 1648 2746 α.

313 2765 350 2797 21
373 2762 584 2796 Auximabus
603 2773 636 2802 a,
657 2764 870 2796 Auximabiis
891 2764 922 2795 b.
1062 2765 1104 2797 25
1122 2766 1279 2798 sanciorc
1292 2777 1325 2798 α,
1467 2766 1509 2800 29
1528 2765 1650 2808 hyber-

171 2825 288 2847 norum
307 2825 341 2847 a.
482 2813 524 2847 30
543 2813 691 2846 dilectus
711 2825 731 2846 a
753 2816 848 2846 ‘mss.
871 2814 911 2845 5’.
1055 2815 1147 2848 eirca
1166 2826 1252 2859 ego‚·
1271 2817 1356 2849 citra
1376 2827 1414 2859 a,
1437 2820 1556 2849 contra
1578 2815 1595 2846 ὁ
1609 2825 1648 2854 c;

169 2868 258 2899 intra
278 2877 312 2898 ιι.
454 2864 493 2899 31
516 2863 606 2907 sese]
627 2875 704 2899 esse
721 2877 742 2898 a
764 2867 858 2898 ίηιεε.
883 2866 923 2898 7’.

1685 900 1726 933 10

1684 1238 1724 1271 15

1683 1577 1725 1611 20

1683 1916 1725 1948 25

1683 2254 1726 2287 30
