1835 3240
95 200 179 241 772
777 196 1055 240 CAESARIS

173 312 291 353 etiam
323 311 647 366 progrediendum
672 311 739 351 tibi
765 325 840 350 non
863 311 1150 351 existimasses.
1195 309 1375 365 Namque
1397 319 1436 353 et
1456 313 1650 355 amicitiae

174 380 398 434 grauiorem
429 379 609 419 iniuriam
635 378 775 418 seceris
798 385 836 418 et
858 378 923 417 tibi
948 380 1072 419 minus
1096 379 1295 419 commode
1317 381 1585 427 consulueris,
1619 381 1652 421 si

173 462 252 488 non
276 448 456 488 fortunae
482 447 691 485 obsecutus
715 446 899 486 uidebere
922 447 1071 492 (onmia
1093 447 1194 486 enim
1217 447 1499 488 secundissima
1521 449 1648 498 nobis,

173 515 453 556 aduersissima
486 514 563 553 illis
595 514 786 554 accidisse
818 515 1017 564 uidentur)
1040 527 1112 553 nec
1134 528 1291 554 eausam
1314 521 1472 554 secutus
1498 517 1653 566 (eadem

172 583 274 624 enim
299 590 377 623 tum
401 583 485 630 fuit,
511 595 596 620 eum
619 581 665 620 ab
688 595 821 621 eorum
844 581 1019 621 consiliis
1042 581 1178 621 abesse
1201 581 1413 634 iudicasti),
1434 583 1502 622 sed
1525 596 1650 622 meum
1683 592 1701 621 5

173 651 326 703 aliquod
350 651 488 689 factum
513 648 860 699 condemnauisse3
879 662 953 701 quo
973 649 1065 688 mihi
1087 649 1247 701 grauius
1264 650 1332 689 abs
1352 657 1388 689 te
1406 651 1457 689 nil
1475 650 1653 690 accidere

173 725 315 772 potest.
351 715 463 768 Quod
487 730 535 756 ne
561 717 704 764 l'aeias,
738 731 807 769 pro
831 717 913 757 iure
936 724 1094 758 nostrae
1117 717 1311 756 amicitiae
1333 732 1353 756 a
1378 724 1414 757 te
1438 724 1540 771 peto.
1575 716 1650 757 Po-

172 792 319 825 stremo
347 785 434 837 quid
459 784 544 824 uiro
567 784 668 824 bono
691 791 731 823 et
752 784 882 836 quieto
905 792 944 825 et
965 784 1066 824 bono
1090 784 1165 823 ciui
1189 785 1312 838 magis
1336 785 1521 825 conuenit
1542 799 1653 837 quam

173 853 314 892 abesse
337 867 359 892 a
379 853 559 892 ciuilibus
577 853 890 893 controuersiis?
913 850 1028 905 Quod
1047 852 1223 891 nonnulli
1241 866 1326 891 eum
1347 853 1570 906 probarent,
1589 866 1655 905 pe-

174 919 288 960 riculi
322 933 441 959 causa
473 921 582 973 sequi
607 935 683 960 non
708 928 932 973 potuerunt.
966 919 1029 959 Tu
1052 919 1256 973 explorato
1279 926 1319 959 et
1342 920 1445 960 uitae
1465 933 1577 960 meae
1601 927 1657 959 te·
1692 926 1730 959 10

172 988 356 1028 stimonio
380 994 419 1027 et
440 988 634 1028 amicitiae
656 988 800 1028 iudicio
824 1001 948 1041 neque
972 988 1092 1027 tutius
1117 1001 1241 1040 neque
1260 987 1462 1028 honestius
1481 987 1654 1040 reperies

173 1056 376 1109 quicquam
410 1070 522 1108 quam
556 1056 602 1095 ab
632 1057 735 1095 omni
769 1055 1022 1095 contentione
1055 1055 1210 1094 abesse.
1244 1061 1307 1094 XV
1329 1052 1418 1094 Hal.
1444 1054 1571 1095 Maias
1604 1069 1655 1095 ex

171 1123 340 1163 itinere'.

826 1204 883 1253 (a.
910 1201 1002 1253 47.)

291 1269 379 1310 Cic.
405 1267 460 1309 (ul
478 1269 593 1309 Fam.
618 1269 750 1320 XIV,
770 1268 849 1309 ⁶23:
886 1269 1078 1310 Redditae
1100 1269 1192 1309 mihi
1217 1268 1370 1308 tandem
1395 1275 1487 1307 sunt
1510 1281 1530 1307 a
1556 1266 1656 1307 Cae-
1692 1274 1729 1306 15

170 1350 259 1376 sare
282 1336 437 1376 litterae
460 1336 555 1375 satis
577 1336 775 1378 liberales.
812 1337 893 1377 Pro
912 1339 1011 1393 Lig.
1034 1337 1074 1386 3,
1095 1337 1143 1377 7:
1169 1336 1283 1390 Apud
1309 1350 1419 1389 quem
1443 1335 1561 1388 igitur
1583 1335 1656 1375 hoe

172 1405 288 1444 dico?
308 1403 463 1456 Nempe
486 1405 583 1457 apud
607 1419 710 1455 eum,
737 1405 817 1459 qui,
842 1421 925 1445 cum
951 1407 1022 1445 hoc
1045 1405 1180 1454 sciret,
1198 1411 1328 1443 tamen
1351 1417 1428 1452 me,
1447 1410 1654 1453 antequam

174 1472 285 1522 uidit,
310 1471 546 1524 reipublicae
568 1473 732 1513 reddidit
752 1491 761 1524 ς
789 1474 851 1526 qui
876 1474 921 1513 ad
946 1487 1005 1513 me
1029 1487 1080 1513 ex
1098 1473 1280 1527 Aegypto
1303 1471 1454 1511 litteras
1477 1471 1596 1520 misit,
1615 1477 1657 1510 ut

172 1553 300 1580 essem
322 1540 421 1579 idem
440 1570 449 1586 ,
485 1539 547 1592 qui
572 1540 760 1590 fuissem,
793 1542 854 1593 qui
879 1555 964 1580 cum
987 1541 1070 1594 ipse
1092 1541 1305 1595 imperator
1326 1540 1365 1579 in
1389 1546 1469 1578 toto
1491 1539 1655 1592 imperio

171 1607 299 1661 populi
324 1606 491 1648 Romani
516 1622 615 1647 unus
639 1616 760 1658 esset,
786 1622 874 1649 esse
897 1623 957 1649 me
980 1610 1145 1649 alterum
1167 1622 1305 1663 passus
1328 1615 1415 1656 est3
1444 1621 1465 1647 a
1487 1621 1561 1659 quo
1585 1607 1655 1646 hoe
1685 1612 1728 1644 ‘20

170 1675 255 1730 ipso
279 1672 327 1715 C.
353 1673 485 1716 Pansa
508 1676 599 1715 mihi
624 1677 801 1717 nuntium
825 1678 1048 1730 perferente
1070 1690 1283 1716 concessos
1306 1676 1502 1715 laureatos
1526 1676 1654 1714 fasces

170 1743 292 1792 tenui,
314 1745 439 1796 quoad
463 1745 653 1784 tenendos
677 1746 804 1798 putaui
822 1762 831 1794 ς
847 1745 908 1798 qui
932 1745 1023 1785 mihi
1047 1752 1126 1784 tum
1150 1745 1315 1796 denique
1338 1756 1380 1782 se
1402 1741 1563 1781 salutem
1588 1755 1654 1794 pu-

171 1812 270 1851 tauit
298 1812 488 1860 reddere,
523 1812 555 1851 si
590 1825 673 1850 eam
708 1812 823 1852 nullis
855 1812 1058 1866 spoliatam
1083 1811 1324 1852 ornamentis
1348 1810 1533 1849 dedisset.
1568 1808 1652 1849 Pro

170 1880 309 1920 Der'ot.
330 1878 396 1928 14,
411 1878 488 1919 38:
523 1877 639 1919 Iubes
663 1879 764 1918 enim
788 1879 885 1919 bene
908 1893 1066 1933 sperare
1090 1887 1128 1920 et
1149 1880 1251 1919 bono
1275 1892 1361 1918 esse
1381 1877 1510 1917 animo
1526 1892 1535 1925 3
1553 1875 1653 1928 quod

171 1945 252 1985 seio
276 1953 313 1985 te
336 1961 413 1986 non
439 1948 586 1986 frustra
608 1946 780 1987 seribere
803 1947 946 1986 solere.
995 1946 1157 1987 Memini
1181 1947 1281 1986 enim
1306 1947 1440 1986 iisdem
1466 1945 1546 1984 sere
1567 1956 1654 1982 uer·
1684 1949 1725 1981 25

171 2013 230 2053 bis
259 2013 305 2053 ad
337 2028 397 2053 me
420 2021 457 2054 te
480 2014 654 2054 scribere
678 2028 814 2067 meque
839 2015 914 2054 tuis
938 2015 1079 2054 litteris
1102 2015 1200 2054 bene
1224 2027 1384 2067 sperare
1406 2026 1484 2053 non
1508 2013 1650 2051 frustra

172 2095 259 2121 esse
281 2082 445 2122 iussum.

824 2164 881 2209 (a.
908 2160 999 2214 45.)

289 2227 376 2274 Cio.
403 2227 459 2268 ad
478 2229 573 2269 Alc.
598 2227 729 2276 ᾸἸΙῙ,
749 2228 790 2278 7,
821 2228 837 2267 'l
856 2245 864 2268 ε
902 2227 1057 2269 Sestius
1079 2229 1177 2282 apud
1200 2243 1260 2269 me
1284 2229 1354 2268 fuit
1375 2234 1413 2267 et
1428 2224 1647 2278 Theopom-

171 2309 239 2349 pus
263 2296 385 2349 pridie
405 2313 413 2334 :
441 2296 597 2336 uenisse
620 2310 640 2335 a
664 2292 841 2336 Caesare
863 2298 1050 2337 narrabat
1071 2297 1248 2346 litteras,
1271 2296 1342 2335 hoc
1364 2294 1549 2341 scribere,
1574 2290 1647 2330 sibi
1679 2296 1720 2328 30

172 2369 318 2403 certum
343 2377 432 2403 esse
456 2362 606 2403 Romae
631 2377 790 2403 manere
806 2394 815 2412 ,
842 2377 1077 2418 causamque
1100 2378 1183 2406 eam
1207 2362 1419 2410 ascribere,
1443 2372 1542 2413 quae
1565 2364 1649 2398 erat

314 2533 332 2565 3
353 2533 529 2575 uidebere]
552 2539 586 2565 ut
605 2534 749 2567 deberes
768 2535 958 2567 Medieeus.
1110 2534 1127 2566 7
1147 2538 1225 2576 puto
1244 2535 1326 2564 ante
1344 2541 1437 2562 corr.
1459 2527 1650 2560 Mediceus.

318 2585 357 2615 10
369 2590 551 2626 potuerunt
573 2596 635 2626 quo
655 2591 689 2618 et
702 2587 832 2628 plorato
845 2590 927 2618 ante
940 2595 1030 2617 corr.
1047 2585 1235 2616 Medic-eus.
1384 2583 1417 2615 ll
1437 2581 1495 2623 Cf·
1509 2590 1560 2621 01)-
1572 2580 1603 2617 92
1618 2579 1626 2610 l
1639 2603 1646 2610 ·

317 2635 356 2666 15
373 2635 429 2677 Cs.
452 2636 497 2666 αα
514 2636 591 2667 ΛΗ.
607 2636 667 2676 XI,
688 2638 743 2676 23,
763 2638 795 2667 2.
816 2638 871 2677 24,
893 2638 925 2668 4.
945 2636 992 2667 od
1007 2635 1107 2667 Fam.
1127 2634 1220 2673 XIV,
1240 2634 1297 2665 ⁴24.
1435 2632 1477 2664 20
1496 2641 1548 2661 lue
1567 2632 1650 2661 ante

174 2696 247 2718 cum
259 2687 445 2727 (imponit
461 2687 702 2719 Coloniensis.
813 2689 851 2720 ‘21
868 2687 948 2718 mihi
961 2688 1047 2717 bunc
1063 2685 1211 2716 nuntium
1225 2684 1336 2716 schol.
1354 2682 1648 2715 Gronom‘z‘eteo-

175 2739 358 2769 (oniensis.
518 2738 690 2769 laureatos
712 2739 823 2771 fasces
845 2739 1085 2780 Ezsurlerzsz‘8‚
1108 2735 1217 2768 fasces
1239 2737 1412 2768 laureatos
1432 2735 1484 2767 ed.
1508 2733 1648 2766 Orelli&

314 2790 356 2823 22
368 2790 510 2821 salutem
532 2801 567 2822 se
587 2790 824 2821 coloniensis.
963 2790 1004 2821 23
1017 2789 1161 2820 reddere
1179 2789 1405 2830 &sartensis
1424 2790 1459 2818 et
1475 2786 1652 2818 Ueronien-

170 2852 223 2872 ses
242 2843 406 2882 quinque,
429 2842 510 2873 dare
530 2844 649 2873 celeri.
806 2843 848 2873 ’24
868 2841 954 2873 enim
973 2840 1212 2882 Erffttr‘terzse's,
1235 2841 1322 2872 enim
1342 2850 1413 2871 eum
1433 2839 1487 2871 ed.
1509 2837 1647 2871 Orelliz'.
