<?xml version="1.0" encoding="UTF-8"?>
<!DOCTYPE html PUBLIC "-//W3C//DTD XHTML 1.0 Transitional//EN"
    "http://www.w3.org/TR/xhtml1/DTD/xhtml1-transitional.dtd">
<html xmlns="http://www.w3.org/1999/xhtml" xml:lang="en" lang="en">
 <head>
  <title>
</title>
<meta http-equiv="Content-Type" content="text/html;charset=utf-8" />
  <meta name='ocr-system' content='tesseract 3.04.00' />
  <meta name='ocr-capabilities' content='ocr_page ocr_carea ocr_par ocr_line ocrx_word'/>
</head>
<body>
  <div class='ocr_page' id='page_1' title='image "./commentarii00caesuoft_0357.png"; bbox 0 0 1835 3240; ppageno 0'>
   <div class='ocr_carea' id='block_1_1' title="bbox 70 900 110 932">
    <p class='ocr_par' dir='ltr' id='par_1_1' title="bbox 70 900 110 932">
     <span class='ocr_line' id='line_1_1' title="bbox 70 900 110 932; baseline 0 0"><span class='ocrx_word' id='word_1_1' title='bbox 70 900 110 932; x_wconf 88' lang='lat'>10</span> 
     </span>
    </p>
   </div>
   <div class='ocr_carea' id='block_1_2' title="bbox 71 1237 109 1268">
    <p class='ocr_par' dir='ltr' id='par_1_2' title="bbox 71 1237 109 1268">
     <span class='ocr_line' id='line_1_2' title="bbox 71 1237 109 1268; baseline 0 0"><span class='ocrx_word' id='word_1_2' title='bbox 71 1237 109 1268; x_wconf 80' lang='lat'>15</span> 
     </span>
    </p>
   </div>
   <div class='ocr_carea' id='block_1_3' title="bbox 546 165 1696 214">
    <p class='ocr_par' dir='ltr' id='par_1_3' title="bbox 546 165 1696 214">
     <span class='ocr_line' id='line_1_3' title="bbox 546 165 1696 214; baseline 0.003 -3"><span class='ocrx_word' id='word_1_3' title='bbox 546 167 729 211; x_wconf 85' lang='lat' dir='ltr'><strong>COMM.</strong></span> <span class='ocrx_word' id='word_1_4' title='bbox 753 166 832 211; x_wconf 88' lang='lat' dir='ltr'>IIII</span> <span class='ocrx_word' id='word_1_5' title='bbox 854 165 978 210; x_wconf 91' lang='lat' dir='ltr'><strong>CAP.</strong></span> <span class='ocrx_word' id='word_1_6' title='bbox 1003 166 1200 210; x_wconf 75' lang='lat'><strong>34—38.</strong></span> <span class='ocrx_word' id='word_1_7' title='bbox 1616 172 1696 214; x_wconf 89' lang='grc'>347</span> 
     </span>
    </p>
   </div>
   <div class='ocr_carea' id='block_1_4' title="bbox 140 281 1704 1963">
    <p class='ocr_par' dir='ltr' id='par_1_4' title="bbox 140 281 1704 1963">
     <span class='ocr_line' id='line_1_4' title="bbox 144 281 1666 340; baseline 0 -14"><span class='ocrx_word' id='word_1_8' title='bbox 144 285 252 340; x_wconf 82' lang='lat' dir='ltr'>Quos</span> <span class='ocrx_word' id='word_1_9' title='bbox 276 291 383 324; x_wconf 82' lang='lat' dir='ltr'>tanto</span> <span class='ocrx_word' id='word_1_10' title='bbox 406 282 531 337; x_wconf 83' lang='lat' dir='ltr'>spatio</span> <span class='ocrx_word' id='word_1_11' title='bbox 553 283 695 333; x_wconf 90' lang='lat' dir='ltr'>secuti,</span> <span class='ocrx_word' id='word_1_12' title='bbox 730 290 917 336; x_wconf 84' lang='lat' dir='ltr'>quantum</span> <span class='ocrx_word' id='word_1_13' title='bbox 940 296 1056 322; x_wconf 88' lang='lat' dir='ltr'>cursu</span> <span class='ocrx_word' id='word_1_14' title='bbox 1079 288 1117 322; x_wconf 88' lang='lat' dir='ltr'>et</span> <span class='ocrx_word' id='word_1_15' title='bbox 1139 281 1290 322; x_wconf 90' lang='lat' dir='ltr'>uiribus</span> <span class='ocrx_word' id='word_1_16' title='bbox 1314 283 1464 323; x_wconf 85' lang='lat' dir='ltr'>efficere</span> <span class='ocrx_word' id='word_1_17' title='bbox 1486 292 1619 337; x_wconf 89' lang='lat' dir='ltr'>potue·</span> <span class='ocrx_word' id='word_1_18' title='bbox 1642 284 1666 325; x_wconf 86' lang='lat'><strong>3</strong></span> 
     </span>
     <span class='ocr_line' id='line_1_5' title="bbox 142 349 1621 405; baseline -0.001 -12"><span class='ocrx_word' id='word_1_19' title='bbox 142 359 257 402; x_wconf 87' lang='lat' dir='ltr'>runt,</span> <span class='ocrx_word' id='word_1_20' title='bbox 284 352 491 405; x_wconf 78' lang='lat' dir='ltr'><strong>conplures</strong></span> <span class='ocrx_word' id='word_1_21' title='bbox 515 365 566 391; x_wconf 84' lang='lat' dir='ltr'>ex</span> <span class='ocrx_word' id='word_1_22' title='bbox 588 352 634 391; x_wconf 90' lang='lat' dir='ltr'>iis</span> <span class='ocrx_word' id='word_1_23' title='bbox 657 352 884 391; x_wconf 88' lang='lat' dir='ltr'>occiderunt</span> <span class='ocrx_word' id='word_1_24' title='bbox 902 381 911 398; x_wconf 86' lang='lat'>,</span> <span class='ocrx_word' id='word_1_25' title='bbox 944 350 1083 389; x_wconf 90' lang='lat' dir='ltr'>deinde</span> <span class='ocrx_word' id='word_1_26' title='bbox 1116 349 1295 389; x_wconf 91' lang='lat' dir='ltr'>omnibus</span> <span class='ocrx_word' id='word_1_27' title='bbox 1327 349 1444 402; x_wconf 86' lang='lat' dir='ltr'>longe</span> <span class='ocrx_word' id='word_1_28' title='bbox 1467 351 1621 404; x_wconf 82' lang='lat' dir='ltr'>lateque</span> 
     </span>
     <span class='ocr_line' id='line_1_6' title="bbox 140 416 1697 471; baseline -0.003 -10"><span class='ocrx_word' id='word_1_29' title='bbox 140 419 329 461; x_wconf 83' lang='lat' dir='ltr'>aediliciis</span> <span class='ocrx_word' id='word_1_30' title='bbox 351 419 524 459; x_wconf 82' lang='lat' dir='ltr'>incensis</span> <span class='ocrx_word' id='word_1_31' title='bbox 556 433 598 459; x_wconf 92' lang='lat' dir='ltr'>se</span> <span class='ocrx_word' id='word_1_32' title='bbox 620 419 660 458; x_wconf 90' lang='lat' dir='ltr'>in</span> <span class='ocrx_word' id='word_1_33' title='bbox 683 426 811 459; x_wconf 84' lang='lat' dir='ltr'>castra</span> <span class='ocrx_word' id='word_1_34' title='bbox 834 425 1081 471; x_wconf 86' lang='lat' dir='ltr'>receperunt.</span> <span class='ocrx_word' id='word_1_35' title='bbox 1145 416 1294 457; x_wconf 90' lang='lat' dir='ltr'>Eodem</span> <span class='ocrx_word' id='word_1_36' title='bbox 1326 417 1386 457; x_wconf 88' lang='lat' dir='ltr'>die</span> <span class='ocrx_word' id='word_1_37' title='bbox 1419 418 1538 471; x_wconf 84' lang='lat' dir='ltr'>legati</span> <span class='ocrx_word' id='word_1_38' title='bbox 1570 419 1616 457; x_wconf 91' lang='lat' dir='ltr'>ab</span> <span class='ocrx_word' id='word_1_39' title='bbox 1639 418 1697 462; x_wconf 84' lang='grc'>36</span> 
     </span>
     <span class='ocr_line' id='line_1_7' title="bbox 142 481 1672 538; baseline -0.002 -9"><span class='ocrx_word' id='word_1_40' title='bbox 142 487 318 529; x_wconf 78' lang='lat' dir='ltr'>hostibus</span> <span class='ocrx_word' id='word_1_41' title='bbox 341 486 448 526; x_wconf 84' lang='lat' dir='ltr'>missi</span> <span class='ocrx_word' id='word_1_42' title='bbox 471 487 518 527; x_wconf 84' lang='lat' dir='ltr'>ad</span> <span class='ocrx_word' id='word_1_43' title='bbox 542 484 757 527; x_wconf 74' lang='lat' dir='ltr'>Caesarem</span> <span class='ocrx_word' id='word_1_44' title='bbox 783 487 828 525; x_wconf 88' lang='lat' dir='ltr'>de</span> <span class='ocrx_word' id='word_1_45' title='bbox 852 499 946 538; x_wconf 89' lang='lat' dir='ltr'>pace</span> <span class='ocrx_word' id='word_1_46' title='bbox 968 492 1179 525; x_wconf 89' lang='lat' dir='ltr'>uenerunt.</span> <span class='ocrx_word' id='word_1_47' title='bbox 1224 484 1297 525; x_wconf 90' lang='lat' dir='ltr'>His</span> <span class='ocrx_word' id='word_1_48' title='bbox 1316 481 1468 525; x_wconf 84' lang='lat' dir='ltr'>Caesar</span> <span class='ocrx_word' id='word_1_49' title='bbox 1489 499 1624 526; x_wconf 89' lang='lat' dir='ltr'>nume·</span> <span class='ocrx_word' id='word_1_50' title='bbox 1644 485 1672 526; x_wconf 76' lang='lat'>2</span> 
     </span>
     <span class='ocr_line' id='line_1_8' title="bbox 144 552 1624 607; baseline -0.003 -11"><span class='ocrx_word' id='word_1_51' title='bbox 144 570 229 596; x_wconf 91' lang='lat' dir='ltr'>rum</span> <span class='ocrx_word' id='word_1_52' title='bbox 253 554 444 604; x_wconf 88' lang='lat' dir='ltr'>obsidum,</span> <span class='ocrx_word' id='word_1_53' title='bbox 470 567 580 607; x_wconf 90' lang='lat' dir='ltr'>quem</span> <span class='ocrx_word' id='word_1_54' title='bbox 605 560 695 593; x_wconf 89' lang='lat' dir='ltr'>ante</span> <span class='ocrx_word' id='word_1_55' title='bbox 717 553 1004 606; x_wconf 84' lang='lat' dir='ltr'>imperauerat,</span> <span class='ocrx_word' id='word_1_56' title='bbox 1038 553 1249 606; x_wconf 86' lang='lat' dir='ltr'>duplicauit</span> <span class='ocrx_word' id='word_1_57' title='bbox 1272 567 1418 605; x_wconf 89' lang='lat' dir='ltr'>eosque</span> <span class='ocrx_word' id='word_1_58' title='bbox 1439 552 1479 592; x_wconf 92' lang='lat' dir='ltr'>in</span> <span class='ocrx_word' id='word_1_59' title='bbox 1501 552 1624 592; x_wconf 91' lang='lat' dir='ltr'>conti-</span> 
     </span>
     <span class='ocr_line' id='line_1_9' title="bbox 141 620 1624 674; baseline -0.002 -12"><span class='ocrx_word' id='word_1_60' title='bbox 141 630 297 662; x_wconf 89' lang='lat' dir='ltr'>nentem</span> <span class='ocrx_word' id='word_1_61' title='bbox 321 622 457 662; x_wconf 78' lang='lat' dir='ltr'>adduci</span> <span class='ocrx_word' id='word_1_62' title='bbox 480 622 617 670; x_wconf 90' lang='lat' dir='ltr'>iussit,</span> <span class='ocrx_word' id='word_1_63' title='bbox 655 621 756 673; x_wconf 91' lang='lat' dir='ltr'>quod</span> <span class='ocrx_word' id='word_1_64' title='bbox 785 621 1000 674; x_wconf 88' lang='lat' dir='ltr'>propinqua</span> <span class='ocrx_word' id='word_1_65' title='bbox 1024 621 1085 660; x_wconf 87' lang='lat' dir='ltr'>die</span> <span class='ocrx_word' id='word_1_66' title='bbox 1107 620 1345 673; x_wconf 70' lang='lat' dir='ltr'>aequinoctii</span> <span class='ocrx_word' id='word_1_67' title='bbox 1367 620 1532 660; x_wconf 82' lang='lat' dir='ltr'>infirmis</span> <span class='ocrx_word' id='word_1_68' title='bbox 1556 634 1624 659; x_wconf 86' lang='lat' dir='ltr'>na-</span> 
     </span>
     <span class='ocr_line' id='line_1_10' title="bbox 141 685 1672 742; baseline -0.002 -13"><span class='ocrx_word' id='word_1_69' title='bbox 141 690 254 730; x_wconf 81' lang='lat' dir='ltr'>nibus</span> <span class='ocrx_word' id='word_1_70' title='bbox 277 690 393 730; x_wconf 87' lang='lat' dir='ltr'>hiemi</span> <span class='ocrx_word' id='word_1_71' title='bbox 417 689 708 742; x_wconf 79' lang='lat' dir='ltr'>nauigationem</span> <span class='ocrx_word' id='word_1_72' title='bbox 732 688 1001 728; x_wconf 84' lang='lat' dir='ltr'>subiciendam</span> <span class='ocrx_word' id='word_1_73' title='bbox 1025 702 1104 727; x_wconf 90' lang='lat' dir='ltr'>non</span> <span class='ocrx_word' id='word_1_74' title='bbox 1126 689 1395 728; x_wconf 77' lang='lat' dir='ltr'>existimabat.</span> <span class='ocrx_word' id='word_1_75' title='bbox 1430 685 1519 741; x_wconf 89' lang='lat' dir='ltr'>Ipse</span> <span class='ocrx_word' id='word_1_76' title='bbox 1542 686 1624 726; x_wconf 80' lang='lat' dir='ltr'>ido·</span> <span class='ocrx_word' id='word_1_77' title='bbox 1647 686 1672 727; x_wconf 89' lang='lat'><strong>3</strong></span> 
     </span>
     <span class='ocr_line' id='line_1_11' title="bbox 143 755 1625 810; baseline -0.002 -12"><span class='ocrx_word' id='word_1_78' title='bbox 143 771 256 798; x_wconf 87' lang='lat' dir='ltr'>neam</span> <span class='ocrx_word' id='word_1_79' title='bbox 279 763 549 810; x_wconf 82' lang='lat' dir='ltr'>tempestatem</span> <span class='ocrx_word' id='word_1_80' title='bbox 574 763 740 796; x_wconf 87' lang='lat' dir='ltr'>nanctus</span> <span class='ocrx_word' id='word_1_81' title='bbox 773 756 888 810; x_wconf 90' lang='lat' dir='ltr'>paulo</span> <span class='ocrx_word' id='word_1_82' title='bbox 925 762 1013 809; x_wconf 90' lang='lat' dir='ltr'>post</span> <span class='ocrx_word' id='word_1_83' title='bbox 1035 756 1198 795; x_wconf 85' lang='lat' dir='ltr'>mediam</span> <span class='ocrx_word' id='word_1_84' title='bbox 1224 763 1377 796; x_wconf 86' lang='lat' dir='ltr'>noctem</span> <span class='ocrx_word' id='word_1_85' title='bbox 1402 769 1523 796; x_wconf 86' lang='lat' dir='ltr'>naues</span> <span class='ocrx_word' id='word_1_86' title='bbox 1547 755 1625 795; x_wconf 89' lang='lat' dir='ltr'>sol-</span> 
     </span>
     <span class='ocr_line' id='line_1_12' title="bbox 142 821 1674 878; baseline -0.001 -14"><span class='ocrx_word' id='word_1_87' title='bbox 142 825 226 875; x_wconf 80' lang='lat' dir='ltr'>uit3</span> <span class='ocrx_word' id='word_1_88' title='bbox 266 838 364 878; x_wconf 91' lang='lat' dir='ltr'>quae</span> <span class='ocrx_word' id='word_1_89' title='bbox 387 838 521 864; x_wconf 90' lang='lat' dir='ltr'>omnes</span> <span class='ocrx_word' id='word_1_90' title='bbox 544 824 760 864; x_wconf 81' lang='lat' dir='ltr'>incolumes</span> <span class='ocrx_word' id='word_1_91' title='bbox 783 823 829 864; x_wconf 86' lang='lat' dir='ltr'>ad</span> <span class='ocrx_word' id='word_1_92' title='bbox 853 824 1121 864; x_wconf 90' lang='lat' dir='ltr'>continentem</span> <span class='ocrx_word' id='word_1_93' title='bbox 1145 831 1438 877; x_wconf 82' lang='lat' dir='ltr'>peruenerunt,</span> <span class='ocrx_word' id='word_1_94' title='bbox 1470 824 1538 864; x_wconf 93' lang='lat' dir='ltr'>sed</span> <span class='ocrx_word' id='word_1_95' title='bbox 1574 837 1626 864; x_wconf 78' lang='lat' dir='ltr'>ex</span> <span class='ocrx_word' id='word_1_96' title='bbox 1646 821 1674 862; x_wconf 90' lang='grc'>4</span> 
     </span>
     <span class='ocr_line' id='line_1_13' title="bbox 141 891 1626 945; baseline -0.001 -13"><span class='ocrx_word' id='word_1_97' title='bbox 141 892 190 932; x_wconf 89' lang='lat' dir='ltr'>iis</span> <span class='ocrx_word' id='word_1_98' title='bbox 214 892 420 932; x_wconf 86' lang='lat' dir='ltr'>onerariae</span> <span class='ocrx_word' id='word_1_99' title='bbox 444 892 542 931; x_wconf 81' lang='lat' dir='ltr'>duae</span> <span class='ocrx_word' id='word_1_100' title='bbox 566 892 738 941; x_wconf 87' lang='lat' dir='ltr'>eosdem,</span> <span class='ocrx_word' id='word_1_101' title='bbox 764 906 861 944; x_wconf 86' lang='lat' dir='ltr'>quos</span> <span class='ocrx_word' id='word_1_102' title='bbox 884 891 1040 944; x_wconf 81' lang='lat' dir='ltr'>reliqui,</span> <span class='ocrx_word' id='word_1_103' title='bbox 1066 898 1203 945; x_wconf 87' lang='lat' dir='ltr'>portus</span> <span class='ocrx_word' id='word_1_104' title='bbox 1227 905 1367 944; x_wconf 86' lang='lat' dir='ltr'>capere</span> <span class='ocrx_word' id='word_1_105' title='bbox 1390 906 1466 931; x_wconf 92' lang='lat' dir='ltr'>non</span> <span class='ocrx_word' id='word_1_106' title='bbox 1490 898 1626 945; x_wconf 90' lang='lat' dir='ltr'>potue-</span> 
     </span>
     <span class='ocr_line' id='line_1_14' title="bbox 142 957 1703 1013; baseline -0.001 -14"><span class='ocrx_word' id='word_1_107' title='bbox 142 967 234 999; x_wconf 87' lang='lat' dir='ltr'>runt</span> <span class='ocrx_word' id='word_1_108' title='bbox 256 967 295 1000; x_wconf 89' lang='lat' dir='ltr'>et</span> <span class='ocrx_word' id='word_1_109' title='bbox 317 960 430 1013; x_wconf 86' lang='lat' dir='ltr'>paulo</span> <span class='ocrx_word' id='word_1_110' title='bbox 452 959 550 999; x_wconf 77' lang='lat' dir='ltr'>infra</span> <span class='ocrx_word' id='word_1_111' title='bbox 575 960 725 999; x_wconf 77' lang='lat' dir='ltr'>delatae</span> <span class='ocrx_word' id='word_1_112' title='bbox 749 966 853 999; x_wconf 86' lang='lat' dir='ltr'>sunt.</span> <span class='ocrx_word' id='word_1_113' title='bbox 918 957 1069 1011; x_wconf 83' lang='lat' dir='ltr'>Quibus</span> <span class='ocrx_word' id='word_1_114' title='bbox 1101 973 1154 999; x_wconf 83' lang='lat' dir='ltr'>ex</span> <span class='ocrx_word' id='word_1_115' title='bbox 1185 959 1349 999; x_wconf 86' lang='lat' dir='ltr'>nauibus</span> <span class='ocrx_word' id='word_1_116' title='bbox 1384 974 1469 999; x_wconf 85' lang='lat' dir='ltr'>cum</span> <span class='ocrx_word' id='word_1_117' title='bbox 1493 965 1628 999; x_wconf 84' lang='lat' dir='ltr'>essent</span> <span class='ocrx_word' id='word_1_118' title='bbox 1647 957 1703 1002; x_wconf 83' lang='lat'>37</span> 
     </span>
     <span class='ocr_line' id='line_1_15' title="bbox 141 1024 1627 1081; baseline -0.001 -14"><span class='ocrx_word' id='word_1_119' title='bbox 141 1027 312 1081; x_wconf 76' lang='lat' dir='ltr'>expositi</span> <span class='ocrx_word' id='word_1_120' title='bbox 336 1026 479 1067; x_wconf 75' lang='lat' dir='ltr'>milites</span> <span class='ocrx_word' id='word_1_121' title='bbox 504 1027 663 1067; x_wconf 86' lang='lat' dir='ltr'>circiter</span> <span class='ocrx_word' id='word_1_122' title='bbox 685 1026 852 1067; x_wconf 84' lang='lat' dir='ltr'>trecenti</span> <span class='ocrx_word' id='word_1_123' title='bbox 875 1034 991 1079; x_wconf 89' lang='lat' dir='ltr'>atque</span> <span class='ocrx_word' id='word_1_124' title='bbox 1014 1027 1053 1066; x_wconf 89' lang='lat' dir='ltr'>in</span> <span class='ocrx_word' id='word_1_125' title='bbox 1068 1033 1197 1066; x_wconf 84' lang='lat' dir='ltr'>castra</span> <span class='ocrx_word' id='word_1_126' title='bbox 1212 1027 1512 1076; x_wconf 82' lang='lat' dir='ltr'>contenderent,</span> <span class='ocrx_word' id='word_1_127' title='bbox 1538 1024 1627 1066; x_wconf 84' lang='lat' dir='ltr'>Mo-</span> 
     </span>
     <span class='ocr_line' id='line_1_16' title="bbox 140 1091 1624 1148; baseline -0.001 -14"><span class='ocrx_word' id='word_1_128' title='bbox 140 1094 243 1145; x_wconf 89' lang='lat' dir='ltr'>rini,</span> <span class='ocrx_word' id='word_1_129' title='bbox 277 1108 372 1147; x_wconf 90' lang='lat' dir='ltr'>quos</span> <span class='ocrx_word' id='word_1_130' title='bbox 396 1091 550 1134; x_wconf 89' lang='lat' dir='ltr'>Caesar</span> <span class='ocrx_word' id='word_1_131' title='bbox 571 1095 610 1134; x_wconf 89' lang='lat' dir='ltr'>in</span> <span class='ocrx_word' id='word_1_132' title='bbox 633 1093 881 1135; x_wconf 82' lang='lat' dir='ltr'>Britanniam</span> <span class='ocrx_word' id='word_1_133' title='bbox 914 1095 1166 1148; x_wconf 83' lang='lat' dir='ltr'>proficiscens</span> <span class='ocrx_word' id='word_1_134' title='bbox 1197 1101 1357 1148; x_wconf 85' lang='lat' dir='ltr'>pacatos</span> <span class='ocrx_word' id='word_1_135' title='bbox 1390 1094 1624 1146; x_wconf 82' lang='lat' dir='ltr'>reliquerat,</span> 
     </span>
     <span class='ocr_line' id='line_1_17' title="bbox 142 1161 1627 1216; baseline -0.001 -14"><span class='ocrx_word' id='word_1_136' title='bbox 142 1176 210 1216; x_wconf 92' lang='lat' dir='ltr'>spe</span> <span class='ocrx_word' id='word_1_137' title='bbox 233 1163 400 1216; x_wconf 85' lang='lat' dir='ltr'>praedae</span> <span class='ocrx_word' id='word_1_138' title='bbox 422 1163 575 1202; x_wconf 91' lang='lat' dir='ltr'>adducti</span> <span class='ocrx_word' id='word_1_139' title='bbox 599 1163 722 1216; x_wconf 91' lang='lat' dir='ltr'>primo</span> <span class='ocrx_word' id='word_1_140' title='bbox 746 1177 822 1202; x_wconf 93' lang='lat' dir='ltr'>non</span> <span class='ocrx_word' id='word_1_141' title='bbox 845 1163 899 1202; x_wconf 91' lang='lat' dir='ltr'>ita</span> <span class='ocrx_word' id='word_1_142' title='bbox 922 1177 1063 1216; x_wconf 75' lang='lat' dir='ltr'>magno</span> <span class='ocrx_word' id='word_1_143' title='bbox 1092 1176 1250 1203; x_wconf 86' lang='lat' dir='ltr'>suorum</span> <span class='ocrx_word' id='word_1_144' title='bbox 1275 1175 1438 1201; x_wconf 90' lang='lat' dir='ltr'>numero</span> <span class='ocrx_word' id='word_1_145' title='bbox 1461 1161 1627 1201; x_wconf 90' lang='lat' dir='ltr'>circum-</span> 
     </span>
     <span class='ocr_line' id='line_1_18' title="bbox 143 1226 1677 1285; baseline -0.001 -16"><span class='ocrx_word' id='word_1_146' title='bbox 143 1237 338 1270; x_wconf 86' lang='lat' dir='ltr'>steterunt</span> <span class='ocrx_word' id='word_1_147' title='bbox 360 1244 421 1280; x_wconf 90' lang='lat' dir='ltr'>ac,</span> <span class='ocrx_word' id='word_1_148' title='bbox 446 1230 478 1270; x_wconf 89' lang='lat' dir='ltr'>si</span> <span class='ocrx_word' id='word_1_149' title='bbox 503 1244 591 1270; x_wconf 86' lang='lat' dir='ltr'>sese</span> <span class='ocrx_word' id='word_1_150' title='bbox 613 1230 780 1271; x_wconf 86' lang='lat' dir='ltr'>interfici</span> <span class='ocrx_word' id='word_1_151' title='bbox 803 1231 968 1281; x_wconf 87' lang='lat' dir='ltr'>nollent,</span> <span class='ocrx_word' id='word_1_152' title='bbox 994 1244 1100 1272; x_wconf 84' lang='lat' dir='ltr'>arma</span> <span class='ocrx_word' id='word_1_153' title='bbox 1114 1244 1262 1285; x_wconf 89' lang='lat' dir='ltr'>ponere</span> <span class='ocrx_word' id='word_1_154' title='bbox 1286 1231 1502 1270; x_wconf 89' lang='lat' dir='ltr'>iusserunt.</span> <span class='ocrx_word' id='word_1_155' title='bbox 1528 1226 1627 1269; x_wconf 88' lang='lat' dir='ltr'>Cum</span> <span class='ocrx_word' id='word_1_156' title='bbox 1649 1226 1677 1269; x_wconf 82' lang='grc'>2</span> 
     </span>
     <span class='ocr_line' id='line_1_19' title="bbox 144 1295 1629 1349; baseline -0.001 -12"><span class='ocrx_word' id='word_1_157' title='bbox 144 1298 200 1337; x_wconf 90' lang='lat' dir='ltr'>illi</span> <span class='ocrx_word' id='word_1_158' title='bbox 223 1298 315 1337; x_wconf 88' lang='lat' dir='ltr'>orbe</span> <span class='ocrx_word' id='word_1_159' title='bbox 340 1298 440 1337; x_wconf 56' lang='lat' dir='ltr'>l&#39;ac‘to</span> <span class='ocrx_word' id='word_1_160' title='bbox 463 1311 551 1338; x_wconf 83' lang='lat' dir='ltr'>sese</span> <span class='ocrx_word' id='word_1_161' title='bbox 575 1298 858 1349; x_wconf 61' lang='lat' dir='ltr'>deffinderent,</span> <span class='ocrx_word' id='word_1_162' title='bbox 893 1299 1075 1339; x_wconf 83' lang='lat' dir='ltr'>celeriter</span> <span class='ocrx_word' id='word_1_163' title='bbox 1104 1299 1151 1339; x_wconf 90' lang='lat' dir='ltr'>ad</span> <span class='ocrx_word' id='word_1_164' title='bbox 1184 1299 1393 1339; x_wconf 86' lang='lat' dir='ltr'>clamorem</span> <span class='ocrx_word' id='word_1_165' title='bbox 1431 1295 1629 1337; x_wconf 87' lang='lat' dir='ltr'>hominum</span> 
     </span>
     <span class='ocr_line' id='line_1_20' title="bbox 146 1363 1628 1418; baseline -0.001 -14"><span class='ocrx_word' id='word_1_166' title='bbox 146 1365 304 1404; x_wconf 81' lang='lat' dir='ltr'>circiter</span> <span class='ocrx_word' id='word_1_167' title='bbox 326 1365 428 1405; x_wconf 85' lang='lat' dir='ltr'>milia</span> <span class='ocrx_word' id='word_1_168' title='bbox 452 1380 527 1406; x_wconf 83' lang='lat' dir='ltr'>sex</span> <span class='ocrx_word' id='word_1_169' title='bbox 549 1373 836 1406; x_wconf 87' lang='lat' dir='ltr'>conuenerunt.</span> <span class='ocrx_word' id='word_1_170' title='bbox 901 1364 987 1418; x_wconf 85' lang='lat' dir='ltr'>Qua</span> <span class='ocrx_word' id='word_1_171' title='bbox 1020 1380 1064 1407; x_wconf 90' lang='lat' dir='ltr'>re</span> <span class='ocrx_word' id='word_1_172' title='bbox 1095 1366 1275 1406; x_wconf 89' lang='lat' dir='ltr'>nuntiata</span> <span class='ocrx_word' id='word_1_173' title='bbox 1299 1363 1451 1405; x_wconf 88' lang='lat' dir='ltr'>Caesar</span> <span class='ocrx_word' id='word_1_174' title='bbox 1474 1377 1628 1404; x_wconf 88' lang='lat' dir='ltr'>omnem</span> 
     </span>
     <span class='ocr_line' id='line_1_21' title="bbox 147 1429 1674 1485; baseline 0 -14"><span class='ocrx_word' id='word_1_175' title='bbox 147 1446 196 1472; x_wconf 83' lang='lat' dir='ltr'>ex</span> <span class='ocrx_word' id='word_1_176' title='bbox 221 1433 364 1472; x_wconf 89' lang='lat' dir='ltr'>castris</span> <span class='ocrx_word' id='word_1_177' title='bbox 388 1432 601 1485; x_wconf 76' lang='lat' dir='ltr'>equitatum</span> <span class='ocrx_word' id='word_1_178' title='bbox 625 1433 705 1473; x_wconf 90' lang='lat' dir='ltr'>suis</span> <span class='ocrx_word' id='word_1_179' title='bbox 728 1434 878 1474; x_wconf 82' lang='lat' dir='ltr'>auxilio</span> <span class='ocrx_word' id='word_1_180' title='bbox 901 1434 1020 1474; x_wconf 85' lang='lat' dir='ltr'>misit.</span> <span class='ocrx_word' id='word_1_181' title='bbox 1065 1432 1227 1474; x_wconf 87' lang='lat' dir='ltr'>Interim</span> <span class='ocrx_word' id='word_1_182' title='bbox 1254 1433 1381 1473; x_wconf 87' lang='lat' dir='ltr'>nostri</span> <span class='ocrx_word' id='word_1_183' title='bbox 1403 1432 1546 1472; x_wconf 89' lang='lat' dir='ltr'>milites</span> <span class='ocrx_word' id='word_1_184' title='bbox 1568 1431 1626 1471; x_wconf 91' lang='lat' dir='ltr'>in-</span> <span class='ocrx_word' id='word_1_185' title='bbox 1649 1429 1674 1470; x_wconf 87' lang='lat'><strong>3</strong></span> 
     </span>
     <span class='ocr_line' id='line_1_22' title="bbox 146 1499 1630 1555; baseline 0 -17"><span class='ocrx_word' id='word_1_186' title='bbox 146 1506 275 1553; x_wconf 83' lang='lat' dir='ltr'>petum</span> <span class='ocrx_word' id='word_1_187' title='bbox 300 1500 469 1540; x_wconf 89' lang='lat' dir='ltr'>hostium</span> <span class='ocrx_word' id='word_1_188' title='bbox 492 1501 769 1541; x_wconf 88' lang='lat' dir='ltr'>sustinuerunt</span> <span class='ocrx_word' id='word_1_189' title='bbox 798 1509 913 1555; x_wconf 89' lang='lat' dir='ltr'>atque</span> <span class='ocrx_word' id='word_1_190' title='bbox 945 1501 1108 1555; x_wconf 88' lang='lat' dir='ltr'>amplius</span> <span class='ocrx_word' id='word_1_191' title='bbox 1142 1501 1249 1541; x_wconf 85' lang='lat' dir='ltr'>horis</span> <span class='ocrx_word' id='word_1_192' title='bbox 1281 1507 1464 1553; x_wconf 85' lang='lat' dir='ltr'>quattuor</span> <span class='ocrx_word' id='word_1_193' title='bbox 1494 1499 1630 1539; x_wconf 89' lang='lat' dir='ltr'>fortis-</span> 
     </span>
     <span class='ocr_line' id='line_1_23' title="bbox 144 1566 1629 1623; baseline 0.001 -18"><span class='ocrx_word' id='word_1_194' title='bbox 144 1567 241 1606; x_wconf 91' lang='lat' dir='ltr'>sime</span> <span class='ocrx_word' id='word_1_195' title='bbox 264 1575 542 1621; x_wconf 83' lang='lat' dir='ltr'>pugnauerunt</span> <span class='ocrx_word' id='word_1_196' title='bbox 572 1575 611 1608; x_wconf 87' lang='lat' dir='ltr'>et</span> <span class='ocrx_word' id='word_1_197' title='bbox 642 1569 775 1622; x_wconf 82' lang='lat' dir='ltr'>paucis</span> <span class='ocrx_word' id='word_1_198' title='bbox 806 1569 1034 1609; x_wconf 89' lang='lat' dir='ltr'>uulneribus</span> <span class='ocrx_word' id='word_1_199' title='bbox 1068 1569 1238 1623; x_wconf 90' lang='lat' dir='ltr'>acceptis</span> <span class='ocrx_word' id='word_1_200' title='bbox 1261 1568 1471 1621; x_wconf 85' lang='lat' dir='ltr'>conplures</span> <span class='ocrx_word' id='word_1_201' title='bbox 1495 1581 1547 1608; x_wconf 80' lang='lat' dir='ltr'>ex</span> <span class='ocrx_word' id='word_1_202' title='bbox 1569 1566 1629 1607; x_wconf 89' lang='lat' dir='ltr'>his</span> 
     </span>
     <span class='ocr_line' id='line_1_24' title="bbox 146 1632 1678 1689; baseline 0 -17"><span class='ocrx_word' id='word_1_203' title='bbox 146 1634 388 1674; x_wconf 79' lang='lat' dir='ltr'>occiderunt,</span> <span class='ocrx_word' id='word_1_204' title='bbox 419 1633 568 1675; x_wconf 84' lang='lat' dir='ltr'>Postea</span> <span class='ocrx_word' id='word_1_205' title='bbox 589 1649 686 1675; x_wconf 92' lang='lat' dir='ltr'>uero</span> <span class='ocrx_word' id='word_1_206' title='bbox 710 1650 823 1688; x_wconf 87' lang='lat' dir='ltr'>quam</span> <span class='ocrx_word' id='word_1_207' title='bbox 847 1637 1044 1689; x_wconf 86' lang='lat' dir='ltr'>equitatus</span> <span class='ocrx_word' id='word_1_208' title='bbox 1067 1644 1205 1676; x_wconf 86' lang='lat' dir='ltr'>noster</span> <span class='ocrx_word' id='word_1_209' title='bbox 1226 1636 1262 1675; x_wconf 91' lang='lat' dir='ltr'>in</span> <span class='ocrx_word' id='word_1_210' title='bbox 1286 1642 1539 1689; x_wconf 86' lang='lat' dir='ltr'>conspectum</span> <span class='ocrx_word' id='word_1_211' title='bbox 1562 1647 1630 1674; x_wconf 91' lang='lat' dir='ltr'>ue-</span> <span class='ocrx_word' id='word_1_212' title='bbox 1651 1632 1678 1672; x_wconf 88' lang='lat'><strong>4</strong></span> 
     </span>
     <span class='ocr_line' id='line_1_25' title="bbox 145 1701 1629 1757; baseline 0 -17"><span class='ocrx_word' id='word_1_213' title='bbox 145 1701 228 1750; x_wconf 85' lang='lat' dir='ltr'>nit,</span> <span class='ocrx_word' id='word_1_214' title='bbox 265 1701 396 1742; x_wconf 87' lang='lat' dir='ltr'>hostes</span> <span class='ocrx_word' id='word_1_215' title='bbox 428 1702 591 1742; x_wconf 84' lang='lat' dir='ltr'>abiectis</span> <span class='ocrx_word' id='word_1_216' title='bbox 626 1703 746 1742; x_wconf 90' lang='lat' dir='ltr'>armis</span> <span class='ocrx_word' id='word_1_217' title='bbox 769 1710 878 1756; x_wconf 82' lang='lat' dir='ltr'>terga</span> <span class='ocrx_word' id='word_1_218' title='bbox 904 1711 1111 1744; x_wconf 87' lang='lat' dir='ltr'>uerterunt</span> <span class='ocrx_word' id='word_1_219' title='bbox 1132 1717 1375 1757; x_wconf 84' lang='lat' dir='ltr'>magnusque</span> <span class='ocrx_word' id='word_1_220' title='bbox 1398 1716 1535 1743; x_wconf 88' lang='lat' dir='ltr'>eorum</span> <span class='ocrx_word' id='word_1_221' title='bbox 1558 1715 1629 1740; x_wconf 91' lang='lat' dir='ltr'>nu-</span> 
     </span>
     <span class='ocr_line' id='line_1_26' title="bbox 145 1766 1704 1824; baseline 0.003 -17"><span class='ocrx_word' id='word_1_222' title='bbox 145 1781 277 1809; x_wconf 88' lang='lat' dir='ltr'>merus</span> <span class='ocrx_word' id='word_1_223' title='bbox 301 1776 361 1809; x_wconf 89' lang='lat' dir='ltr'>est</span> <span class='ocrx_word' id='word_1_224' title='bbox 382 1769 553 1810; x_wconf 90' lang='lat' dir='ltr'>occisus.</span> <span class='ocrx_word' id='word_1_225' title='bbox 615 1767 768 1811; x_wconf 88' lang='lat' dir='ltr'>Caesar</span> <span class='ocrx_word' id='word_1_226' title='bbox 790 1778 949 1824; x_wconf 87' lang='lat' dir='ltr'>postero</span> <span class='ocrx_word' id='word_1_227' title='bbox 973 1772 1033 1811; x_wconf 91' lang='lat' dir='ltr'>die</span> <span class='ocrx_word' id='word_1_228' title='bbox 1055 1771 1188 1811; x_wconf 86' lang='lat' dir='ltr'>Titum</span> <span class='ocrx_word' id='word_1_229' title='bbox 1210 1769 1430 1811; x_wconf 89' lang='lat' dir='ltr'>Labienum</span> <span class='ocrx_word' id='word_1_230' title='bbox 1453 1771 1624 1823; x_wconf 85' lang='lat' dir='ltr'>legatum</span> <span class='ocrx_word' id='word_1_231' title='bbox 1645 1766 1704 1811; x_wconf 82' lang='lat'>38</span> 
     </span>
     <span class='ocr_line' id='line_1_27' title="bbox 147 1835 1632 1892; baseline 0.001 -17"><span class='ocrx_word' id='word_1_232' title='bbox 147 1850 233 1875; x_wconf 89' lang='lat' dir='ltr'>cum</span> <span class='ocrx_word' id='word_1_233' title='bbox 257 1836 304 1876; x_wconf 92' lang='lat' dir='ltr'>iis</span> <span class='ocrx_word' id='word_1_234' title='bbox 326 1837 561 1892; x_wconf 86' lang='lat' dir='ltr'>legionibus,</span> <span class='ocrx_word' id='word_1_235' title='bbox 588 1852 682 1891; x_wconf 87' lang='lat' dir='ltr'>quas</span> <span class='ocrx_word' id='word_1_236' title='bbox 705 1852 757 1879; x_wconf 82' lang='lat' dir='ltr'>ex</span> <span class='ocrx_word' id='word_1_237' title='bbox 778 1836 986 1879; x_wconf 85' lang='lat' dir='ltr'>Britannia</span> <span class='ocrx_word' id='word_1_238' title='bbox 1007 1840 1242 1887; x_wconf 78' lang='lat' dir='ltr'>reduxerat,</span> <span class='ocrx_word' id='word_1_239' title='bbox 1267 1839 1306 1879; x_wconf 91' lang='lat' dir='ltr'>in</span> <span class='ocrx_word' id='word_1_240' title='bbox 1329 1837 1512 1878; x_wconf 87' lang='lat' dir='ltr'>Morinos</span> <span class='ocrx_word' id='word_1_241' title='bbox 1527 1867 1538 1887; x_wconf 90' lang='lat'>,</span> <span class='ocrx_word' id='word_1_242' title='bbox 1566 1835 1632 1890; x_wconf 88' lang='lat' dir='ltr'>qui</span> 
     </span>
     <span class='ocr_line' id='line_1_28' title="bbox 146 1903 1679 1963; baseline 0.001 -20"><span class='ocrx_word' id='word_1_243' title='bbox 146 1903 398 1945; x_wconf 88' lang='lat' dir='ltr'>rebellionem</span> <span class='ocrx_word' id='word_1_244' title='bbox 422 1906 613 1957; x_wconf 82' lang='lat' dir='ltr'>fecerant,</span> <span class='ocrx_word' id='word_1_245' title='bbox 639 1906 759 1947; x_wconf 90' lang='lat' dir='ltr'>misit.</span> <span class='ocrx_word' id='word_1_246' title='bbox 810 1904 887 1960; x_wconf 80' lang='lat' dir='ltr'>Qui</span> <span class='ocrx_word' id='word_1_247' title='bbox 911 1921 996 1948; x_wconf 91' lang='lat' dir='ltr'>cum</span> <span class='ocrx_word' id='word_1_248' title='bbox 1020 1915 1182 1963; x_wconf 88' lang='lat' dir='ltr'>propter</span> <span class='ocrx_word' id='word_1_249' title='bbox 1202 1908 1405 1949; x_wconf 83' lang='lat' dir='ltr'>siccitates</span> <span class='ocrx_word' id='word_1_250' title='bbox 1428 1906 1625 1961; x_wconf 84' lang='lat' dir='ltr'>paludum,</span> <span class='ocrx_word' id='word_1_251' title='bbox 1650 1903 1679 1946; x_wconf 77' lang='grc'>2</span> 
     </span>
    </p>
   </div>
   <div class='ocr_carea' id='block_1_5' title="bbox 147 2075 1650 2837">
    <p class='ocr_par' dir='ltr' id='par_1_5' title="bbox 147 2075 1650 2837">
     <span class='ocr_line' id='line_1_29' title="bbox 292 2075 1625 2122; baseline 0 -15"><span class='ocrx_word' id='word_1_252' title='bbox 292 2075 307 2108; x_wconf 98' lang='grc'><strong>1</strong></span> <span class='ocrx_word' id='word_1_253' title='bbox 329 2081 454 2118; x_wconf 88' lang='lat' dir='ltr'>quanto</span> <span class='ocrx_word' id='word_1_254' title='bbox 474 2088 575 2110; x_wconf 88' lang='lat' dir='ltr'>cursu</span> <span class='ocrx_word' id='word_1_255' title='bbox 594 2080 658 2122; x_wconf 84' lang='lat' dir='ltr'>es.</span> <span class='ocrx_word' id='word_1_256' title='bbox 778 2080 799 2115; x_wconf 82' lang='lat'><strong>2</strong></span> <span class='ocrx_word' id='word_1_257' title='bbox 818 2080 998 2122; x_wconf 87' lang='lat' dir='ltr'>conplures</span> <span class='ocrx_word' id='word_1_258' title='bbox 1015 2082 1060 2112; x_wconf 93' lang='lat' dir='ltr'>B.</span> <span class='ocrx_word' id='word_1_259' title='bbox 1199 2080 1243 2112; x_wconf 86' lang='lat' dir='ltr'>iis</span> <span class='ocrx_word' id='word_1_260' title='bbox 1263 2082 1295 2113; x_wconf 79' lang='lat' dir='ltr'><em>A</em></span> <span class='ocrx_word' id='word_1_261' title='bbox 1308 2080 1366 2121; x_wconf 90' lang='lat' dir='ltr'>(B)</span> <span class='ocrx_word' id='word_1_262' title='bbox 1381 2078 1505 2119; x_wconf 85' lang='lat' dir='ltr'>CDE,</span> <span class='ocrx_word' id='word_1_263' title='bbox 1526 2077 1625 2118; x_wconf 86' lang='lat' dir='ltr'>hiss.</span> 
     </span>
     <span class='ocr_line' id='line_1_30' title="bbox 290 2128 1632 2175; baseline -0.001 -15"><span class='ocrx_word' id='word_1_264' title='bbox 290 2128 428 2171; x_wconf 84' lang='lat' dir='ltr'>lateque</span> <span class='ocrx_word' id='word_1_265' title='bbox 448 2130 581 2163; x_wconf 89' lang='lat' dir='ltr'>afflictis</span> <span class='ocrx_word' id='word_1_266' title='bbox 600 2131 820 2175; x_wconf 87' lang='lat' dir='ltr'>incensisque</span> <span class='ocrx_word' id='word_1_267' title='bbox 840 2143 875 2164; x_wconf 90' lang='lat' dir='ltr'>se</span> <span class='ocrx_word' id='word_1_268' title='bbox 895 2143 971 2164; x_wconf 75' lang='lat' dir='ltr'>cnm</span> <span class='ocrx_word' id='word_1_269' title='bbox 991 2133 1080 2164; x_wconf 70' lang='lat' dir='ltr'>solis</span> <span class='ocrx_word' id='word_1_270' title='bbox 1097 2132 1197 2166; x_wconf 75' lang='lat' dir='ltr'><em>And.</em></span> <span class='ocrx_word' id='word_1_271' title='bbox 1222 2132 1336 2164; x_wconf 68' lang='lat' dir='ltr'>Oxou.</span> <span class='ocrx_word' id='word_1_272' title='bbox 1358 2141 1392 2162; x_wconf 77' lang='lat' dir='ltr'>u.</span> <span class='ocrx_word' id='word_1_273' title='bbox 1536 2130 1554 2161; x_wconf 88' lang='lat'>5</span> <span class='ocrx_word' id='word_1_274' title='bbox 1573 2137 1632 2159; x_wconf 82' lang='lat' dir='ltr'>an-</span> 
     </span>
     <span class='ocr_line' id='line_1_31' title="bbox 147 2178 1630 2225; baseline -0.001 -15"><span class='ocrx_word' id='word_1_275' title='bbox 147 2183 180 2210; x_wconf 85' lang='lat' dir='ltr'>te</span> <span class='ocrx_word' id='word_1_276' title='bbox 194 2178 407 2221; x_wconf 77' lang='lat' dir='ltr'><em>ABCDE,</em></span> <span class='ocrx_word' id='word_1_277' title='bbox 430 2184 613 2224; x_wconf 81' lang='lat' dir='ltr'>anteafu.</span> <span class='ocrx_word' id='word_1_278' title='bbox 771 2183 791 2216; x_wconf 89' lang='grc'>7</span> <span class='ocrx_word' id='word_1_279' title='bbox 809 2184 912 2216; x_wconf 84' lang='lat' dir='ltr'>hiemi</span> <span class='ocrx_word' id='word_1_280' title='bbox 932 2184 1076 2216; x_wconf 79' lang='lat' dir='ltr'>ABDa</span> <span class='ocrx_word' id='word_1_281' title='bbox 1091 2184 1108 2215; x_wconf 75' lang='lat' dir='ltr'>l&gt;</span> <span class='ocrx_word' id='word_1_282' title='bbox 1122 2183 1256 2225; x_wconf 77' lang='lat' dir='ltr'>edes,</span> <span class='ocrx_word' id='word_1_283' title='bbox 1277 2182 1400 2214; x_wconf 85' lang='lat' dir='ltr'>hiemis</span> <span class='ocrx_word' id='word_1_284' title='bbox 1421 2180 1491 2214; x_wconf 77' lang='grc' dir='ltr'>ΟΕ</span> <span class='ocrx_word' id='word_1_285' title='bbox 1510 2182 1545 2211; x_wconf 75' lang='lat' dir='ltr'>et</span> <span class='ocrx_word' id='word_1_286' title='bbox 1560 2189 1630 2210; x_wconf 83' lang='lat' dir='ltr'>sec.</span> 
     </span>
     <span class='ocr_line' id='line_1_32' title="bbox 148 2230 1631 2276; baseline 0.001 -15"><span class='ocrx_word' id='word_1_287' title='bbox 148 2240 195 2260; x_wconf 78' lang='grc' dir='ltr'>7η.</span> <span class='ocrx_word' id='word_1_288' title='bbox 216 2230 259 2261; x_wconf 86' lang='grc' dir='ltr'>Β.</span> <span class='ocrx_word' id='word_1_289' title='bbox 431 2233 666 2265; x_wconf 85' lang='lat' dir='ltr'>subiciendam</span> <span class='ocrx_word' id='word_1_290' title='bbox 685 2235 864 2276; x_wconf 78' lang='lat' dir='ltr'>AEset,</span> <span class='ocrx_word' id='word_1_291' title='bbox 885 2235 925 2266; x_wconf 81' lang='lat' dir='ltr'>de</span> <span class='ocrx_word' id='word_1_292' title='bbox 944 2235 1094 2276; x_wconf 75' lang='lat' dir='ltr'>quibus,</span> <span class='ocrx_word' id='word_1_293' title='bbox 1114 2234 1222 2266; x_wconf 87' lang='lat' dir='ltr'>subic.</span> <span class='ocrx_word' id='word_1_294' title='bbox 1244 2244 1291 2265; x_wconf 83' lang='lat' dir='ltr'>an</span> <span class='ocrx_word' id='word_1_295' title='bbox 1311 2233 1434 2264; x_wconf 88' lang='lat' dir='ltr'>subiic.</span> <span class='ocrx_word' id='word_1_296' title='bbox 1454 2232 1631 2270; x_wconf 74' lang='lat' dir='ltr'>habeant,</span> 
     </span>
     <span class='ocr_line' id='line_1_33' title="bbox 150 2283 1634 2326; baseline 0.001 -15"><span class='ocrx_word' id='word_1_297' title='bbox 150 2290 219 2312; x_wconf 77' lang='lat' dir='ltr'>non</span> <span class='ocrx_word' id='word_1_298' title='bbox 238 2285 403 2324; x_wconf 78' lang='lat' dir='ltr'>constat,</span> <span class='ocrx_word' id='word_1_299' title='bbox 425 2283 558 2325; x_wconf 74' lang='lat' dir='ltr'>bede5</span> <span class='ocrx_word' id='word_1_300' title='bbox 579 2285 779 2317; x_wconf 83' lang='lat' dir='ltr'>subicienda</span> <span class='ocrx_word' id='word_1_301' title='bbox 797 2286 847 2326; x_wconf 85' lang='lat' dir='ltr'>B,</span> <span class='ocrx_word' id='word_1_302' title='bbox 869 2286 1065 2317; x_wconf 85' lang='lat' dir='ltr'>subitienda</span> <span class='ocrx_word' id='word_1_303' title='bbox 1088 2285 1127 2317; x_wconf 85' lang='lat' dir='ltr'>C.</span> <span class='ocrx_word' id='word_1_304' title='bbox 1254 2285 1274 2316; x_wconf 89' lang='lat'>8</span> <span class='ocrx_word' id='word_1_305' title='bbox 1293 2288 1437 2315; x_wconf 89' lang='lat' dir='ltr'>nanctus</span> <span class='ocrx_word' id='word_1_306' title='bbox 1454 2283 1529 2323; x_wconf 84' lang='lat' dir='ltr'>Ao,</span> <span class='ocrx_word' id='word_1_307' title='bbox 1553 2291 1634 2313; x_wconf 83' lang='lat' dir='ltr'>nan-</span> 
     </span>
     <span class='ocr_line' id='line_1_34' title="bbox 150 2333 1464 2376; baseline 0.001 -12"><span class='ocrx_word' id='word_1_308' title='bbox 150 2337 204 2364; x_wconf 83' lang='lat' dir='ltr'>tus</span> <span class='ocrx_word' id='word_1_309' title='bbox 222 2333 302 2373; x_wconf 85' lang='grc' dir='ltr'>Απ,·</span> <span class='ocrx_word' id='word_1_310' title='bbox 323 2339 442 2367; x_wconf 88' lang='lat' dir='ltr'>nactus</span> <span class='ocrx_word' id='word_1_311' title='bbox 462 2346 497 2367; x_wconf 85' lang='lat' dir='ltr'>u.</span> <span class='ocrx_word' id='word_1_312' title='bbox 686 2337 704 2370; x_wconf 82' lang='lat'>9</span> <span class='ocrx_word' id='word_1_313' title='bbox 724 2338 756 2369; x_wconf 92' lang='lat' dir='ltr'>in</span> <span class='ocrx_word' id='word_1_314' title='bbox 776 2337 1009 2369; x_wconf 83' lang='lat' dir='ltr'>continentem</span> <span class='ocrx_word' id='word_1_315' title='bbox 1030 2338 1061 2369; x_wconf 76' lang='lat' dir='ltr'>I).</span> <span class='ocrx_word' id='word_1_316' title='bbox 1232 2336 1293 2368; x_wconf 90' lang='lat' dir='ltr'>sed</span> <span class='ocrx_word' id='word_1_317' title='bbox 1312 2345 1380 2367; x_wconf 88' lang='lat' dir='ltr'>om.</span> <span class='ocrx_word' id='word_1_318' title='bbox 1402 2335 1464 2376; x_wconf 77' lang='lat' dir='ltr'>es.</span> 
     </span>
     <span class='ocr_line' id='line_1_35' title="bbox 153 2383 1632 2430; baseline 0.001 -16"><span class='ocrx_word' id='word_1_319' title='bbox 153 2383 192 2414; x_wconf 88' lang='lat'>10</span> <span class='ocrx_word' id='word_1_320' title='bbox 211 2384 250 2415; x_wconf 81' lang='lat' dir='ltr'>iis</span> <span class='ocrx_word' id='word_1_321' title='bbox 266 2386 421 2418; x_wconf 80' lang='lat' dir='ltr'><em>ABCD</em></span> <span class='ocrx_word' id='word_1_322' title='bbox 438 2387 483 2427; x_wconf 83' lang='lat' dir='ltr'>E,</span> <span class='ocrx_word' id='word_1_323' title='bbox 505 2387 642 2430; x_wconf 72' lang='lat' dir='ltr'>hissa.</span> <span class='ocrx_word' id='word_1_324' title='bbox 805 2388 955 2430; x_wconf 87' lang='lat' dir='ltr'>eosdem]</span> <span class='ocrx_word' id='word_1_325' title='bbox 976 2389 1059 2420; x_wconf 88' lang='lat' dir='ltr'>duos</span> <span class='ocrx_word' id='word_1_326' title='bbox 1078 2388 1161 2420; x_wconf 78' lang='lat' dir='ltr'>add.</span> <span class='ocrx_word' id='word_1_327' title='bbox 1182 2388 1227 2420; x_wconf 80' lang='lat' dir='ltr'>A.</span> <span class='ocrx_word' id='word_1_328' title='bbox 1392 2397 1474 2429; x_wconf 88' lang='lat' dir='ltr'>quos</span> <span class='ocrx_word' id='word_1_329' title='bbox 1494 2385 1632 2428; x_wconf 87' lang='lat' dir='ltr'>reliqui,</span> 
     </span>
     <span class='ocr_line' id='line_1_36' title="bbox 152 2438 1633 2482; baseline 0 -15"><span class='ocrx_word' id='word_1_330' title='bbox 152 2441 268 2477; x_wconf 83' lang='lat' dir='ltr'>portus</span> <span class='ocrx_word' id='word_1_331' title='bbox 286 2438 500 2479; x_wconf 79' lang='lat' dir='ltr'><em>ABCDE‚·</em></span> <span class='ocrx_word' id='word_1_332' title='bbox 519 2444 651 2481; x_wconf 86' lang='lat' dir='ltr'>portus,</span> <span class='ocrx_word' id='word_1_333' title='bbox 673 2451 756 2482; x_wconf 86' lang='lat' dir='ltr'>quos</span> <span class='ocrx_word' id='word_1_334' title='bbox 776 2441 932 2481; x_wconf 82' lang='lat' dir='ltr'>reliquae</span> <span class='ocrx_word' id='word_1_335' title='bbox 951 2451 968 2471; x_wconf 80' lang='lat' dir='ltr'>c</span> <span class='ocrx_word' id='word_1_336' title='bbox 987 2440 1059 2482; x_wconf 73' lang='lat' dir='ltr'>(lzz&#39;c</span> <span class='ocrx_word' id='word_1_337' title='bbox 1076 2439 1275 2482; x_wconf 82' lang='lat' dir='ltr'>relique)f.</span> <span class='ocrx_word' id='word_1_338' title='bbox 1474 2438 1511 2470; x_wconf 91' lang='lat'>11</span> <span class='ocrx_word' id='word_1_339' title='bbox 1534 2447 1633 2479; x_wconf 87' lang='lat' dir='ltr'>quuln</span> 
     </span>
     <span class='ocr_line' id='line_1_37' title="bbox 153 2487 1650 2534; baseline -0.002 -11"><span class='ocrx_word' id='word_1_340' title='bbox 153 2487 212 2526; x_wconf 81' lang='grc' dir='ltr'>(Β)</span> <span class='ocrx_word' id='word_1_341' title='bbox 230 2490 244 2519; x_wconf 80' lang='lat'><em>?</em></span> <span class='ocrx_word' id='word_1_342' title='bbox 427 2491 469 2525; x_wconf 80' lang='lat'>12</span> <span class='ocrx_word' id='word_1_343' title='bbox 486 2493 634 2524; x_wconf 86' lang='lat' dir='ltr'>trecenti</span> <span class='ocrx_word' id='word_1_344' title='bbox 652 2492 751 2533; x_wconf 87' lang='lat' dir='ltr'><em>A(B)</em></span> <span class='ocrx_word' id='word_1_345' title='bbox 766 2493 895 2533; x_wconf 84' lang='lat' dir='ltr'>CDE,</span> <span class='ocrx_word' id='word_1_346' title='bbox 918 2503 976 2524; x_wconf 88' lang='lat' dir='ltr'>ccc</span> <span class='ocrx_word' id='word_1_347' title='bbox 994 2503 1156 2534; x_wconf 76' lang='lat' dir='ltr'>suprasc.</span> <span class='ocrx_word' id='word_1_348' title='bbox 1178 2492 1251 2534; x_wconf 81' lang='lat' dir='ltr'>tif.</span> <span class='ocrx_word' id='word_1_349' title='bbox 1427 2490 1466 2522; x_wconf 52' lang='lat'>¹13</span> <span class='ocrx_word' id='word_1_350' title='bbox 1487 2490 1650 2530; x_wconf 41' lang='lat' dir='ltr'>Britaniq</span> 
     </span>
     <span class='ocr_line' id='line_1_38' title="bbox 153 2538 1635 2587; baseline 0.003 -20"><span class='ocrx_word' id='word_1_351' title='bbox 153 2546 204 2567; x_wconf 85' lang='lat' dir='ltr'>am</span> <span class='ocrx_word' id='word_1_352' title='bbox 224 2538 264 2569; x_wconf 86' lang='lat' dir='ltr'>B.</span> <span class='ocrx_word' id='word_1_353' title='bbox 404 2548 539 2585; x_wconf 87' lang='lat' dir='ltr'>pacato,</span> <span class='ocrx_word' id='word_1_354' title='bbox 558 2544 622 2577; x_wconf 73' lang='lat' dir='ltr'>sed</span> <span class='ocrx_word' id='word_1_355' title='bbox 639 2555 654 2576; x_wconf 93' lang='lat' dir='ltr'>s</span> <span class='ocrx_word' id='word_1_356' title='bbox 672 2545 715 2576; x_wconf 84' lang='lat' dir='ltr'>ab</span> <span class='ocrx_word' id='word_1_357' title='bbox 735 2544 813 2576; x_wconf 82' lang='lat' dir='ltr'>ead.</span> <span class='ocrx_word' id='word_1_358' title='bbox 834 2555 881 2576; x_wconf 82' lang='lat' dir='ltr'>m.</span> <span class='ocrx_word' id='word_1_359' title='bbox 901 2556 1010 2586; x_wconf 76' lang='lat' dir='ltr'>supra</span> <span class='ocrx_word' id='word_1_360' title='bbox 1030 2547 1211 2587; x_wconf 71' lang='lat' dir='ltr'>ascripta,</span> <span class='ocrx_word' id='word_1_361' title='bbox 1231 2545 1273 2576; x_wconf 85' lang='lat' dir='ltr'>B.</span> <span class='ocrx_word' id='word_1_362' title='bbox 1425 2543 1465 2575; x_wconf 84' lang='grc'>16</span> <span class='ocrx_word' id='word_1_363' title='bbox 1485 2552 1560 2574; x_wconf 86' lang='lat' dir='ltr'>sese</span> <span class='ocrx_word' id='word_1_364' title='bbox 1580 2542 1635 2573; x_wconf 90' lang='lat' dir='ltr'>de-</span> 
     </span>
     <span class='ocr_line' id='line_1_39' title="bbox 154 2587 1634 2638; baseline 0.004 -21"><span class='ocrx_word' id='word_1_365' title='bbox 154 2587 266 2619; x_wconf 84' lang='lat' dir='ltr'>serent</span> <span class='ocrx_word' id='word_1_366' title='bbox 281 2599 327 2621; x_wconf 87' lang='lat' dir='ltr'>m.</span> <span class='ocrx_word' id='word_1_367' title='bbox 345 2601 401 2632; x_wconf 82' lang='lat' dir='ltr'>pr.</span> <span class='ocrx_word' id='word_1_368' title='bbox 419 2594 463 2625; x_wconf 83' lang='lat' dir='ltr'>B.</span> <span class='ocrx_word' id='word_1_369' title='bbox 675 2595 715 2628; x_wconf 88' lang='lat'>17</span> <span class='ocrx_word' id='word_1_370' title='bbox 735 2606 796 2627; x_wconf 78' lang='lat' dir='ltr'>sex</span> <span class='ocrx_word' id='word_1_371' title='bbox 814 2596 976 2636; x_wconf 40' lang='lat' dir='ltr'>⁴-1(B)E‚</span> <span class='ocrx_word' id='word_1_372' title='bbox 997 2607 1031 2628; x_wconf 76' lang='lat' dir='ltr'>vr</span> <span class='ocrx_word' id='word_1_373' title='bbox 1050 2597 1125 2638; x_wconf 80' lang='lat' dir='ltr'><em>(f).</em></span> <span class='ocrx_word' id='word_1_374' title='bbox 1347 2594 1389 2627; x_wconf 74' lang='lat'>*18</span> <span class='ocrx_word' id='word_1_375' title='bbox 1408 2593 1572 2625; x_wconf 81' lang='lat' dir='ltr'>auxilium</span> <span class='ocrx_word' id='word_1_376' title='bbox 1590 2594 1634 2624; x_wconf 76' lang='lat' dir='ltr'>A,</span> 
     </span>
     <span class='ocr_line' id='line_1_40' title="bbox 295 2639 1627 2688; baseline 0 -15"><span class='ocrx_word' id='word_1_377' title='bbox 295 2639 442 2683; x_wconf 82' lang='lat' dir='ltr'>inpetum</span> <span class='ocrx_word' id='word_1_378' title='bbox 461 2644 503 2675; x_wconf 88' lang='lat' dir='ltr'>B.</span> <span class='ocrx_word' id='word_1_379' title='bbox 713 2646 753 2679; x_wconf 84' lang='lat'>19</span> <span class='ocrx_word' id='word_1_380' title='bbox 773 2650 933 2688; x_wconf 89' lang='lat' dir='ltr'>quattuor</span> <span class='ocrx_word' id='word_1_381' title='bbox 948 2648 1047 2687; x_wconf 77' lang='lat' dir='ltr'>AB,</span> <span class='ocrx_word' id='word_1_382' title='bbox 1067 2652 1214 2688; x_wconf 86' lang='lat' dir='ltr'>quatuor</span> <span class='ocrx_word' id='word_1_383' title='bbox 1228 2646 1276 2686; x_wconf 90' lang='grc' dir='ltr'>Ε,·</span> <span class='ocrx_word' id='word_1_384' title='bbox 1295 2656 1345 2678; x_wconf 86' lang='lat'>1111</span> <span class='ocrx_word' id='word_1_385' title='bbox 1364 2654 1525 2686; x_wconf 77' lang='lat' dir='ltr'>supr-asc.</span> <span class='ocrx_word' id='word_1_386' title='bbox 1547 2644 1627 2684; x_wconf 78' lang='lat' dir='ltr'>ors.</span> 
     </span>
     <span class='ocr_line' id='line_1_41' title="bbox 293 2691 1630 2739; baseline -0.001 -13"><span class='ocrx_word' id='word_1_387' title='bbox 293 2691 335 2724; x_wconf 74' lang='grc'>20</span> <span class='ocrx_word' id='word_1_388' title='bbox 354 2694 530 2734; x_wconf 85' lang='lat' dir='ltr'>conplures</span> <span class='ocrx_word' id='word_1_389' title='bbox 549 2696 592 2727; x_wconf 89' lang='lat' dir='ltr'>B.</span> <span class='ocrx_word' id='word_1_390' title='bbox 825 2698 876 2728; x_wconf 89' lang='lat' dir='ltr'>his</span> <span class='ocrx_word' id='word_1_391' title='bbox 895 2698 1014 2739; x_wconf 63' lang='lat' dir='ltr'>Afer</span> <span class='ocrx_word' id='word_1_392' title='bbox 1029 2708 1098 2729; x_wconf 83' lang='lat' dir='ltr'>sec.</span> <span class='ocrx_word' id='word_1_393' title='bbox 1118 2708 1166 2729; x_wconf 85' lang='lat' dir='ltr'>m.</span> <span class='ocrx_word' id='word_1_394' title='bbox 1185 2697 1237 2737; x_wconf 91' lang='lat' dir='ltr'>B,</span> <span class='ocrx_word' id='word_1_395' title='bbox 1258 2697 1285 2728; x_wconf 89' lang='lat' dir='ltr'>is</span> <span class='ocrx_word' id='word_1_396' title='bbox 1303 2697 1352 2735; x_wconf 87' lang='grc' dir='ltr'>Β,</span> <span class='ocrx_word' id='word_1_397' title='bbox 1385 2695 1450 2726; x_wconf 84' lang='lat' dir='ltr'>hiis</span> <span class='ocrx_word' id='word_1_398' title='bbox 1468 2695 1518 2733; x_wconf 86' lang='lat' dir='ltr'>E,·</span> <span class='ocrx_word' id='word_1_399' title='bbox 1537 2694 1578 2725; x_wconf 89' lang='lat' dir='ltr'>iis</span> <span class='ocrx_word' id='word_1_400' title='bbox 1596 2704 1630 2724; x_wconf 77' lang='lat' dir='ltr'>u.</span> 
     </span>
     <span class='ocr_line' id='line_1_42' title="bbox 292 2741 1630 2789; baseline 0.006 -15"><span class='ocrx_word' id='word_1_401' title='bbox 292 2741 331 2774; x_wconf 81' lang='lat'>21</span> <span class='ocrx_word' id='word_1_402' title='bbox 354 2742 386 2773; x_wconf 88' lang='lat' dir='ltr'>in</span> <span class='ocrx_word' id='word_1_403' title='bbox 404 2750 587 2786; x_wconf 87' lang='lat' dir='ltr'>conspectu</span> <span class='ocrx_word' id='word_1_404' title='bbox 604 2747 648 2778; x_wconf 88' lang='lat' dir='ltr'>A.</span> <span class='ocrx_word' id='word_1_405' title='bbox 806 2748 849 2781; x_wconf 79' lang='lat'>23</span> <span class='ocrx_word' id='word_1_406' title='bbox 868 2747 983 2780; x_wconf 88' lang='lat' dir='ltr'>Titum</span> <span class='ocrx_word' id='word_1_407' title='bbox 1001 2749 1052 2789; x_wconf 79' lang='lat' dir='ltr'>B,</span> <span class='ocrx_word' id='word_1_408' title='bbox 1073 2747 1114 2780; x_wconf 90' lang='lat' dir='ltr'>T.</span> <span class='ocrx_word' id='word_1_409' title='bbox 1134 2759 1170 2780; x_wconf 84' lang='lat' dir='ltr'>u.</span> <span class='ocrx_word' id='word_1_410' title='bbox 1339 2747 1382 2781; x_wconf 78' lang='lat'>24</span> <span class='ocrx_word' id='word_1_411' title='bbox 1400 2746 1441 2777; x_wconf 72' lang='lat' dir='ltr'>iis</span> <span class='ocrx_word' id='word_1_412' title='bbox 1461 2742 1580 2785; x_wconf 85' lang='lat' dir='ltr'><em>(B)E‚</em></span> <span class='ocrx_word' id='word_1_413' title='bbox 1601 2741 1630 2772; x_wconf 62' lang='lat' dir='ltr'>is</span> 
     </span>
     <span class='ocr_line' id='line_1_43' title="bbox 156 2792 1490 2837; baseline -0.004 -6"><span class='ocrx_word' id='word_1_414' title='bbox 156 2793 200 2831; x_wconf 57' lang='lat' dir='ltr'>C,</span> <span class='ocrx_word' id='word_1_415' title='bbox 223 2792 274 2823; x_wconf 71' lang='lat' dir='ltr'>his</span> <span class='ocrx_word' id='word_1_416' title='bbox 292 2794 346 2832; x_wconf 68' lang='grc' dir='ltr'>Αἰ</span> <span class='ocrx_word' id='word_1_417' title='bbox 367 2804 432 2826; x_wconf 74' lang='lat'><strong><em>⁰⁷⁷1·</em></strong></span> <span class='ocrx_word' id='word_1_418' title='bbox 453 2796 516 2837; x_wconf 82' lang='lat' dir='ltr'>bf·</span> <span class='ocrx_word' id='word_1_419' title='bbox 726 2798 879 2831; x_wconf 84' lang='lat' dir='ltr'>Britania</span> <span class='ocrx_word' id='word_1_420' title='bbox 898 2800 939 2831; x_wconf 88' lang='lat' dir='ltr'>B.</span> <span class='ocrx_word' id='word_1_421' title='bbox 1149 2800 1192 2833; x_wconf 79' lang='lat'>25</span> <span class='ocrx_word' id='word_1_422' title='bbox 1212 2798 1403 2831; x_wconf 85' lang='lat' dir='ltr'>siccitatem</span> <span class='ocrx_word' id='word_1_423' title='bbox 1425 2797 1490 2837; x_wconf 84' lang='lat' dir='ltr'>bf.</span> 
     </span>
    </p>
   </div>
   <div class='ocr_carea' id='block_1_6' title="bbox 156 2846 335 2888">
    <p class='ocr_par' dir='ltr' id='par_1_6' title="bbox 156 2846 335 2888">
     <span class='ocr_line' id='line_1_44' title="bbox 156 2846 335 2888; baseline -0.006 -12"><span class='ocrx_word' id='word_1_424' title='bbox 156 2846 335 2888; x_wconf 82' lang='lat' dir='ltr'>paludiss.</span> 
     </span>
    </p>
   </div>
  </div>
 </body>
</html>
