1835 3240
732 161 1156 203 -198—

203 284 271 317 aut
299 276 535 317 uernaculae
565 275 732 330 legionis
763 275 874 314 miles
906 280 975 313 aut
1005 273 1260 314 diuturnitate
1281 273 1356 314 iam
1380 274 1503 314 factus
1526 273 1684 327 prouin-

201 344 328 394 cialis‚
353 358 428 398 quo
450 344 488 386 in
512 356 674 383 numero
696 350 783 382 erat
803 341 975 381 secunda
995 341 1113 394 legio,
1139 355 1217 381 non
1240 356 1326 382 cum
1349 342 1452 381 omni
1483 342 1685 395 prouincia

202 418 463 452 consenserat
483 412 522 451 in
545 411 633 450 odio
657 407 816 451 Cassii’.
850 407 999 448 Verum
1021 409 1151 462 inepte
1173 409 1409 449 uernaculae
1431 409 1597 462 legionis
1613 409 1684 448 mi-

201 480 291 520 lites
320 480 598 519 discernuntur
627 478 672 516 ab
702 476 776 525 iis,
811 477 873 530 qui
906 476 985 516 nati
1017 483 1132 517 erant
1161 476 1198 515 in
1231 477 1454 529 prouincia:
1488 477 1558 516 hos
1580 476 1682 516 enim

200 547 307 601 ipsos
330 547 471 586 milites
493 545 532 585 in
556 543 758 596 prouincia
779 544 904 584 fuisse
926 551 1040 584 natos
1067 557 1210 584 nomen
1240 544 1407 596 legionis
1426 544 1682 584 demonstrat.

203 612 459 654 Scribendum
484 618 571 652 erat
603 616 663 651 ‘ut
682 611 918 652 uernaculae
940 611 1106 664 legionis
1128 611 1268 651 miles'.

317 678 364 720 C.
382 678 450 729 55,
475 678 499 718 3
522 678 615 721 mihi
636 693 716 719 non
737 679 996 732 persuadetur
1017 692 1111 718 sana
1135 692 1223 718 esse
1244 679 1339 718 haec
1362 677 1508 718 uerba:
1537 676 1687 717 ‘Minu-

203 749 298 789 tium
321 746 471 787 libertis
493 746 612 785 tradit
630 747 955 796 excruciandum,
978 746 1071 786 item
1086 743 1341 800 Calpurnium
1354 742 1598 793 Saluianum,
1624 743 1688 797 qui

203 815 407 868 profitetur
423 813 608 853 indicium
631 813 1002 867 coniuratorumque
1023 827 1224 854 numerum
1248 819 1380 866 auget,
1404 826 1514 862 uere,
1540 819 1582 851 ut
1603 810 1689 863 qui-

204 883 289 922 dam
313 881 570 929 existimant,
594 887 639 920 ut
658 881 835 921 nonnulli
857 888 1098 934 queruntur,
1125 887 1301 921 coactus.
1336 879 1481 920 Iisdem
1505 878 1687 919 cruciati-

201 950 273 988 bus
295 949 458 988 affectus
480 945 531 987 L.
557 946 761 1000 Mergilio.
806 947 978 1001 Squillus
1011 949 1188 989 nominat
1218 949 1365 1002 plures,
1404 960 1501 1000 quos
1524 943 1688 986 Cassius

201 1016 369 1056 interfici
391 1015 527 1056 iubet'.
570 1014 676 1055 Nam
708 1022 750 1055 ut
782 1016 987 1057 ‘affectus'
1011 1017 1177 1070 positum
1201 1016 1459 1056 concedamus
1482 1028 1552 1069 pro
1578 1014 1688 1054 ‘affe-

202 1091 288 1124 ctus
311 1082 400 1132 ess,
426 1082 527 1136 quod
550 1083 610 1123 hic
631 1083 834 1123 admodum
857 1084 951 1124 dure
973 1085 1104 1132 fieret,
1137 1084 1353 1133 tamenim,
1388 1096 1486 1136 quae
1509 1083 1555 1122 de
1578 1080 1688 1121 Mer-

203 1151 349 1204 gilione
379 1151 635 1200 referuntur⁷
674 1150 775 1190 male
815 1151 1020 1204 sequentia
1051 1166 1074 1191 a
1111 1151 1381 1205 superioribus
1414 1151 1684 1202 diiunguntur,

202 1233 287 1259 cum
320 1225 486 1270 utraque
516 1218 556 1257 in
589 1217 723 1258 eadem
754 1231 796 1258 re
820 1225 1041 1259 uersentur.
1085 1218 1140 1258 Et
1161 1220 1302 1259 mirum
1325 1226 1383 1259 est
1404 1217 1686 1270 Mergilionem

202 1286 438 1329 cruciatibus
470 1285 649 1326 affectum
681 1292 747 1324 aut
778 1286 906 1326 nullos
937 1286 1163 1327 nominasse
1193 1294 1261 1326 aut
1290 1287 1361 1326 hoc
1384 1300 1461 1325 non
1484 1286 1531 1325 ab
1555 1284 1687 1325 Hirtio

199 1368 289 1395 esse
309 1353 491 1395 relatum.
526 1351 691 1394 Viderat
713 1352 807 1393 haec
820 1350 1074 1400 Ciacconius,
1106 1355 1190 1403 sed,
1224 1361 1267 1394 ut
1288 1361 1373 1393 erat
1395 1353 1626 1393 temerarius
1647 1352 1688 1392 in

201 1421 475 1470 coniectando,
503 1420 662 1462 ‘affecti'
686 1420 890 1470 efficiebat,
914 1421 1017 1461 inter
1037 1419 1315 1475 Mergilionem
1344 1427 1383 1460 et
1406 1417 1599 1474 Squillum
1623 1433 1689 1459 co-

199 1489 330 1543 pulam
360 1487 586 1537 inserebat,
621 1487 787 1542 denique
824 1487 1069 1529 ‘nominant'
1093 1489 1303 1529 scribebat.
1350 1487 1435 1527 Aut
1455 1494 1546 1527 ante
1568 1486 1689 1527 uerba

201 1554 395 1609 ‘Squillus
417 1555 594 1595 nominat
617 1556 759 1610 plures'
784 1556 971 1608 quaedam
995 1556 1247 1605 exciderunt,
1272 1562 1337 1596 aut
1352 1553 1525 1607 Squillus
1542 1554 1688 1594 eicien-

201 1625 272 1669 dus
294 1631 381 1674 est,
416 1637 530 1676 quem
553 1637 587 1663 c.
613 1623 688 1671 52,
720 1622 747 1663 4
777 1624 908 1663 statim
933 1630 1021 1677 post
1048 1622 1327 1676 Mergilionem
1361 1622 1602 1662 nominatum
1625 1621 1686 1661 hic

200 1691 426 1732 desiderare
448 1697 603 1744 poterat
623 1690 826 1743 magister,
858 1691 1088 1743 praesertim
1112 1705 1197 1730 cum
1220 1691 1266 1730 ad
1288 1690 1480 1730 iacentem
1505 1687 1687 1730 Cassium

197 1758 419 1799 iuuolasset
439 1771 606 1810 eumque
628 1757 780 1798 leuibus
802 1757 926 1810 plagis
949 1758 1184 1798 sauciasset.

311 1823 431 1869 Initio
454 1839 488 1864 c.
514 1824 566 1866 57
588 1825 643 1866 ita
676 1824 828 1865 editur:
868 1823 1057 1865 ‘Interim
1088 1824 1140 1864 L.
1164 1823 1316 1873 Titius,
1351 1824 1414 1876 qui
1444 1838 1491 1864 eo
1513 1830 1688 1877 tempore

199 1892 379 1935 tribunus
402 1892 563 1934 militum
585 1893 626 1933 in
648 1893 804 1945 legione
826 1893 1038 1933 uernacula
1062 1894 1190 1932 fuerat
1205 1923 1215 1941 ,
1250 1891 1405 1932 nuntiat
1434 1893 1536 1932 fama
1565 1892 1688 1946 legio-

198 1974 288 2000 nem
309 1958 456 2010 XXX,
481 1973 595 2012 quam
617 1957 668 2012 Ω.
696 1957 863 2001 Cassius
884 1961 1036 2015 legatus
1060 1961 1174 2001 simul
1197 1959 1375 2008 ducebat,
1402 1973 1490 1999 cum
1512 1960 1559 1999 ad
1581 1959 1688 2013 oppi-

202 2028 288 2072 dum
319 2025 477 2081 Leptim
499 2034 630 2068 castra
651 2028 837 2078 haberet,
870 2029 1064 2068 seditione
1097 2029 1198 2068 facta
1221 2027 1515 2067 centurionibus
1538 2028 1689 2080 aliquot

198 2095 357 2143 occisis,
383 2096 446 2148 qui
468 2096 583 2150 signa
602 2096 687 2137 tolli
709 2110 788 2136 non
810 2096 1069 2149 patiebantur,
1096 2096 1327 2136 discessisse
1349 2101 1389 2134 et
1409 2095 1456 2134 ad
1477 2095 1687 2134 secundam

193 2163 394 2216 legionem
420 2163 693 2211 contendisse,
726 2177 824 2216 quae.
843 2164 890 2203 ad
914 2164 1053 2203 fretum
1077 2163 1153 2204 alio
1176 2163 1318 2203 itinere
1333 2162 1579 2202 ducebatur'.
1605 2160 1687 2202 Ve-

197 2244 284 2271 rum
308 2231 398 2283 quid
420 2232 514 2271 illud
540 2230 685 2271 ‘simul'
708 2231 781 2271 sibi
794 2231 928 2280 uellet,
952 2245 1078 2284 neque
1092 2230 1535 2285 explicauitquisquam‚
1562 2241 1688 2281 neque

202 2298 393 2352 explicari
424 2305 568 2352 potest.
612 2297 720 2339 Vere
750 2299 910 2352 egregia
939 2306 1001 2339 est
1030 2312 1156 2351 neque
1178 2299 1310 2352 digna,
1335 2309 1434 2350 quae
1456 2294 1686 2337 Oberlinum

201 2371 351 2406 tantum
383 2379 614 2419 praeconem
644 2365 867 2414 inueniret,
904 2366 1122 2406 emendatio
1152 2364 1290 2405 Iurinii
1321 2364 1372 2403 ita
1405 2364 1500 2404 haec
1530 2364 1687 2403 confor-

200 2432 366 2477 mantis:
403 2438 412 2455 ⁶
429 2433 584 2474 nuntiat
614 2447 698 2474 eam
730 2447 753 2475 a
772 2433 929 2487 legione
950 2432 1102 2481 XXX,
1137 2447 1249 2486 quam
1273 2430 1321 2484 Ω
1345 2429 1510 2472 Cassius
1532 2431 1687 2484 legatus

199 2500 316 2542 simul
337 2500 520 2549 ducebat,
545 2524 598 2532 —
622 2501 881 2541 discessisse'.
917 2500 1026 2541 Haec
1048 2501 1137 2541 inde
1160 2501 1455 2548 confirmantur,
1480 2499 1578 2551 quod
1603 2499 1639 2552 §-
1661 2495 1686 2536 3

200 2567 402 2611 uernaculi
434 2581 477 2609 re
499 2581 595 2608 uera
617 2569 663 2609 ad
695 2569 906 2609 secundam
930 2569 1124 2623 legionem
1146 2568 1373 2622 peruenisse
1396 2567 1593 2615 dicuntur,
1617 2566 1688 2606 tri-

199 2634 388 2679 cesimani
410 2643 539 2676 autem
562 2636 610 2675 ad
624 2636 901 2689 imperatorem
924 2649 1037 2675 suum
1060 2633 1310 2676 Carmonam.
1355 2633 1508 2674 Deinde
1538 2634 1594 2674 ita
1622 2633 1688 2673 de-

198 2717 303 2743 mum
325 2710 502 2757 apparet,
527 2703 777 2755 quamobrem
799 2703 895 2743 haec
917 2717 940 2742 a
961 2703 1118 2743 tribuno
1140 2702 1305 2757 legionis
1329 2701 1566 2742 uernaculae
1587 2714 1687 2741 nuu-

200 2771 299 2811 tiala
319 2771 413 2811 sint.
446 2768 509 2810 De
520 2768 639 2823 Lepti
651 2770 836 2810 mihinon
848 2771 970 2824 magis
986 2784 1097 2823 quam
1111 2771 1198 2811 aliis
1218 2770 1423 2826 quicquam
1447 2775 1687 2822 compertum

202 2844 274 2879 est.
325 2835 441 2888 Quod
462 2844 592 2878 autem
615 2837 789 2878 eiusdem
812 2838 981 2878 nominis
1005 2838 1097 2878 urbs
1119 2839 1159 2878 in
1180 2837 1320 2878 Africa
1344 2838 1437 2886 fuit,
1470 2843 1578 2877 recte
1609 2848 1686 2875 non
