<?xml version="1.0" encoding="UTF-8"?>
<!DOCTYPE html PUBLIC "-//W3C//DTD XHTML 1.0 Transitional//EN"
    "http://www.w3.org/TR/xhtml1/DTD/xhtml1-transitional.dtd">
<html xmlns="http://www.w3.org/1999/xhtml" xml:lang="en" lang="en">
 <head>
  <title>
</title>
<meta http-equiv="Content-Type" content="text/html;charset=utf-8" />
  <meta name='ocr-system' content='tesseract 3.04.00' />
  <meta name='ocr-capabilities' content='ocr_page ocr_carea ocr_par ocr_line ocrx_word'/>
</head>
<body>
  <div class='ocr_page' id='page_1' title='image "./commentarii00caesuoft_0635.png"; bbox 0 0 1835 3240; ppageno 0'>
   <div class='ocr_carea' id='block_1_1' title="bbox 100 898 141 932">
    <p class='ocr_par' dir='ltr' id='par_1_1' title="bbox 100 898 141 932">
     <span class='ocr_line' id='line_1_1' title="bbox 100 898 141 932; baseline 0 0"><span class='ocrx_word' id='word_1_1' title='bbox 100 898 141 932; x_wconf 91' lang='grc'><strong>10</strong></span> 
     </span>
    </p>
   </div>
   <div class='ocr_carea' id='block_1_2' title="bbox 101 1238 141 1271">
    <p class='ocr_par' dir='ltr' id='par_1_2' title="bbox 101 1238 141 1271">
     <span class='ocr_line' id='line_1_2' title="bbox 101 1238 141 1271; baseline -0.025 0"><span class='ocrx_word' id='word_1_2' title='bbox 101 1238 141 1271; x_wconf 88' lang='grc'><strong>15</strong></span> 
     </span>
    </p>
   </div>
   <div class='ocr_carea' id='block_1_3' title="bbox 98 1577 141 1611">
    <p class='ocr_par' dir='ltr' id='par_1_3' title="bbox 98 1577 141 1611">
     <span class='ocr_line' id='line_1_3' title="bbox 98 1577 141 1611; baseline -0.023 0"><span class='ocrx_word' id='word_1_3' title='bbox 98 1577 141 1611; x_wconf 89' lang='grc'><strong>20</strong></span> 
     </span>
    </p>
   </div>
   <div class='ocr_carea' id='block_1_4' title="bbox 97 1916 140 1950">
    <p class='ocr_par' dir='ltr' id='par_1_4' title="bbox 97 1916 140 1950">
     <span class='ocr_line' id='line_1_4' title="bbox 97 1916 140 1950; baseline -0.023 0"><span class='ocrx_word' id='word_1_4' title='bbox 97 1916 140 1950; x_wconf 84' lang='grc'><strong>25</strong></span> 
     </span>
    </p>
   </div>
   <div class='ocr_carea' id='block_1_5' title="bbox 98 2256 140 2289">
    <p class='ocr_par' dir='ltr' id='par_1_5' title="bbox 98 2256 140 2289">
     <span class='ocr_line' id='line_1_5' title="bbox 98 2256 140 2289; baseline 0.024 -1"><span class='ocrx_word' id='word_1_5' title='bbox 98 2256 140 2289; x_wconf 85' lang='grc'><strong>30</strong></span> 
     </span>
    </p>
   </div>
   <div class='ocr_carea' id='block_1_6' title="bbox 736 162 1730 208">
    <p class='ocr_par' dir='ltr' id='par_1_6' title="bbox 736 162 1730 208">
     <span class='ocr_line' id='line_1_6' title="bbox 736 162 1730 208; baseline 0 -1"><span class='ocrx_word' id='word_1_6' title='bbox 736 163 924 208; x_wconf 85' lang='lat' dir='ltr'><strong>CAPVT</strong></span> <span class='ocrx_word' id='word_1_7' title='bbox 947 162 968 204; x_wconf 89' lang='lat'>1</span> <span class='ocrx_word' id='word_1_8' title='bbox 981 187 1038 195; x_wconf 95' lang='lat'>—</span> <span class='ocrx_word' id='word_1_9' title='bbox 1049 162 1091 204; x_wconf 87' lang='lat'><strong>3.</strong></span> <span class='ocrx_word' id='word_1_10' title='bbox 1647 163 1730 207; x_wconf 81' lang='lat'><strong>625</strong></span> 
     </span>
    </p>
   </div>
   <div class='ocr_carea' id='block_1_7' title="bbox 171 276 1712 2305">
    <p class='ocr_par' dir='ltr' id='par_1_7' title="bbox 171 276 1712 2305">
     <span class='ocr_line' id='line_1_7' title="bbox 173 276 1654 332; baseline -0.005 -6"><span class='ocrx_word' id='word_1_11' title='bbox 173 281 383 326; x_wconf 76' lang='lat' dir='ltr'>structuris</span> <span class='ocrx_word' id='word_1_12' title='bbox 412 293 459 320; x_wconf 89' lang='lat' dir='ltr'><strong>ac</strong></span> <span class='ocrx_word' id='word_1_13' title='bbox 489 278 704 319; x_wconf 80' lang='lat' dir='ltr'><strong>fornicibus</strong></span> <span class='ocrx_word' id='word_1_14' title='bbox 737 279 993 320; x_wconf 88' lang='lat' dir='ltr'><strong>continentur</strong></span> <span class='ocrx_word' id='word_1_15' title='bbox 1014 283 1193 329; x_wconf 86' lang='lat' dir='ltr'><strong>tectaque</strong></span> <span class='ocrx_word' id='word_1_16' title='bbox 1223 282 1317 315; x_wconf 87' lang='lat' dir='ltr'><strong>sunt</strong></span> <span class='ocrx_word' id='word_1_17' title='bbox 1337 276 1479 316; x_wconf 85' lang='lat' dir='ltr'><strong>rudere</strong></span> <span class='ocrx_word' id='word_1_18' title='bbox 1501 285 1568 317; x_wconf 87' lang='lat' dir='ltr'><strong>aut</strong></span> <span class='ocrx_word' id='word_1_19' title='bbox 1589 292 1654 332; x_wconf 90' lang='lat' dir='ltr'><strong>pa-</strong></span> 
     </span>
     <span class='ocr_line' id='line_1_8' title="bbox 174 343 1705 399; baseline -0.002 -9"><span class='ocrx_word' id='word_1_20' title='bbox 174 349 369 392; x_wconf 89' lang='lat' dir='ltr'><strong>uimentis.</strong></span> <span class='ocrx_word' id='word_1_21' title='bbox 414 345 568 388; x_wconf 84' lang='lat' dir='ltr'><strong>Caesar</strong></span> <span class='ocrx_word' id='word_1_22' title='bbox 588 347 759 388; x_wconf 81' lang='lat' dir='ltr'>maxime</span> <span class='ocrx_word' id='word_1_23' title='bbox 781 347 976 396; x_wconf 81' lang='lat' dir='ltr'>studebat,</span> <span class='ocrx_word' id='word_1_24' title='bbox 1002 353 1060 395; x_wconf 88' lang='lat' dir='ltr'><strong>ut,</strong></span> <span class='ocrx_word' id='word_1_25' title='bbox 1092 357 1205 398; x_wconf 90' lang='lat' dir='ltr'><strong>quam</strong></span> <span class='ocrx_word' id='word_1_26' title='bbox 1227 343 1546 396; x_wconf 84' lang='lat' dir='ltr'><strong>angustissimam</strong></span> <span class='ocrx_word' id='word_1_27' title='bbox 1569 360 1656 399; x_wconf 89' lang='lat' dir='ltr'><strong>par·</strong></span> <span class='ocrx_word' id='word_1_28' title='bbox 1678 345 1705 387; x_wconf 83' lang='lat'><strong>4</strong></span> 
     </span>
     <span class='ocr_line' id='line_1_9' title="bbox 173 410 1658 470; baseline -0.003 -13"><span class='ocrx_word' id='word_1_29' title='bbox 173 426 251 458; x_wconf 89' lang='lat' dir='ltr'><strong>tem</strong></span> <span class='ocrx_word' id='word_1_30' title='bbox 273 416 400 470; x_wconf 87' lang='lat' dir='ltr'>oppidi</span> <span class='ocrx_word' id='word_1_31' title='bbox 422 415 532 470; x_wconf 87' lang='lat' dir='ltr'><strong>palus</strong></span> <span class='ocrx_word' id='word_1_32' title='bbox 555 430 577 455; x_wconf 88' lang='lat' dir='ltr'><strong>a</strong></span> <span class='ocrx_word' id='word_1_33' title='bbox 598 414 761 455; x_wconf 88' lang='lat' dir='ltr'><strong>meridie</strong></span> <span class='ocrx_word' id='word_1_34' title='bbox 782 415 991 455; x_wconf 88' lang='lat' dir='ltr'><strong>interiecta</strong></span> <span class='ocrx_word' id='word_1_35' title='bbox 1013 411 1230 461; x_wconf 88' lang='lat' dir='ltr'><strong>efficiebat,</strong></span> <span class='ocrx_word' id='word_1_36' title='bbox 1264 410 1364 450; x_wconf 86' lang='lat' dir='ltr'><strong>hanc</strong></span> <span class='ocrx_word' id='word_1_37' title='bbox 1397 411 1578 463; x_wconf 91' lang='lat' dir='ltr'><strong>operibus</strong></span> <span class='ocrx_word' id='word_1_38' title='bbox 1600 413 1658 453; x_wconf 89' lang='lat' dir='ltr'><strong>ui-</strong></span> 
     </span>
     <span class='ocr_line' id='line_1_10' title="bbox 173 477 1704 538; baseline -0.003 -12"><span class='ocrx_word' id='word_1_39' title='bbox 173 485 338 538; x_wconf 87' lang='lat' dir='ltr'><strong>neisque</strong></span> <span class='ocrx_word' id='word_1_40' title='bbox 360 484 524 538; x_wconf 76' lang='lat' dir='ltr'><strong>agendis</strong></span> <span class='ocrx_word' id='word_1_41' title='bbox 546 483 592 523; x_wconf 89' lang='lat' dir='ltr'><strong>ab</strong></span> <span class='ocrx_word' id='word_1_42' title='bbox 615 482 766 535; x_wconf 87' lang='lat' dir='ltr'><strong>reliqua</strong></span> <span class='ocrx_word' id='word_1_43' title='bbox 788 488 898 536; x_wconf 87' lang='lat' dir='ltr'><strong>parte</strong></span> <span class='ocrx_word' id='word_1_44' title='bbox 919 482 1027 522; x_wconf 91' lang='lat' dir='ltr'><strong>urbis</strong></span> <span class='ocrx_word' id='word_1_45' title='bbox 1051 479 1307 528; x_wconf 82' lang='lat' dir='ltr'><strong>excluderet,</strong></span> <span class='ocrx_word' id='word_1_46' title='bbox 1342 477 1434 518; x_wconf 90' lang='lat' dir='ltr'><strong>illud</strong></span> <span class='ocrx_word' id='word_1_47' title='bbox 1456 486 1654 532; x_wconf 87' lang='lat' dir='ltr'><strong>spectans,</strong></span> <span class='ocrx_word' id='word_1_48' title='bbox 1680 480 1704 522; x_wconf 88' lang='lat'>5</span> 
     </span>
     <span class='ocr_line' id='line_1_11' title="bbox 178 545 1659 607; baseline -0.003 -15"><span class='ocrx_word' id='word_1_49' title='bbox 178 553 357 607; x_wconf 90' lang='lat' dir='ltr'><strong>primum,</strong></span> <span class='ocrx_word' id='word_1_50' title='bbox 382 559 439 601; x_wconf 91' lang='lat' dir='ltr'><strong>ut,</strong></span> <span class='ocrx_word' id='word_1_51' title='bbox 466 566 551 591; x_wconf 88' lang='lat' dir='ltr'><strong>cum</strong></span> <span class='ocrx_word' id='word_1_52' title='bbox 573 551 614 590; x_wconf 91' lang='lat' dir='ltr'><strong>in</strong></span> <span class='ocrx_word' id='word_1_53' title='bbox 637 550 730 590; x_wconf 86' lang='lat' dir='ltr'><strong>duas</strong></span> <span class='ocrx_word' id='word_1_54' title='bbox 754 557 886 603; x_wconf 89' lang='lat' dir='ltr'><strong>partes</strong></span> <span class='ocrx_word' id='word_1_55' title='bbox 909 555 1016 590; x_wconf 87' lang='lat' dir='ltr'><strong>esset</strong></span> <span class='ocrx_word' id='word_1_56' title='bbox 1037 548 1130 589; x_wconf 92' lang='lat' dir='ltr'><strong>urbs</strong></span> <span class='ocrx_word' id='word_1_57' title='bbox 1152 546 1278 587; x_wconf 84' lang='lat' dir='ltr'><strong>diuisa</strong></span> <span class='ocrx_word' id='word_1_58' title='bbox 1293 575 1303 594; x_wconf 88' lang='lat'><strong>,</strong></span> <span class='ocrx_word' id='word_1_59' title='bbox 1338 545 1443 586; x_wconf 85' lang='lat' dir='ltr'><strong>acies</strong></span> <span class='ocrx_word' id='word_1_60' title='bbox 1467 560 1542 586; x_wconf 92' lang='lat' dir='ltr'><strong>uno</strong></span> <span class='ocrx_word' id='word_1_61' title='bbox 1566 561 1659 587; x_wconf 90' lang='lat' dir='ltr'><strong>con-</strong></span> 
     </span>
     <span class='ocr_line' id='line_1_12' title="bbox 173 612 1659 673; baseline -0.004 -12"><span class='ocrx_word' id='word_1_62' title='bbox 173 621 262 661; x_wconf 89' lang='lat' dir='ltr'><strong>silio</strong></span> <span class='ocrx_word' id='word_1_63' title='bbox 285 627 400 673; x_wconf 90' lang='lat' dir='ltr'><strong>atque</strong></span> <span class='ocrx_word' id='word_1_64' title='bbox 422 618 586 673; x_wconf 90' lang='lat' dir='ltr'><strong>imperio</strong></span> <span class='ocrx_word' id='word_1_65' title='bbox 610 617 978 666; x_wconf 80' lang='lat' dir='ltr'><strong>administraretur,</strong></span> <span class='ocrx_word' id='word_1_66' title='bbox 1013 616 1153 656; x_wconf 88' lang='lat' dir='ltr'><strong>deinde</strong></span> <span class='ocrx_word' id='word_1_67' title='bbox 1168 645 1178 664; x_wconf 93' lang='lat'>‚</span> <span class='ocrx_word' id='word_1_68' title='bbox 1215 621 1259 654; x_wconf 87' lang='lat' dir='ltr'><strong>ut</strong></span> <span class='ocrx_word' id='word_1_69' title='bbox 1279 612 1546 654; x_wconf 78' lang='lat' dir='ltr'><strong>laborantibus</strong></span> <span class='ocrx_word' id='word_1_70' title='bbox 1570 628 1659 655; x_wconf 90' lang='lat' dir='ltr'><strong>suc-</strong></span> 
     </span>
     <span class='ocr_line' id='line_1_13' title="bbox 175 681 1708 741; baseline -0.004 -12"><span class='ocrx_word' id='word_1_71' title='bbox 175 688 281 729; x_wconf 87' lang='lat' dir='ltr'><strong>curri</strong></span> <span class='ocrx_word' id='word_1_72' title='bbox 313 695 429 741; x_wconf 86' lang='lat' dir='ltr'><strong>atque</strong></span> <span class='ocrx_word' id='word_1_73' title='bbox 459 701 510 727; x_wconf 81' lang='lat' dir='ltr'><strong>ex</strong></span> <span class='ocrx_word' id='word_1_74' title='bbox 531 687 655 727; x_wconf 87' lang='lat' dir='ltr'><strong>altera</strong></span> <span class='ocrx_word' id='word_1_75' title='bbox 677 685 806 740; x_wconf 85' lang='lat' dir='ltr'><strong>oppidi</strong></span> <span class='ocrx_word' id='word_1_76' title='bbox 828 691 938 739; x_wconf 87' lang='lat' dir='ltr'><strong>parte</strong></span> <span class='ocrx_word' id='word_1_77' title='bbox 960 684 1152 725; x_wconf 83' lang='lat' dir='ltr'><strong>auxilium</strong></span> <span class='ocrx_word' id='word_1_78' title='bbox 1175 682 1271 722; x_wconf 85' lang='lat' dir='ltr'><strong>ferri</strong></span> <span class='ocrx_word' id='word_1_79' title='bbox 1293 688 1448 736; x_wconf 85' lang='lat' dir='ltr'><strong>posset,</strong></span> <span class='ocrx_word' id='word_1_80' title='bbox 1480 682 1658 735; x_wconf 89' lang='lat' dir='ltr'><strong>inprimis</strong></span> <span class='ocrx_word' id='word_1_81' title='bbox 1681 681 1708 723; x_wconf 87' lang='grc'><strong>6</strong></span> 
     </span>
     <span class='ocr_line' id='line_1_14' title="bbox 173 749 1660 808; baseline -0.004 -11"><span class='ocrx_word' id='word_1_82' title='bbox 173 770 269 797; x_wconf 89' lang='grc'><strong>11610</strong></span> <span class='ocrx_word' id='word_1_83' title='bbox 284 787 294 806; x_wconf 89' lang='grc'>,</span> <span class='ocrx_word' id='word_1_84' title='bbox 329 762 372 795; x_wconf 90' lang='lat' dir='ltr'><strong>ut</strong></span> <span class='ocrx_word' id='word_1_85' title='bbox 401 769 501 808; x_wconf 88' lang='lat' dir='ltr'><strong>aqua</strong></span> <span class='ocrx_word' id='word_1_86' title='bbox 533 754 751 808; x_wconf 89' lang='lat' dir='ltr'><strong>pabuloque</strong></span> <span class='ocrx_word' id='word_1_87' title='bbox 774 753 1019 802; x_wconf 88' lang='lat' dir='ltr'><strong>abundaret,</strong></span> <span class='ocrx_word' id='word_1_88' title='bbox 1055 764 1218 805; x_wconf 91' lang='lat' dir='ltr'><strong>quarum</strong></span> <span class='ocrx_word' id='word_1_89' title='bbox 1241 749 1405 789; x_wconf 87' lang='lat' dir='ltr'><strong>alterius</strong></span> <span class='ocrx_word' id='word_1_90' title='bbox 1426 749 1485 790; x_wconf 90' lang='lat' dir='ltr'><strong>rei</strong></span> <span class='ocrx_word' id='word_1_91' title='bbox 1507 750 1660 804; x_wconf 89' lang='lat' dir='ltr'><strong>copiam</strong></span> 
     </span>
     <span class='ocr_line' id='line_1_15' title="bbox 175 817 1662 877; baseline -0.004 -13"><span class='ocrx_word' id='word_1_92' title='bbox 175 824 375 877; x_wconf 83' lang='lat' dir='ltr'><strong>exiguam,</strong></span> <span class='ocrx_word' id='word_1_93' title='bbox 399 823 562 864; x_wconf 88' lang='lat' dir='ltr'><strong>alterius</strong></span> <span class='ocrx_word' id='word_1_94' title='bbox 584 822 726 863; x_wconf 88' lang='lat' dir='ltr'><strong>nullam</strong></span> <span class='ocrx_word' id='word_1_95' title='bbox 750 821 909 861; x_wconf 89' lang='lat' dir='ltr'><strong>omnino</strong></span> <span class='ocrx_word' id='word_1_96' title='bbox 933 821 1157 861; x_wconf 82' lang='lat' dir='ltr'><strong>facultatem</strong></span> <span class='ocrx_word' id='word_1_97' title='bbox 1181 817 1371 868; x_wconf 80' lang='lat' dir='ltr'><strong>babebat3</strong></span> <span class='ocrx_word' id='word_1_98' title='bbox 1396 818 1497 870; x_wconf 91' lang='lat' dir='ltr'><strong>quod</strong></span> <span class='ocrx_word' id='word_1_99' title='bbox 1514 825 1662 858; x_wconf 91' lang='lat' dir='ltr'><strong>utrum-</strong></span> 
     </span>
     <span class='ocr_line' id='line_1_16' title="bbox 174 885 1707 946; baseline -0.003 -14"><span class='ocrx_word' id='word_1_100' title='bbox 174 905 248 946; x_wconf 85' lang='lat' dir='ltr'><strong>que</strong></span> <span class='ocrx_word' id='word_1_101' title='bbox 269 891 379 946; x_wconf 86' lang='lat' dir='ltr'><strong>large</strong></span> <span class='ocrx_word' id='word_1_102' title='bbox 411 891 521 945; x_wconf 92' lang='lat' dir='ltr'><strong>palus</strong></span> <span class='ocrx_word' id='word_1_103' title='bbox 552 890 741 945; x_wconf 87' lang='lat' dir='ltr'><strong>praebere</strong></span> <span class='ocrx_word' id='word_1_104' title='bbox 775 895 946 944; x_wconf 86' lang='lat' dir='ltr'><strong>poterat.</strong></span> <span class='ocrx_word' id='word_1_105' title='bbox 1006 886 1151 940; x_wconf 90' lang='lat' dir='ltr'><strong>Neque</strong></span> <span class='ocrx_word' id='word_1_106' title='bbox 1181 899 1277 926; x_wconf 91' lang='lat' dir='ltr'><strong>uero</strong></span> <span class='ocrx_word' id='word_1_107' title='bbox 1298 885 1585 927; x_wconf 85' lang='lat' dir='ltr'><strong>Alexandrinis</strong></span> <span class='ocrx_word' id='word_1_108' title='bbox 1615 886 1656 928; x_wconf 89' lang='lat' dir='ltr'><strong>in</strong></span> <span class='ocrx_word' id='word_1_109' title='bbox 1678 886 1707 931; x_wconf 76' lang='grc'>2</span> 
     </span>
     <span class='ocr_line' id='line_1_17' title="bbox 174 953 1662 1013; baseline -0.003 -13"><span class='ocrx_word' id='word_1_110' title='bbox 174 959 356 1012; x_wconf 87' lang='lat' dir='ltr'><strong>gerendis</strong></span> <span class='ocrx_word' id='word_1_111' title='bbox 389 959 559 1013; x_wconf 90' lang='lat' dir='ltr'><strong>negotiis</strong></span> <span class='ocrx_word' id='word_1_112' title='bbox 592 958 792 998; x_wconf 86' lang='lat' dir='ltr'><strong>cunctatio</strong></span> <span class='ocrx_word' id='word_1_113' title='bbox 821 957 897 997; x_wconf 88' lang='lat' dir='ltr'><strong>ulla</strong></span> <span class='ocrx_word' id='word_1_114' title='bbox 929 962 997 996; x_wconf 90' lang='lat' dir='ltr'><strong>aut</strong></span> <span class='ocrx_word' id='word_1_115' title='bbox 1024 968 1138 995; x_wconf 88' lang='lat' dir='ltr'><strong>mora</strong></span> <span class='ocrx_word' id='word_1_116' title='bbox 1171 953 1431 993; x_wconf 84' lang='lat' dir='ltr'><strong>inferebatur.</strong></span> <span class='ocrx_word' id='word_1_117' title='bbox 1493 953 1599 995; x_wconf 86' lang='lat' dir='ltr'><strong>Nam</strong></span> <span class='ocrx_word' id='word_1_118' title='bbox 1619 954 1662 995; x_wconf 90' lang='lat' dir='ltr'><strong>in</strong></span> 
     </span>
     <span class='ocr_line' id='line_1_18' title="bbox 174 1021 1662 1081; baseline -0.003 -14"><span class='ocrx_word' id='word_1_119' title='bbox 174 1040 311 1067; x_wconf 90' lang='grc'><strong>01111165</strong></span> <span class='ocrx_word' id='word_1_120' title='bbox 333 1034 481 1080; x_wconf 87' lang='lat' dir='ltr'><strong>partes,</strong></span> <span class='ocrx_word' id='word_1_121' title='bbox 506 1040 576 1080; x_wconf 88' lang='lat' dir='ltr'><strong>per</strong></span> <span class='ocrx_word' id='word_1_122' title='bbox 598 1039 695 1081; x_wconf 87' lang='lat' dir='ltr'><strong>quas</strong></span> <span class='ocrx_word' id='word_1_123' title='bbox 717 1025 814 1065; x_wconf 90' lang='lat' dir='ltr'><strong>fines</strong></span> <span class='ocrx_word' id='word_1_124' title='bbox 835 1023 1010 1078; x_wconf 84' lang='lat' dir='ltr'><strong>Aegypti</strong></span> <span class='ocrx_word' id='word_1_125' title='bbox 1030 1035 1272 1077; x_wconf 87' lang='lat' dir='ltr'><strong>regnumque</strong></span> <span class='ocrx_word' id='word_1_126' title='bbox 1294 1021 1480 1075; x_wconf 80' lang='lat' dir='ltr'><strong>pertinet,</strong></span> <span class='ocrx_word' id='word_1_127' title='bbox 1508 1022 1662 1076; x_wconf 87' lang='lat' dir='ltr'><strong>legatos</strong></span> 
     </span>
     <span class='ocr_line' id='line_1_19' title="bbox 173 1090 1661 1148; baseline -0.003 -13"><span class='ocrx_word' id='word_1_128' title='bbox 173 1094 538 1148; x_wconf 89' lang='lat' dir='ltr'><strong>conquisitoresque</strong></span> <span class='ocrx_word' id='word_1_129' title='bbox 562 1093 732 1134; x_wconf 91' lang='lat' dir='ltr'><strong>delectus</strong></span> <span class='ocrx_word' id='word_1_130' title='bbox 754 1092 921 1133; x_wconf 88' lang='lat' dir='ltr'><strong>habendi</strong></span> <span class='ocrx_word' id='word_1_131' title='bbox 934 1104 1053 1131; x_wconf 87' lang='lat' dir='ltr'><strong>causa</strong></span> <span class='ocrx_word' id='word_1_132' title='bbox 1074 1090 1281 1140; x_wconf 82' lang='lat' dir='ltr'><strong>miserant,</strong></span> <span class='ocrx_word' id='word_1_133' title='bbox 1306 1103 1568 1144; x_wconf 87' lang='lat' dir='ltr'><strong>magnumque</strong></span> <span class='ocrx_word' id='word_1_134' title='bbox 1590 1104 1661 1130; x_wconf 91' lang='lat' dir='ltr'><strong>nu-</strong></span> 
     </span>
     <span class='ocr_line' id='line_1_20' title="bbox 172 1157 1661 1216; baseline -0.004 -13"><span class='ocrx_word' id='word_1_135' title='bbox 172 1175 323 1202; x_wconf 87' lang='lat' dir='ltr'><strong>merum</strong></span> <span class='ocrx_word' id='word_1_136' title='bbox 344 1162 385 1203; x_wconf 91' lang='lat' dir='ltr'><strong>in</strong></span> <span class='ocrx_word' id='word_1_137' title='bbox 407 1162 587 1216; x_wconf 90' lang='lat' dir='ltr'><strong>oppidum</strong></span> <span class='ocrx_word' id='word_1_138' title='bbox 610 1161 779 1202; x_wconf 90' lang='lat' dir='ltr'><strong>telorum</strong></span> <span class='ocrx_word' id='word_1_139' title='bbox 801 1167 918 1213; x_wconf 91' lang='lat' dir='ltr'><strong>atque</strong></span> <span class='ocrx_word' id='word_1_140' title='bbox 940 1165 1227 1199; x_wconf 89' lang='lat' dir='ltr'><strong>tormentorum</strong></span> <span class='ocrx_word' id='word_1_141' title='bbox 1251 1164 1526 1198; x_wconf 79' lang='lat' dir='ltr'><strong>conuexerant</strong></span> <span class='ocrx_word' id='word_1_142' title='bbox 1542 1163 1581 1197; x_wconf 91' lang='lat' dir='ltr'><strong>et</strong></span> <span class='ocrx_word' id='word_1_143' title='bbox 1600 1157 1661 1198; x_wconf 89' lang='lat' dir='ltr'><strong>in-</strong></span> 
     </span>
     <span class='ocr_line' id='line_1_21' title="bbox 174 1224 1710 1272; baseline -0.004 -1"><span class='ocrx_word' id='word_1_144' title='bbox 174 1230 455 1272; x_wconf 86' lang='lat' dir='ltr'><strong>numerabilem</strong></span> <span class='ocrx_word' id='word_1_145' title='bbox 477 1229 764 1270; x_wconf 84' lang='lat' dir='ltr'><strong>multitudinem</strong></span> <span class='ocrx_word' id='word_1_146' title='bbox 787 1228 1051 1268; x_wconf 73' lang='lat' dir='ltr'><strong>adduxerant.</strong></span> <span class='ocrx_word' id='word_1_147' title='bbox 1093 1224 1182 1267; x_wconf 80' lang='lat' dir='ltr'><strong>Nec</strong></span> <span class='ocrx_word' id='word_1_148' title='bbox 1204 1226 1333 1266; x_wconf 89' lang='lat' dir='ltr'><strong>minus</strong></span> <span class='ocrx_word' id='word_1_149' title='bbox 1354 1226 1395 1266; x_wconf 89' lang='grc'><strong>111</strong></span> <span class='ocrx_word' id='word_1_150' title='bbox 1417 1226 1512 1266; x_wconf 85' lang='grc'><strong>111116</strong></span> <span class='ocrx_word' id='word_1_151' title='bbox 1535 1225 1662 1266; x_wconf 85' lang='lat' dir='ltr'><strong>maxi·</strong></span> <span class='ocrx_word' id='word_1_152' title='bbox 1682 1224 1710 1265; x_wconf 84' lang='lat'>2</span> 
     </span>
     <span class='ocr_line' id='line_1_22' title="bbox 173 1293 1663 1348; baseline -0.004 -9"><span class='ocrx_word' id='word_1_153' title='bbox 173 1312 260 1339; x_wconf 90' lang='lat' dir='ltr'><strong>mae</strong></span> <span class='ocrx_word' id='word_1_154' title='bbox 282 1313 480 1339; x_wconf 89' lang='lat' dir='ltr'><strong>armorum</strong></span> <span class='ocrx_word' id='word_1_155' title='bbox 503 1305 616 1338; x_wconf 88' lang='lat' dir='ltr'><strong>erant</strong></span> <span class='ocrx_word' id='word_1_156' title='bbox 638 1298 841 1338; x_wconf 88' lang='lat' dir='ltr'><strong>institutae</strong></span> <span class='ocrx_word' id='word_1_157' title='bbox 864 1296 1058 1336; x_wconf 86' lang='lat' dir='ltr'><strong>officinae.</strong></span> <span class='ocrx_word' id='word_1_158' title='bbox 1121 1293 1273 1336; x_wconf 80' lang='lat' dir='ltr'><strong>seruos</strong></span> <span class='ocrx_word' id='word_1_159' title='bbox 1304 1301 1512 1348; x_wconf 84' lang='lat' dir='ltr'><strong>praeterea</strong></span> <span class='ocrx_word' id='word_1_160' title='bbox 1543 1293 1663 1347; x_wconf 88' lang='lat' dir='ltr'><strong>pube-</strong></span> 
     </span>
     <span class='ocr_line' id='line_1_23' title="bbox 173 1362 1662 1419; baseline -0.004 -12"><span class='ocrx_word' id='word_1_161' title='bbox 173 1381 239 1407; x_wconf 88' lang='lat' dir='ltr'><strong>res</strong></span> <span class='ocrx_word' id='word_1_162' title='bbox 269 1373 547 1417; x_wconf 82' lang='lat' dir='ltr'><strong>armauerant3</strong></span> <span class='ocrx_word' id='word_1_163' title='bbox 591 1365 729 1419; x_wconf 88' lang='lat' dir='ltr'><strong>quibus</strong></span> <span class='ocrx_word' id='word_1_164' title='bbox 761 1364 907 1405; x_wconf 91' lang='lat' dir='ltr'><strong>domini</strong></span> <span class='ocrx_word' id='word_1_165' title='bbox 938 1362 1215 1418; x_wconf 88' lang='lat' dir='ltr'><strong>locupletiores</strong></span> <span class='ocrx_word' id='word_1_166' title='bbox 1244 1362 1391 1402; x_wconf 90' lang='lat' dir='ltr'><strong>uictum</strong></span> <span class='ocrx_word' id='word_1_167' title='bbox 1424 1362 1662 1402; x_wconf 86' lang='lat' dir='ltr'><strong>cotidianum</strong></span> 
     </span>
     <span class='ocr_line' id='line_1_24' title="bbox 174 1429 1710 1489; baseline -0.003 -14"><span class='ocrx_word' id='word_1_168' title='bbox 174 1435 487 1489; x_wconf 82' lang='lat' dir='ltr'><strong>stipendiumque</strong></span> <span class='ocrx_word' id='word_1_169' title='bbox 508 1433 764 1488; x_wconf 84' lang='lat' dir='ltr'><strong>praebebant.</strong></span> <span class='ocrx_word' id='word_1_170' title='bbox 817 1431 904 1472; x_wconf 88' lang='lat' dir='ltr'><strong>Hac</strong></span> <span class='ocrx_word' id='word_1_171' title='bbox 934 1431 1180 1472; x_wconf 75' lang='lat' dir='ltr'><strong>multitudine</strong></span> <span class='ocrx_word' id='word_1_172' title='bbox 1213 1430 1401 1484; x_wconf 89' lang='lat' dir='ltr'><strong>disposita</strong></span> <span class='ocrx_word' id='word_1_173' title='bbox 1422 1429 1662 1470; x_wconf 84' lang='lat' dir='ltr'><strong>munitiones</strong></span> <span class='ocrx_word' id='word_1_174' title='bbox 1685 1429 1710 1470; x_wconf 90' lang='lat'><strong>3</strong></span> 
     </span>
     <span class='ocr_line' id='line_1_25' title="bbox 174 1498 1662 1556; baseline -0.003 -13"><span class='ocrx_word' id='word_1_175' title='bbox 174 1509 414 1543; x_wconf 86' lang='lat' dir='ltr'><strong>semotarum</strong></span> <span class='ocrx_word' id='word_1_176' title='bbox 436 1502 605 1556; x_wconf 88' lang='lat' dir='ltr'><strong>partium</strong></span> <span class='ocrx_word' id='word_1_177' title='bbox 627 1501 865 1552; x_wconf 82' lang='lat' dir='ltr'><strong>tuebantur3</strong></span> <span class='ocrx_word' id='word_1_178' title='bbox 891 1507 1103 1541; x_wconf 86' lang='lat' dir='ltr'><strong>ueteranas</strong></span> <span class='ocrx_word' id='word_1_179' title='bbox 1125 1498 1309 1539; x_wconf 89' lang='lat' dir='ltr'><strong>cohortes</strong></span> <span class='ocrx_word' id='word_1_180' title='bbox 1333 1513 1475 1539; x_wconf 87' lang='lat' dir='ltr'><strong>uacuas</strong></span> <span class='ocrx_word' id='word_1_181' title='bbox 1497 1498 1538 1538; x_wconf 91' lang='grc'><strong>111</strong></span> <span class='ocrx_word' id='word_1_182' title='bbox 1560 1499 1662 1538; x_wconf 88' lang='lat' dir='ltr'><strong>cele-</strong></span> 
     </span>
     <span class='ocr_line' id='line_1_26' title="bbox 171 1567 1660 1622; baseline -0.003 -11"><span class='ocrx_word' id='word_1_183' title='bbox 171 1570 355 1611; x_wconf 90' lang='lat' dir='ltr'><strong>berrimis</strong></span> <span class='ocrx_word' id='word_1_184' title='bbox 378 1570 486 1611; x_wconf 91' lang='lat' dir='ltr'><strong>urbis</strong></span> <span class='ocrx_word' id='word_1_185' title='bbox 509 1569 608 1610; x_wconf 88' lang='lat' dir='ltr'><strong>locis</strong></span> <span class='ocrx_word' id='word_1_186' title='bbox 631 1569 842 1620; x_wconf 86' lang='lat' dir='ltr'><strong>habebant,</strong></span> <span class='ocrx_word' id='word_1_187' title='bbox 866 1576 924 1620; x_wconf 78' lang='lat' dir='ltr'><strong>ut,</strong></span> <span class='ocrx_word' id='word_1_188' title='bbox 949 1581 1192 1622; x_wconf 88' lang='lat' dir='ltr'><strong>quacumque</strong></span> <span class='ocrx_word' id='word_1_189' title='bbox 1214 1567 1378 1621; x_wconf 86' lang='lat' dir='ltr'><strong>regione</strong></span> <span class='ocrx_word' id='word_1_190' title='bbox 1400 1573 1660 1622; x_wconf 84' lang='lat' dir='ltr'><strong>pugnaretur,</strong></span> 
     </span>
     <span class='ocr_line' id='line_1_27' title="bbox 173 1632 1711 1693; baseline -0.003 -14"><span class='ocrx_word' id='word_1_191' title='bbox 173 1639 340 1693; x_wconf 87' lang='lat' dir='ltr'><strong>integris</strong></span> <span class='ocrx_word' id='word_1_192' title='bbox 372 1639 520 1679; x_wconf 89' lang='lat' dir='ltr'><strong>uiribus</strong></span> <span class='ocrx_word' id='word_1_193' title='bbox 552 1638 600 1678; x_wconf 93' lang='lat' dir='ltr'><strong>ad</strong></span> <span class='ocrx_word' id='word_1_194' title='bbox 630 1638 822 1678; x_wconf 80' lang='lat' dir='ltr'><strong>auxilium</strong></span> <span class='ocrx_word' id='word_1_195' title='bbox 853 1637 1057 1677; x_wconf 90' lang='lat' dir='ltr'><strong>ferendum</strong></span> <span class='ocrx_word' id='word_1_196' title='bbox 1081 1636 1223 1691; x_wconf 91' lang='lat' dir='ltr'><strong>opponi</strong></span> <span class='ocrx_word' id='word_1_197' title='bbox 1246 1643 1422 1690; x_wconf 86' lang='lat' dir='ltr'><strong>possent.</strong></span> <span class='ocrx_word' id='word_1_198' title='bbox 1467 1632 1661 1676; x_wconf 88' lang='lat' dir='ltr'><strong>Omnibus</strong></span> <span class='ocrx_word' id='word_1_199' title='bbox 1683 1633 1711 1674; x_wconf 84' lang='lat'>4</span> 
     </span>
     <span class='ocr_line' id='line_1_28' title="bbox 172 1704 1663 1762; baseline -0.003 -16"><span class='ocrx_word' id='word_1_200' title='bbox 172 1706 247 1747; x_wconf 90' lang='lat' dir='ltr'><strong>uiis</strong></span> <span class='ocrx_word' id='word_1_201' title='bbox 270 1714 388 1760; x_wconf 88' lang='lat' dir='ltr'><strong>atque</strong></span> <span class='ocrx_word' id='word_1_202' title='bbox 410 1706 627 1762; x_wconf 87' lang='lat' dir='ltr'><strong>angiportis</strong></span> <span class='ocrx_word' id='word_1_203' title='bbox 650 1705 841 1760; x_wconf 89' lang='lat' dir='ltr'><strong>triplicem</strong></span> <span class='ocrx_word' id='word_1_204' title='bbox 865 1704 1011 1745; x_wconf 88' lang='lat' dir='ltr'><strong>uallum</strong></span> <span class='ocrx_word' id='word_1_205' title='bbox 1033 1704 1283 1745; x_wconf 81' lang='lat' dir='ltr'><strong>obduxerant</strong></span> <span class='ocrx_word' id='word_1_206' title='bbox 1297 1705 1404 1753; x_wconf 90' lang='lat' dir='ltr'><strong>(erat</strong></span> <span class='ocrx_word' id='word_1_207' title='bbox 1425 1710 1663 1756; x_wconf 89' lang='lat' dir='ltr'><strong>autemqua-</strong></span> 
     </span>
     <span class='ocr_line' id='line_1_29' title="bbox 173 1770 1658 1827; baseline -0.003 -13"><span class='ocrx_word' id='word_1_208' title='bbox 173 1774 285 1815; x_wconf 91' lang='lat' dir='ltr'><strong>drato</strong></span> <span class='ocrx_word' id='word_1_209' title='bbox 309 1782 513 1816; x_wconf 80' lang='lat' dir='ltr'><strong>extructus</strong></span> <span class='ocrx_word' id='word_1_210' title='bbox 536 1788 636 1815; x_wconf 82' lang='lat' dir='ltr'><strong>saxo</strong></span> <span class='ocrx_word' id='word_1_211' title='bbox 660 1786 785 1826; x_wconf 88' lang='lat' dir='ltr'><strong>neque</strong></span> <span class='ocrx_word' id='word_1_212' title='bbox 807 1772 936 1813; x_wconf 88' lang='lat' dir='ltr'><strong>minus</strong></span> <span class='ocrx_word' id='word_1_213' title='bbox 958 1779 1020 1813; x_wconf 87' lang='lat' dir='ltr'><strong>XL</strong></span> <span class='ocrx_word' id='word_1_214' title='bbox 1052 1772 1171 1827; x_wconf 92' lang='lat' dir='ltr'><strong>pedes</strong></span> <span class='ocrx_word' id='word_1_215' title='bbox 1208 1771 1428 1812; x_wconf 88' lang='lat' dir='ltr'><strong>altitudinis</strong></span> <span class='ocrx_word' id='word_1_216' title='bbox 1451 1770 1658 1823; x_wconf 89' lang='lat' dir='ltr'><strong>habebat),</strong></span> 
     </span>
     <span class='ocr_line' id='line_1_30' title="bbox 173 1838 1664 1897; baseline -0.003 -15"><span class='ocrx_word' id='word_1_217' title='bbox 173 1856 346 1896; x_wconf 89' lang='lat' dir='ltr'><strong>quaeque</strong></span> <span class='ocrx_word' id='word_1_218' title='bbox 368 1851 500 1897; x_wconf 90' lang='lat' dir='ltr'><strong>partes</strong></span> <span class='ocrx_word' id='word_1_219' title='bbox 524 1843 629 1883; x_wconf 88' lang='lat' dir='ltr'><strong>urbis</strong></span> <span class='ocrx_word' id='word_1_220' title='bbox 651 1841 861 1882; x_wconf 86' lang='lat' dir='ltr'><strong>inferiores</strong></span> <span class='ocrx_word' id='word_1_221' title='bbox 886 1847 1025 1891; x_wconf 88' lang='lat' dir='ltr'><strong>erant,</strong></span> <span class='ocrx_word' id='word_1_222' title='bbox 1059 1841 1130 1880; x_wconf 92' lang='lat' dir='ltr'><strong>has</strong></span> <span class='ocrx_word' id='word_1_223' title='bbox 1163 1839 1368 1880; x_wconf 87' lang='lat' dir='ltr'><strong>altissimis</strong></span> <span class='ocrx_word' id='word_1_224' title='bbox 1398 1838 1573 1879; x_wconf 86' lang='lat' dir='ltr'><strong>turribus</strong></span> <span class='ocrx_word' id='word_1_225' title='bbox 1597 1838 1664 1878; x_wconf 88' lang='lat' dir='ltr'><strong>de-</strong></span> 
     </span>
     <span class='ocr_line' id='line_1_31' title="bbox 171 1904 1709 1951; baseline -0.003 0"><span class='ocrx_word' id='word_1_226' title='bbox 171 1924 311 1950; x_wconf 88' lang='lat' dir='ltr'><strong>norum</strong></span> <span class='ocrx_word' id='word_1_227' title='bbox 333 1911 595 1951; x_wconf 87' lang='lat' dir='ltr'><strong>tabulatorum</strong></span> <span class='ocrx_word' id='word_1_228' title='bbox 619 1910 858 1951; x_wconf 88' lang='lat' dir='ltr'><strong>munierant.</strong></span> <span class='ocrx_word' id='word_1_229' title='bbox 908 1906 1125 1949; x_wconf 90' lang='lat' dir='ltr'><strong>Praeterea</strong></span> <span class='ocrx_word' id='word_1_230' title='bbox 1145 1907 1243 1948; x_wconf 87' lang='lat' dir='ltr'><strong>alias</strong></span> <span class='ocrx_word' id='word_1_231' title='bbox 1267 1906 1548 1948; x_wconf 86' lang='lat' dir='ltr'><strong>ambulatorias</strong></span> <span class='ocrx_word' id='word_1_232' title='bbox 1572 1906 1661 1946; x_wconf 83' lang='lat' dir='ltr'><strong>toti·</strong></span> <span class='ocrx_word' id='word_1_233' title='bbox 1684 1904 1709 1946; x_wconf 89' lang='lat'>5</span> 
     </span>
     <span class='ocr_line' id='line_1_32' title="bbox 174 1974 1664 2029; baseline -0.003 -11"><span class='ocrx_word' id='word_1_234' title='bbox 174 1979 259 2018; x_wconf 84' lang='lat' dir='ltr'><strong>(lem</strong></span> <span class='ocrx_word' id='word_1_235' title='bbox 282 1979 543 2019; x_wconf 90' lang='lat' dir='ltr'><strong>tabulatorum</strong></span> <span class='ocrx_word' id='word_1_236' title='bbox 565 1980 814 2019; x_wconf 84' lang='lat' dir='ltr'><strong>confixerant</strong></span> <span class='ocrx_word' id='word_1_237' title='bbox 835 1976 1101 2029; x_wconf 88' lang='lat' dir='ltr'><strong>subiectisque</strong></span> <span class='ocrx_word' id='word_1_238' title='bbox 1124 1990 1192 2016; x_wconf 89' lang='lat' dir='ltr'><strong>eas</strong></span> <span class='ocrx_word' id='word_1_239' title='bbox 1213 1976 1311 2017; x_wconf 87' lang='lat' dir='ltr'><strong>rotis</strong></span> <span class='ocrx_word' id='word_1_240' title='bbox 1335 1974 1491 2015; x_wconf 89' lang='lat' dir='ltr'><strong>funibus</strong></span> <span class='ocrx_word' id='word_1_241' title='bbox 1512 1975 1664 2015; x_wconf 89' lang='lat' dir='ltr'><strong>iumen-</strong></span> 
     </span>
     <span class='ocr_line' id='line_1_33' title="bbox 175 2043 1664 2100; baseline -0.002 -15"><span class='ocrx_word' id='word_1_242' title='bbox 175 2046 304 2100; x_wconf 90' lang='lat' dir='ltr'><strong>tisque</strong></span> <span class='ocrx_word' id='word_1_243' title='bbox 326 2047 490 2087; x_wconf 88' lang='lat' dir='ltr'><strong>obiectis</strong></span> <span class='ocrx_word' id='word_1_244' title='bbox 523 2046 683 2086; x_wconf 86' lang='lat' dir='ltr'><strong>directis</strong></span> <span class='ocrx_word' id='word_1_245' title='bbox 715 2044 855 2099; x_wconf 88' lang='lat' dir='ltr'><strong>plateis</strong></span> <span class='ocrx_word' id='word_1_246' title='bbox 887 2045 928 2085; x_wconf 88' lang='lat' dir='ltr'><strong>in</strong></span> <span class='ocrx_word' id='word_1_247' title='bbox 951 2058 1231 2097; x_wconf 85' lang='lat' dir='ltr'><strong>quamcumque</strong></span> <span class='ocrx_word' id='word_1_248' title='bbox 1253 2051 1340 2084; x_wconf 88' lang='lat' dir='ltr'><strong>erat</strong></span> <span class='ocrx_word' id='word_1_249' title='bbox 1362 2043 1488 2084; x_wconf 89' lang='lat' dir='ltr'><strong>uisum</strong></span> <span class='ocrx_word' id='word_1_250' title='bbox 1512 2049 1664 2096; x_wconf 89' lang='lat' dir='ltr'><strong>partem</strong></span> 
     </span>
     <span class='ocr_line' id='line_1_34' title="bbox 172 2109 1712 2166; baseline -0.003 -12"><span class='ocrx_word' id='word_1_251' title='bbox 172 2114 396 2154; x_wconf 88' lang='lat' dir='ltr'><strong>mouebant.</strong></span> <span class='ocrx_word' id='word_1_252' title='bbox 442 2113 548 2156; x_wconf 89' lang='lat' dir='ltr'><strong>Vrbs</strong></span> <span class='ocrx_word' id='word_1_253' title='bbox 572 2113 814 2155; x_wconf 88' lang='lat' dir='ltr'><strong>fertilissima</strong></span> <span class='ocrx_word' id='word_1_254' title='bbox 838 2120 877 2152; x_wconf 88' lang='lat' dir='ltr'><strong>et</strong></span> <span class='ocrx_word' id='word_1_255' title='bbox 898 2111 1172 2166; x_wconf 82' lang='lat' dir='ltr'><strong>copiosissima</strong></span> <span class='ocrx_word' id='word_1_256' title='bbox 1194 2112 1365 2152; x_wconf 90' lang='lat' dir='ltr'><strong>omnium</strong></span> <span class='ocrx_word' id='word_1_257' title='bbox 1387 2125 1520 2151; x_wconf 87' lang='lat' dir='ltr'><strong>rerum</strong></span> <span class='ocrx_word' id='word_1_258' title='bbox 1546 2124 1663 2164; x_wconf 86' lang='lat' dir='ltr'><strong>appa·</strong></span> <span class='ocrx_word' id='word_1_259' title='bbox 1683 2109 1712 2156; x_wconf 84' lang='lat'><strong>3</strong></span> 
     </span>
     <span class='ocr_line' id='line_1_35' title="bbox 172 2178 1660 2237; baseline -0.002 -16"><span class='ocrx_word' id='word_1_260' title='bbox 172 2188 284 2222; x_wconf 83' lang='lat' dir='ltr'><strong>ratus</strong></span> <span class='ocrx_word' id='word_1_261' title='bbox 306 2183 560 2237; x_wconf 85' lang='lat' dir='ltr'><strong>suggerebat.</strong></span> <span class='ocrx_word' id='word_1_262' title='bbox 613 2182 695 2237; x_wconf 90' lang='lat' dir='ltr'><strong>Ipsi</strong></span> <span class='ocrx_word' id='word_1_263' title='bbox 725 2180 902 2222; x_wconf 86' lang='lat' dir='ltr'><strong>homines</strong></span> <span class='ocrx_word' id='word_1_264' title='bbox 934 2179 1246 2234; x_wconf 88' lang='lat' dir='ltr'><strong>ingeniosissimi</strong></span> <span class='ocrx_word' id='word_1_265' title='bbox 1280 2186 1395 2232; x_wconf 89' lang='lat' dir='ltr'><strong>atque</strong></span> <span class='ocrx_word' id='word_1_266' title='bbox 1425 2178 1660 2229; x_wconf 83' lang='lat' dir='ltr'><strong>acutissimi,</strong></span> 
     </span>
     <span class='ocr_line' id='line_1_36' title="bbox 171 2247 1662 2305; baseline -0.003 -14"><span class='ocrx_word' id='word_1_267' title='bbox 171 2264 269 2305; x_wconf 88' lang='lat' dir='ltr'><strong>quae</strong></span> <span class='ocrx_word' id='word_1_268' title='bbox 291 2265 313 2291; x_wconf 92' lang='lat' dir='ltr'><strong>a</strong></span> <span class='ocrx_word' id='word_1_269' title='bbox 335 2252 483 2292; x_wconf 89' lang='lat' dir='ltr'><strong>nostris</strong></span> <span class='ocrx_word' id='word_1_270' title='bbox 506 2251 591 2292; x_wconf 89' lang='lat' dir='ltr'><strong>fieri</strong></span> <span class='ocrx_word' id='word_1_271' title='bbox 613 2250 811 2301; x_wconf 85' lang='lat' dir='ltr'><strong>uiderant,</strong></span> <span class='ocrx_word' id='word_1_272' title='bbox 837 2263 883 2290; x_wconf 89' lang='lat' dir='ltr'><strong>ea</strong></span> <span class='ocrx_word' id='word_1_273' title='bbox 904 2247 1068 2289; x_wconf 86' lang='lat' dir='ltr'><strong>solertia</strong></span> <span class='ocrx_word' id='word_1_274' title='bbox 1090 2247 1333 2297; x_wconf 88' lang='lat' dir='ltr'><strong>efficiebant,</strong></span> <span class='ocrx_word' id='word_1_275' title='bbox 1366 2254 1408 2287; x_wconf 92' lang='lat' dir='ltr'><strong>ut</strong></span> <span class='ocrx_word' id='word_1_276' title='bbox 1429 2247 1554 2288; x_wconf 89' lang='lat' dir='ltr'><strong>nostri</strong></span> <span class='ocrx_word' id='word_1_277' title='bbox 1575 2247 1662 2288; x_wconf 90' lang='lat' dir='ltr'><strong>illo-</strong></span> 
     </span>
    </p>
   </div>
   <div class='ocr_carea' id='block_1_8' title="bbox 173 2357 1662 2910">
    <p class='ocr_par' dir='ltr' id='par_1_8' title="bbox 173 2357 1662 2910">
     <span class='ocr_line' id='line_1_37' title="bbox 317 2357 1661 2401; baseline -0.002 -8"><span class='ocrx_word' id='word_1_278' title='bbox 317 2362 331 2394; x_wconf 93' lang='lat'>1</span> <span class='ocrx_word' id='word_1_279' title='bbox 353 2361 575 2394; x_wconf 65' lang='lat' dir='ltr'><strong>instruetur-is</strong></span> <span class='ocrx_word' id='word_1_280' title='bbox 596 2362 628 2393; x_wconf 88' lang='lat' dir='ltr'><strong>b.</strong></span> <span class='ocrx_word' id='word_1_281' title='bbox 803 2370 842 2392; x_wconf 85' lang='lat' dir='ltr'><strong>ac</strong></span> <span class='ocrx_word' id='word_1_282' title='bbox 862 2359 1051 2392; x_wconf 84' lang='lat' dir='ltr'><strong>fornicibus</strong></span> <span class='ocrx_word' id='word_1_283' title='bbox 1070 2369 1091 2390; x_wconf 86' lang='lat' dir='ltr'><strong>a</strong></span> <span class='ocrx_word' id='word_1_284' title='bbox 1112 2359 1207 2390; x_wconf 71' lang='lat' dir='ltr'><strong>‘ms-S.</strong></span> <span class='ocrx_word' id='word_1_285' title='bbox 1229 2358 1272 2400; x_wconf 80' lang='lat'><strong>5&#39;,</strong></span> <span class='ocrx_word' id='word_1_286' title='bbox 1294 2363 1395 2401; x_wconf 89' lang='lat' dir='ltr'><strong>atque</strong></span> <span class='ocrx_word' id='word_1_287' title='bbox 1415 2357 1604 2390; x_wconf 87' lang='lat' dir='ltr'><strong>fornicibus</strong></span> <span class='ocrx_word' id='word_1_288' title='bbox 1625 2369 1661 2391; x_wconf 84' lang='lat' dir='ltr'><strong>u.</strong></span> 
     </span>
     <span class='ocr_line' id='line_1_38' title="bbox 314 2410 1661 2456; baseline -0.003 -11"><span class='ocrx_word' id='word_1_289' title='bbox 314 2413 387 2456; x_wconf 84' lang='lat' dir='ltr'><strong>aut]</strong></span> <span class='ocrx_word' id='word_1_290' title='bbox 407 2424 445 2445; x_wconf 88' lang='lat' dir='ltr'><strong>ac</strong></span> <span class='ocrx_word' id='word_1_291' title='bbox 466 2415 497 2445; x_wconf 81' lang='lat' dir='ltr'><strong>b.</strong></span> <span class='ocrx_word' id='word_1_292' title='bbox 661 2414 682 2445; x_wconf 82' lang='lat'>4</span> <span class='ocrx_word' id='word_1_293' title='bbox 701 2417 862 2455; x_wconf 84' lang='lat' dir='ltr'><strong>spectans</strong></span> <span class='ocrx_word' id='word_1_294' title='bbox 883 2411 1123 2450; x_wconf 73' lang='lat' dir='ltr'><strong>Vaseosanus,</strong></span> <span class='ocrx_word' id='word_1_295' title='bbox 1144 2415 1353 2452; x_wconf 84' lang='lat' dir='ltr'><strong>exspectans</strong></span> <span class='ocrx_word' id='word_1_296' title='bbox 1372 2410 1473 2442; x_wconf 84' lang='lat' dir='ltr'><strong>codd.</strong></span> <span class='ocrx_word' id='word_1_297' title='bbox 1495 2410 1589 2452; x_wconf 79' lang='lat' dir='ltr'><strong>(exp.</strong></span> <span class='ocrx_word' id='word_1_298' title='bbox 1609 2413 1661 2449; x_wconf 86' lang='lat' dir='ltr'><strong>a).</strong></span> 
     </span>
     <span class='ocr_line' id='line_1_39' title="bbox 315 2462 1662 2508; baseline -0.003 -11"><span class='ocrx_word' id='word_1_299' title='bbox 315 2466 387 2497; x_wconf 76' lang='lat'><strong>5111</strong></span> <span class='ocrx_word' id='word_1_300' title='bbox 406 2466 491 2497; x_wconf 86' lang='lat' dir='ltr'><strong>duas</strong></span> <span class='ocrx_word' id='word_1_301' title='bbox 519 2470 636 2508; x_wconf 85' lang='lat' dir='ltr'><strong>partes</strong></span> <span class='ocrx_word' id='word_1_302' title='bbox 665 2470 760 2496; x_wconf 86' lang='lat' dir='ltr'><strong>esset</strong></span> <span class='ocrx_word' id='word_1_303' title='bbox 777 2474 798 2496; x_wconf 86' lang='lat' dir='ltr'><strong>a</strong></span> <span class='ocrx_word' id='word_1_304' title='bbox 816 2465 1039 2506; x_wconf 75' lang='lat' dir='ltr'><strong>Stephanus,</strong></span> <span class='ocrx_word' id='word_1_305' title='bbox 1068 2466 1161 2494; x_wconf 83' lang='lat' dir='ltr'><strong>esset</strong></span> <span class='ocrx_word' id='word_1_306' title='bbox 1189 2462 1223 2493; x_wconf 92' lang='lat' dir='ltr'><strong>in</strong></span> <span class='ocrx_word' id='word_1_307' title='bbox 1250 2462 1333 2493; x_wconf 88' lang='lat' dir='ltr'><strong>duas</strong></span> <span class='ocrx_word' id='word_1_308' title='bbox 1359 2467 1475 2504; x_wconf 88' lang='lat' dir='ltr'><strong>partes</strong></span> <span class='ocrx_word' id='word_1_309' title='bbox 1499 2462 1662 2503; x_wconf 78' lang='lat' dir='ltr'><strong>reliquae</strong></span> 
     </span>
     <span class='ocr_line' id='line_1_40' title="bbox 174 2513 1662 2560; baseline -0.001 -14"><span class='ocrx_word' id='word_1_310' title='bbox 174 2515 253 2547; x_wconf 79' lang='lat' dir='ltr'><strong>edd.</strong></span> <span class='ocrx_word' id='word_1_311' title='bbox 403 2518 498 2550; x_wconf 89' lang='lat' dir='ltr'><strong>urbis</strong></span> <span class='ocrx_word' id='word_1_312' title='bbox 519 2519 550 2549; x_wconf 85' lang='lat' dir='ltr'><strong>b.</strong></span> <span class='ocrx_word' id='word_1_313' title='bbox 685 2517 703 2549; x_wconf 92' lang='lat'><strong>7</strong></span> <span class='ocrx_word' id='word_1_314' title='bbox 717 2518 749 2549; x_wconf 87' lang='lat' dir='ltr'><strong>iu</strong></span> <span class='ocrx_word' id='word_1_315' title='bbox 769 2517 887 2560; x_wconf 88' lang='lat' dir='ltr'><strong>primis</strong></span> <span class='ocrx_word' id='word_1_316' title='bbox 906 2516 970 2558; x_wconf 84' lang='lat' dir='ltr'><strong>(a).</strong></span> <span class='ocrx_word' id='word_1_317' title='bbox 1109 2513 1148 2546; x_wconf 86' lang='grc'><strong>10</strong></span> <span class='ocrx_word' id='word_1_318' title='bbox 1167 2514 1262 2554; x_wconf 83' lang='lat' dir='ltr'><strong>large</strong></span> <span class='ocrx_word' id='word_1_319' title='bbox 1281 2513 1377 2556; x_wconf 88' lang='lat' dir='ltr'><strong>palus</strong></span> <span class='ocrx_word' id='word_1_320' title='bbox 1397 2524 1430 2554; x_wconf 87' lang='lat' dir='ltr'><strong>a,</strong></span> <span class='ocrx_word' id='word_1_321' title='bbox 1451 2514 1549 2556; x_wconf 87' lang='lat' dir='ltr'><strong>palus</strong></span> <span class='ocrx_word' id='word_1_322' title='bbox 1568 2515 1662 2555; x_wconf 86' lang='lat' dir='ltr'><strong>large</strong></span> 
     </span>
     <span class='ocr_line' id='line_1_41' title="bbox 175 2565 1662 2612; baseline -0.001 -13"><span class='ocrx_word' id='word_1_323' title='bbox 175 2568 254 2600; x_wconf 78' lang='lat' dir='ltr'><strong>edd.</strong></span> <span class='ocrx_word' id='word_1_324' title='bbox 417 2571 457 2603; x_wconf 83' lang='lat'><strong>12</strong></span> <span class='ocrx_word' id='word_1_325' title='bbox 476 2571 559 2602; x_wconf 85' lang='lat' dir='ltr'><strong>fines</strong></span> <span class='ocrx_word' id='word_1_326' title='bbox 579 2580 648 2602; x_wconf 88' lang='lat' dir='ltr'><strong>om.</strong></span> <span class='ocrx_word' id='word_1_327' title='bbox 671 2570 702 2601; x_wconf 82' lang='lat' dir='ltr'><strong>b.</strong></span> <span class='ocrx_word' id='word_1_328' title='bbox 845 2568 989 2612; x_wconf 81' lang='lat' dir='ltr'><strong>Aegypti</strong></span> <span class='ocrx_word' id='word_1_329' title='bbox 1007 2578 1028 2599; x_wconf 87' lang='grc' dir='ltr'><em>α</em></span> <span class='ocrx_word' id='word_1_330' title='bbox 1050 2568 1155 2598; x_wconf 55' lang='lat' dir='ltr'><strong>‘mssa</strong></span> <span class='ocrx_word' id='word_1_331' title='bbox 1176 2569 1318 2598; x_wconf 76' lang='lat' dir='ltr'><strong>tantum</strong></span> <span class='ocrx_word' id='word_1_332' title='bbox 1337 2576 1406 2597; x_wconf 84' lang='lat' dir='ltr'><strong>non</strong></span> <span class='ocrx_word' id='word_1_333' title='bbox 1425 2565 1576 2606; x_wconf 85' lang='lat' dir='ltr'><strong>omnes’,</strong></span> <span class='ocrx_word' id='word_1_334' title='bbox 1596 2566 1662 2598; x_wconf 82' lang='lat' dir='ltr'><strong>Ae-</strong></span> 
     </span>
     <span class='ocr_line' id='line_1_42' title="bbox 175 2618 1659 2663; baseline -0.002 -12"><span class='ocrx_word' id='word_1_335' title='bbox 175 2620 281 2663; x_wconf 73' lang='lat' dir='ltr'><strong>gyptii</strong></span> <span class='ocrx_word' id='word_1_336' title='bbox 298 2620 443 2663; x_wconf 79' lang='lat' dir='ltr'><strong>Lipsius</strong></span> <span class='ocrx_word' id='word_1_337' title='bbox 460 2632 496 2653; x_wconf 83' lang='lat' dir='ltr'><strong>u.</strong></span> <span class='ocrx_word' id='word_1_338' title='bbox 637 2631 776 2662; x_wconf 85' lang='lat' dir='ltr'><strong>regnum</strong></span> <span class='ocrx_word' id='word_1_339' title='bbox 798 2621 829 2652; x_wconf 86' lang='lat' dir='ltr'><strong>b.</strong></span> <span class='ocrx_word' id='word_1_340' title='bbox 981 2619 1021 2652; x_wconf 86' lang='lat'><strong>13</strong></span> <span class='ocrx_word' id='word_1_341' title='bbox 1041 2618 1188 2650; x_wconf 85' lang='lat' dir='ltr'><strong>dilectus</strong></span> <span class='ocrx_word' id='word_1_342' title='bbox 1208 2618 1259 2659; x_wconf 82' lang='lat' dir='ltr'><strong>(a)</strong></span> <span class='ocrx_word' id='word_1_343' title='bbox 1276 2618 1307 2649; x_wconf 81' lang='lat' dir='ltr'><strong>b.</strong></span> <span class='ocrx_word' id='word_1_344' title='bbox 1454 2618 1492 2650; x_wconf 82' lang='lat'><strong>19</strong></span> <span class='ocrx_word' id='word_1_345' title='bbox 1512 2622 1659 2648; x_wconf 88' lang='lat' dir='ltr'><strong>semoto-</strong></span> 
     </span>
     <span class='ocr_line' id='line_1_43' title="bbox 173 2669 1659 2714; baseline -0.001 -13"><span class='ocrx_word' id='word_1_346' title='bbox 173 2681 246 2702; x_wconf 88' lang='lat' dir='ltr'><strong>rum</strong></span> <span class='ocrx_word' id='word_1_347' title='bbox 264 2682 298 2702; x_wconf 88' lang='grc' dir='ltr'><strong>α.</strong></span> <span class='ocrx_word' id='word_1_348' title='bbox 447 2673 490 2707; x_wconf 83' lang='grc'><strong>20</strong></span> <span class='ocrx_word' id='word_1_349' title='bbox 509 2682 708 2714; x_wconf 86' lang='lat' dir='ltr'><strong>quacunque</strong></span> <span class='ocrx_word' id='word_1_350' title='bbox 727 2673 795 2714; x_wconf 88' lang='grc' dir='ltr'>(α).</span> <span class='ocrx_word' id='word_1_351' title='bbox 943 2671 984 2705; x_wconf 90' lang='grc'><strong>21</strong></span> <span class='ocrx_word' id='word_1_352' title='bbox 1006 2670 1127 2713; x_wconf 89' lang='lat' dir='ltr'><strong>opponi</strong></span> <span class='ocrx_word' id='word_1_353' title='bbox 1147 2674 1286 2713; x_wconf 86' lang='lat' dir='ltr'><strong>possent</strong></span> <span class='ocrx_word' id='word_1_354' title='bbox 1302 2680 1323 2700; x_wconf 86' lang='lat' dir='ltr'><strong>a</strong></span> <span class='ocrx_word' id='word_1_355' title='bbox 1337 2669 1428 2709; x_wconf 82' lang='lat' dir='ltr'><strong>bed,</strong></span> <span class='ocrx_word' id='word_1_356' title='bbox 1450 2673 1659 2711; x_wconf 84' lang='lat' dir='ltr'><strong>opportunae</strong></span> 
     </span>
     <span class='ocr_line' id='line_1_44' title="bbox 175 2720 1656 2764; baseline -0.001 -11"><span class='ocrx_word' id='word_1_357' title='bbox 175 2726 293 2753; x_wconf 84' lang='lat' dir='ltr'><strong>essent</strong></span> <span class='ocrx_word' id='word_1_358' title='bbox 309 2732 344 2753; x_wconf 82' lang='lat' dir='ltr'><strong>u.</strong></span> <span class='ocrx_word' id='word_1_359' title='bbox 485 2723 527 2755; x_wconf 84' lang='grc'><strong>23</strong></span> <span class='ocrx_word' id='word_1_360' title='bbox 547 2728 725 2754; x_wconf 83' lang='lat' dir='ltr'><strong>extructus</strong></span> <span class='ocrx_word' id='word_1_361' title='bbox 743 2733 778 2755; x_wconf 87' lang='lat' dir='ltr'><strong>a.</strong></span> <span class='ocrx_word' id='word_1_362' title='bbox 941 2723 1062 2764; x_wconf 80' lang='lat' dir='ltr'><strong>pedum</strong></span> <span class='ocrx_word' id='word_1_363' title='bbox 1083 2722 1114 2754; x_wconf 85' lang='lat' dir='ltr'><strong>b.</strong></span> <span class='ocrx_word' id='word_1_364' title='bbox 1272 2721 1315 2753; x_wconf 82' lang='lat'><strong>25</strong></span> <span class='ocrx_word' id='word_1_365' title='bbox 1333 2720 1605 2751; x_wconf 86' lang='lat' dir='ltr'><strong>communierant</strong></span> <span class='ocrx_word' id='word_1_366' title='bbox 1624 2720 1656 2752; x_wconf 78' lang='lat' dir='ltr'><strong>b.</strong></span> 
     </span>
     <span class='ocr_line' id='line_1_45' title="bbox 313 2769 1512 2815; baseline -0.003 -12"><span class='ocrx_word' id='word_1_367' title='bbox 313 2773 356 2807; x_wconf 77' lang='lat'><strong>26</strong></span> <span class='ocrx_word' id='word_1_368' title='bbox 375 2772 597 2804; x_wconf 85' lang='lat' dir='ltr'><strong>confecerant</strong></span> <span class='ocrx_word' id='word_1_369' title='bbox 608 2774 640 2804; x_wconf 84' lang='lat' dir='ltr'><strong>b.</strong></span> <span class='ocrx_word' id='word_1_370' title='bbox 780 2773 823 2807; x_wconf 89' lang='grc'><strong>27</strong></span> <span class='ocrx_word' id='word_1_371' title='bbox 834 2773 984 2805; x_wconf 86' lang='lat' dir='ltr'><strong>derectis</strong></span> <span class='ocrx_word' id='word_1_372' title='bbox 999 2773 1058 2815; x_wconf 82' lang='lat' dir='ltr'><strong>af.</strong></span> <span class='ocrx_word' id='word_1_373' title='bbox 1201 2769 1512 2813; x_wconf 84' lang='lat' dir='ltr'><strong>qua1ncunque(a).</strong></span> 
     </span>
     <span class='ocr_line' id='line_1_46' title="bbox 174 2820 1654 2864; baseline -0.003 -8"><span class='ocrx_word' id='word_1_374' title='bbox 174 2828 271 2857; x_wconf 85' lang='lat' dir='ltr'><strong>erant</strong></span> <span class='ocrx_word' id='word_1_375' title='bbox 288 2833 321 2855; x_wconf 88' lang='grc' dir='ltr'><strong>α.</strong></span> <span class='ocrx_word' id='word_1_376' title='bbox 462 2823 505 2856; x_wconf 82' lang='grc'><strong>29</strong></span> <span class='ocrx_word' id='word_1_377' title='bbox 524 2823 693 2863; x_wconf 85' lang='lat' dir='ltr'><strong>ingeniosi</strong></span> <span class='ocrx_word' id='word_1_378' title='bbox 710 2834 732 2855; x_wconf 86' lang='lat' dir='ltr'><strong>a</strong></span> <span class='ocrx_word' id='word_1_379' title='bbox 752 2824 848 2855; x_wconf 76' lang='lat' dir='ltr'><strong>‘mss.</strong></span> <span class='ocrx_word' id='word_1_380' title='bbox 869 2823 913 2855; x_wconf 75' lang='grc' dir='ltr'><strong>θ’.</strong></span> <span class='ocrx_word' id='word_1_381' title='bbox 1068 2823 1110 2856; x_wconf 83' lang='grc'><strong>30</strong></span> <span class='ocrx_word' id='word_1_382' title='bbox 1129 2832 1147 2854; x_wconf 86' lang='lat' dir='ltr'><strong>a</strong></span> <span class='ocrx_word' id='word_1_383' title='bbox 1168 2823 1296 2855; x_wconf 89' lang='lat' dir='ltr'><strong>nostris</strong></span> <span class='ocrx_word' id='word_1_384' title='bbox 1309 2832 1385 2864; x_wconf 80' lang='lat' dir='ltr'><strong>ego,</strong></span> <span class='ocrx_word' id='word_1_385' title='bbox 1407 2831 1426 2852; x_wconf 90' lang='lat' dir='ltr'><strong>a</strong></span> <span class='ocrx_word' id='word_1_386' title='bbox 1445 2820 1541 2853; x_wconf 87' lang='lat' dir='ltr'><strong>uobis</strong></span> <span class='ocrx_word' id='word_1_387' title='bbox 1553 2820 1654 2853; x_wconf 84' lang='lat' dir='ltr'><strong>codd.</strong></span> 
     </span>
     <span class='ocr_line' id='line_1_47' title="bbox 173 2874 633 2910; baseline -0.002 -1"><span class='ocrx_word' id='word_1_388' title='bbox 173 2878 212 2909; x_wconf 85' lang='grc' dir='ltr'><strong>Ρ.</strong></span> <span class='ocrx_word' id='word_1_389' title='bbox 231 2877 282 2910; x_wconf 93' lang='grc'><strong>11.</strong></span> <span class='ocrx_word' id='word_1_390' title='bbox 423 2874 581 2907; x_wconf 85' lang='lat' dir='ltr'><strong>sollertia</strong></span> <span class='ocrx_word' id='word_1_391' title='bbox 598 2884 633 2909; x_wconf 87' lang='grc' dir='ltr'><strong>α.</strong></span> 
     </span>
    </p>
   </div>
   <div class='ocr_carea' id='block_1_9' title="bbox 194 2926 1429 2980">
    <p class='ocr_par' dir='ltr' id='par_1_9' title="bbox 194 2926 1429 2980">
     <span class='ocr_line' id='line_1_48' title="bbox 194 2926 1429 2980; baseline -0.002 -10"><span class='ocrx_word' id='word_1_392' title='bbox 194 2942 315 2979; x_wconf 76' lang='lat' dir='ltr'><strong>Caesar,</strong></span> <span class='ocrx_word' id='word_1_393' title='bbox 329 2940 375 2971; x_wconf 86' lang='lat' dir='ltr'><strong>ed.</strong></span> <span class='ocrx_word' id='word_1_394' title='bbox 390 2939 532 2980; x_wconf 83' lang='lat' dir='ltr'><strong>Nipperd.</strong></span> <span class='ocrx_word' id='word_1_395' title='bbox 1374 2926 1429 2968; x_wconf 80' lang='grc'><strong>40</strong></span> 
     </span>
    </p>
   </div>
  </div>
 </body>
</html>
