1835 3240
726 185 1119 227 ——36—

180 313 355 360 tempore
378 303 574 345 sublatum
598 302 693 349 suit,
726 300 781 340 ita
803 298 990 340 Orosium
1020 296 1084 336 uel
1106 292 1293 338 Caesaris
1325 311 1415 338 esse
1445 297 1515 338 hos
1538 296 1659 338 libros

179 375 388 427 ignorasse
408 371 645 412 inuenimus.
688 367 792 407 Nam
815 366 872 414 is,
904 379 988 404 cum
1013 363 1264 403 historiarum
1294 365 1392 404 libro
1423 372 1539 406 sexto
1569 365 1660 405 inde

179 456 203 482 a
224 456 259 482 0.
284 440 307 480 7
332 453 454 492 usque
476 439 521 477 ad
551 437 597 475 12
620 432 806 474 Caesaris
828 438 975 484 septem
999 431 1289 471 commentariis
1313 432 1359 472 de
1383 432 1483 472 bello
1508 432 1661 472 Gallico

181 515 220 549 et
241 514 381 548 octauo
406 506 455 545 Α.
482 504 599 543 Hirtii
623 503 676 541 ita
700 513 792 540 usus
816 498 891 546 sit,
925 504 968 537 ut
997 498 1187 538 nonnulla
1218 499 1265 537 ad
1289 499 1447 545 uerbum
1471 501 1662 540 transfer-

179 582 256 624 ret,
282 574 393 614 initio
417 587 449 611 c.
475 572 500 612 7
524 572 617 610 haec
640 567 799 607 scribit:
834 564 964 605 ‘Hanc
987 565 1190 605 historiam
1213 563 1429 606 Suetonius
1449 566 1662 623 Tranquil-

180 641 242 682 lus
263 639 486 694 plenissime
508 635 719 689 explicuit,
753 633 863 673 cuius
895 646 967 672 nos
1000 639 1267 686 competentes
1299 632 1564 686 portiunculas
1595 635 1662 674 de-

181 706 424 761 cerpsimus'.
476 702 574 743 Item
610 702 650 741 in
681 700 827 754 optimo
860 706 900 740 et
930 699 1200 752 antiquissimo
1231 701 1366 741 codice
1388 698 1662 753 Bongarsiano

182 775 305 829 primo
328 779 414 827 post
434 771 553 812 uerba
582 769 694 809 initio
729 767 879 821 posita:
917 767 1082 820 ‘incipit
1115 768 1215 807 liber
1237 765 1326 808 Gaii
1350 765 1538 808 Caesaris
1569 767 1662 807 belli

183 841 325 883 Gallici
348 837 486 880 Iuliani
510 837 555 877 de
578 836 806 877 narratione
829 834 1067 887 temporum’
1089 835 1208 874 rubro
1231 835 1400 888 ascripta
1423 841 1516 875 sunt
1536 834 1656 875 haec:

183 909 344 962 ‘incipit
364 907 462 947 liber
485 902 704 945 Suetonii'.
758 901 814 941 Et
842 902 882 941 in
908 901 1041 942 eodem
1065 915 1201 942 errore
1225 902 1345 941 fuisse
1366 901 1662 955 Appollinarem

181 975 383 1018 Sidonium
407 973 482 1012 iam
506 970 660 1012 Sauaro
683 969 976 1010 animaduertit.
1020 967 1058 1009 Is
1081 969 1182 1008 enim
1207 983 1267 1022 ep.
1293 966 1380 1018 IX,
1418 968 1470 1009 '14
1492 969 1540 1008 ad
1561 967 1663 1008 Bur-

181 1042 417 1096 gundionem
450 1040 503 1080 ita
536 1038 695 1078 scribit:
735 1036 921 1077 ‘Eminet
952 1036 1020 1076 tibi
1053 1036 1234 1076 thematis
1258 1036 1504 1076 celeberrimi
1527 1037 1662 1076 uotiua

179 1109 409 1156 redhibitio,
436 1108 518 1146 laus
541 1105 725 1145 uidelicet
746 1104 963 1158 peroranda
978 1134 989 1153 ,
1023 1118 1136 1156 quam
1160 1104 1339 1144 edideras
1355 1136 1365 1152 ,
1392 1101 1578 1144 Caesaris
1600 1101 1664 1142 Iu-

179 1177 236 1217 lii.
281 1174 392 1228 Quae
416 1174 578 1214 materia
601 1180 678 1212 tam
701 1172 860 1227 grandis
893 1178 976 1220 est,
1006 1178 1048 1211 ut
1077 1172 1324 1220 studentum,
1361 1171 1393 1211 si
1427 1171 1513 1223 quis
1545 1171 1665 1211 fuerit

177 1245 268 1293 ille,
305 1241 598 1295 copiosissimus
631 1240 727 1280 nihil
749 1239 912 1292 amplius
942 1238 982 1278 in
1004 1238 1090 1291 ipsa
1113 1238 1253 1279 debeat
1275 1252 1418 1278 cauere
1434 1269 1443 1287 ,
1478 1253 1591 1291 quam
1615 1252 1664 1278 ne

181 1311 270 1365 quid
292 1310 419 1349 minus
442 1309 559 1348 dicat.
610 1307 716 1348 Nam
746 1308 779 1348 si
809 1307 1063 1354 omittantur,
1099 1320 1195 1359 quae
1224 1307 1270 1346 de
1303 1306 1427 1346 titulis
1459 1305 1663 1345 dictatoris

181 1378 320 1418 inuicti
344 1377 487 1430 scripta
511 1375 715 1416 Patauinis
747 1381 840 1415 sunt
871 1374 1160 1423 uoluminibus,
1196 1374 1282 1426 quis
1314 1387 1432 1426 opera
1463 1371 1662 1421 Suetonii,

183 1445 270 1499 quis
291 1444 454 1484 quenci
477 1442 674 1483 Martialis
698 1443 902 1482 historiam
934 1442 1072 1495 quisue
1102 1442 1149 1481 ad
1172 1448 1393 1481 extremum
1416 1438 1528 1479 Balbi
1551 1438 1666 1492 ephe-

183 1513 367 1552 meridem
393 1512 506 1551 fando
529 1509 855 1563 adaequauerit?'
908 1509 1034 1549 Recte
1064 1508 1127 1548 hic
1150 1496 1303 1548 Sauaro
1335 1522 1454 1561 opera
1485 1505 1666 1547 Suetonii

182 1580 247 1620 uel
268 1579 373 1619 solos
397 1576 582 1618 Caesaris
605 1576 907 1617 commentarios
941 1576 1002 1615 uel
1025 1583 1133 1616 certe
1155 1583 1195 1615 et
1215 1576 1285 1615 hos
1308 1583 1347 1615 et
1368 1573 1548 1616 Suetonii
1571 1571 1666 1613 Iuli-

181 1661 245 1686 um
270 1646 342 1685 diei
365 1645 611 1685 obseruauit:
650 1659 739 1684 nam
762 1658 877 1683 unum
904 1641 1084 1683 Suetonii
1108 1643 1248 1683 librum
1271 1658 1348 1683 non
1371 1649 1524 1696 poterat
1546 1654 1666 1694 opera

183 1713 379 1768 appellare
400 1711 658 1765 Apollinaris.
706 1710 815 1751 Balbi
846 1716 973 1750 autem
1007 1711 1316 1764 ephemeridem,
1342 1724 1452 1764 quam
1476 1709 1666 1763 supersti-

184 1787 261 1821 tem
286 1778 606 1820 commentarium
642 1778 688 1817 de
718 1778 819 1818 bello
852 1777 1105 1831 Hispaniensi
1137 1779 1211 1818 dici
1243 1776 1437 1818 Cellarius
1469 1777 1554 1816 51110
1586 1777 1666 1817 11113

185 1862 304 1888 031153
327 1846 560 1901 opinabatur
575 1876 585 1895 ,
617 1859 694 1885 non
726 1845 906 1900 equidem
929 1846 1239 1886 existimauerim
1263 1845 1503 1899 deperditum
1525 1844 1665 1884 librum

183 1917 306 1956 fuisse
336 1913 449 1954 Balbi
481 1911 684 1962 Cornelii,
720 1909 907 1952 Caesaris
938 1913 1258 1964 familiarissimi,
1304 1928 1419 1967 quem
1451 1910 1666 1952 Suetonius

186 1981 305 2024 Caes.
339 1980 390 2021 81
425 1981 613 2035 quaedam
646 1980 693 2020 de
717 1978 892 2020 Caesare
921 1980 1133 2020 memoriae
1165 1982 1383 2033 prodidisse
1414 1981 1561 2026 refert,
1597 1979 1666 2020 sed

185 2057 368 2099 octauum
397 2047 538 2087 librum
569 2046 690 2085 Hirtii
722 2047 767 2084 de
797 2047 897 2085 bello
921 2045 1099 2093 Gallico,
1135 2061 1220 2085 cum
1254 2047 1289 2085 ei
1323 2047 1485 2099 epistola
1507 2047 1552 2086 ad
1575 2045 1668 2086 Bal-

185 2118 273 2158 bum
297 2115 513 2169 praemissa
535 2120 665 2159 esset,
699 2126 835 2152 errore
857 2127 879 2152 a
903 2110 1065 2152 Sidonio
1088 2110 1209 2151 Balbo
1232 2126 1320 2152 esse
1342 2114 1543 2152 tributum.
1589 2111 1668 2153 Sed

185 2184 252 2225 illa
274 2183 404 2236 opinio
420 2213 430 2232 ,
465 2188 507 2221 ut
529 2178 717 2221 Caesaris
741 2178 1011 2218 commentarii
1035 2177 1226 2218 Suetonio
1257 2179 1547 2227 tribuerentur,
1577 2179 1668 2219 inde

187 2251 343 2291 uidetur
365 2256 452 2289 orta
474 2262 576 2297 esse,
605 2247 705 2300 quod
728 2247 847 2287 libros
871 2243 918 2285 C.
947 2243 1132 2285 Caesaris
1156 2246 1243 2284 belli
1268 2245 1411 2286 Gallici
1432 2247 1668 2299 interpreta-

188 2318 332 2358 bantur
353 2330 429 2356 non
453 2330 475 2355 a
497 2314 686 2364 Caesare,
712 2314 781 2354 scd
803 2314 849 2353 de
871 2313 972 2352 bello
995 2310 1149 2351 Gallico
1174 2312 1359 2353 Caesaris
1381 2313 1577 2368 scriptos,
1603 2314 1668 2352 de-

188 2386 294 2432 inde,
319 2383 407 2436 quia
431 2380 646 2423 Suetonius
669 2381 789 2420 uitam
814 2378 1001 2420 Caesaris
1024 2378 1254 2431 scripserat,
1279 2379 1349 2418 hos
1372 2394 1524 2432 quoque
1546 2380 1667 2420 libros

189 2453 237 2494 ad
270 2465 357 2492 eum
386 2449 627 2490 referebant.
680 2447 863 2502 Denique
896 2447 1021 2486 medio
1051 2460 1175 2495 aeuo,
1211 2460 1297 2485 011111
1329 2449 1486 2486 53001110
1519 2447 1669 2487 (10011110

189 2519 434 2561 Flodoardus
467 2523 506 2556 et
526 2515 732 2555 undecimo
754 2514 962 2554 Aimoinus
979 2544 989 2561 ,
1022 2513 1087 2554 ille
1119 2513 1159 2552 in
1183 2512 1347 2553 historia
1376 2513 1566 2553 ecclesiae
1587 2514 1668 2555 Re-

190 2586 336 2628 mensis
351 2616 361 2636 ,
386 2585 448 2625 1110
469 2584 508 2623 111
531 2583 773 2636 praefatione
796 2582 918 2635 gestis
940 2580 1182 2621 Francorum
1206 2581 1443 2633 praemissa,
1482 2582 1669 2635 quaedam

191 2669 244 2696 ex
264 2653 374 2694 libris
398 2656 443 2692 de
464 2652 565 2692 bello
584 2649 736 2691 Gallico
758 2648 984 2702 posuissent
1005 2661 1168 2700 eamque
1189 2646 1278 2687 Iulii
1302 2645 1487 2687 Caesaris
1510 2647 1670 2687 histori-

191 2736 252 2763 am
273 2721 364 2761 belli
387 2718 529 2759 Gallici
551 2717 879 2771 appellauissent,
913 2722 1046 2769 postea
1072 2729 1196 2755 nouus
1230 2729 1343 2754 error
1376 2721 1484 2754 ortus
1515 2723 1596 2765 est,
1628 2722 1671 2755 ut

191 2789 232 2830 hi
261 2787 531 2829 commentarii
561 2799 583 2825 a
613 2783 713 2825 Iulio
736 2781 855 2824 Celso
884 2783 1020 2837 scripti
1053 2783 1294 2823 uiderentur.
1340 2781 1420 2823 Sub
1451 2783 1535 2822 eius
1567 2782 1670 2823 enim

194 2856 352 2898 nomine
373 2862 413 2896 et
432 2854 499 2896 alii
520 2851 636 2894 medii
657 2851 746 2892 aeui
767 2851 1000 2907 scriptores,
1025 2864 1120 2905 quos
1141 2849 1201 2891 10.
1221 2850 1313 2891 Alb.
1334 2849 1540 2891 Fabricius
1563 2864 1668 2890 com-
