1835 3240
697 188 810 194 ——
872 162 949 203 105
1009 186 1122 191 —-—-

167 280 389 334 scripserit,
425 290 474 316 an
501 281 561 315 ‘ae
582 277 645 315 ne‘³
673 276 735 315 uel
757 279 812 315 ‘et
833 274 910 315 ne':
945 274 980 313 id
1005 273 1105 326 quod
1128 272 1331 312 diiudicari
1355 276 1513 328 nequit,
1547 291 1650 327 cum,

166 348 231 401 qui
255 344 349 386 ‘aut'
372 344 525 398 posuit,
567 357 645 382 non
678 343 856 382 uideatur
887 341 1069 394 antiquae
1100 339 1321 392 scripturae
1356 343 1522 395 uestigia
1546 359 1653 396 pres-

166 416 282 457 sisse.
328 411 461 464 Itaque
494 424 579 450 eum
614 409 732 449 uerba
759 409 858 449 ‘eius
883 407 1071 449 discessu'
1095 414 1278 460 corrupta
1303 420 1391 447 esse
1414 416 1561 449 certum
1584 413 1650 460 sit,

167 482 353 534 scriptum
377 479 499 519 fuisse
523 476 708 517 existimo
734 477 835 516 ‘eius
857 474 1058 522 aecessu’,
1082 475 1138 515 ita
1170 481 1212 514 ut
1233 488 1416 515 accessus
1441 478 1653 518 exterioris

166 549 289 589 hostis
312 547 580 599 intellegatur,
603 552 740 584 contra
757 558 868 596 quem
889 544 961 583 hae
978 543 1215 582 munitiones
1232 543 1438 583 institutae
1456 543 1651 584 dicuntur.

165 616 377 657 Discessus
411 621 538 653 autem
573 626 624 652 ex
655 625 819 651 accessu
848 625 927 651 non
959 610 1153 650 difficilius
1177 611 1517 663 corrumpebatur,
1543 626 1655 664 quam

166 684 267 738 apud
291 681 388 723 Sall.
411 679 501 722 Cat.
527 678 580 719 55
603 680 820 719 ascendere
844 693 895 719 ex
918 678 1193 718 descendendo
1218 685 1257 717 et
1279 678 1388 731 plura
1411 678 1568 718 similia.

278 749 327 791 C.
352 747 405 789 75
428 747 579 788 initium
603 747 816 787 secundum
839 747 1016 799 integros
1039 746 1151 786 codd.
1176 746 1229 786 ita
1263 746 1389 786 edidi:
1419 744 1537 785 ‘Dum
1561 746 1656 787 haec

168 818 268 873 apud
289 816 463 857 Alesiam
495 822 713 869 geruntur,
749 812 853 854 Galli
885 813 1052 854 concilio
1081 813 1297 867 principum
1328 813 1475 853 indicto
1505 828 1584 854 non
1616 829 1658 854 o-

167 900 277 926 mnes
299 898 383 932 eos,
399 883 463 936 qui
484 896 592 924 arma
616 883 717 923 ferre
740 888 914 935 possent,
940 888 983 921 ut
1003 880 1496 936 censuitVercingetorix,
1512 896 1659 921 conuo-

168 954 311 993 candos
334 958 527 1001 statuunt,
553 951 621 991 sed
644 956 792 990 eertum
815 962 1020 988 numerum
1043 949 1181 1001 cuique
1206 962 1259 988 ex
1281 949 1441 989 ciuitate
1463 950 1659 1004 imperan-

167 1021 265 1061 dum'
299 1026 391 1060 cett.
445 1018 577 1060 Vnum
608 1018 781 1067 mutaui,
817 1018 917 1070 quod
947 1017 1178 1057 necessario
1205 1016 1304 1057 ‘eos’
1328 1018 1463 1071 posui,
1499 1031 1585 1057 cum
1616 1018 1658 1057 in

166 1089 242 1129 illis
266 1088 377 1128 codd.
407 1086 507 1127 ‘hos'
530 1087 698 1140 legatur.
745 1083 823 1126 Sed
846 1086 985 1125 mirum
1009 1085 1134 1125 uideri
1156 1092 1286 1138 potest
1306 1086 1403 1126 illud
1428 1086 1583 1138 ‘cuique
1607 1099 1659 1126 ex

168 1156 363 1197 ciuitate⁷z
389 1169 434 1195 ac
456 1168 552 1195 sane
574 1154 690 1207 longe
710 1155 882 1207 apertius
905 1153 945 1192 in
967 1153 1217 1206 interpolatis
1253 1153 1364 1192 codd.
1391 1154 1577 1206 scriptum
1599 1161 1661 1193 est

170 1224 324 1274 ‘cuique
347 1223 525 1263 ciuitati'.
568 1220 666 1261 Illud
689 1235 786 1261 uero
811 1229 918 1261 recte
942 1221 1098 1260 dicitur.
1143 1220 1249 1260 Nam
1275 1221 1444 1274 ‘cuique'
1468 1235 1520 1261 ex
1542 1235 1658 1275 supe-

168 1292 272 1331 riore
304 1289 508 1331 Gallorum
538 1289 909 1330 commemoratione
943 1289 1210 1342 accipiendum
1242 1296 1325 1339 est,
1361 1290 1469 1342 quasi
1504 1290 1660 1342 ‘cuique

170 1359 323 1412 populo'
347 1358 513 1411 positum
537 1364 658 1396 esset.
705 1355 830 1397 Plane
854 1358 1015 1397 eandem
1040 1357 1233 1397 rationem
1259 1357 1401 1397 habent
1423 1359 1542 1398 haec:
1570 1358 1657 1397 hor.

172 1440 312 1465 comm.
344 1422 398 1473 II,
423 1423 464 1473 4,
489 1423 514 1462 4
540 1424 603 1462 ‘de
637 1437 798 1464 numero
830 1425 977 1464 eorum*
1003 1422 1166 1477 [Belgas
1197 1424 1304 1475 dicit]
1341 1426 1487 1465 ‘omnia
1517 1439 1560 1465 se
1593 1426 1658 1465 ha-

170 1493 262 1533 bere
299 1492 503 1544 explorata
532 1489 649 1530 Remi
680 1492 883 1540 dicebant,
928 1499 1135 1545 propterea
1176 1494 1277 1544 quod
1307 1493 1658 1546 propinquitatibus

170 1558 501 1610 affinitatibusque
524 1558 747 1607 coniuncti,
784 1566 968 1612 quantam
992 1560 1155 1612 quisque
1176 1561 1463 1601 multitudinem
1493 1561 1532 1600 in
1555 1574 1659 1600 com-

169 1626 276 1666 muni
307 1626 474 1665 concilio
507 1624 719 1680 Belgarum
751 1627 799 1667 ad
830 1627 868 1666 id
899 1627 1040 1666 bellum
1065 1626 1261 1679 pollicitus
1284 1627 1356 1679 sit,
1382 1627 1658 1681 cognouerint'

169 1701 208 1734 et
241 1693 364 1733 eiusd.
399 1693 465 1733 lib.
504 1691 571 1743 10,
596 1693 622 1732 4
655 1694 802 1733 ‘hostes
836 1694 1128 1733 constituerunt
1160 1696 1345 1748 optimum
1385 1708 1473 1735 esse
1506 1695 1659 1734 domum

169 1776 277 1801 suam
300 1774 489 1813 quemque
512 1762 676 1811 reuerti,
703 1769 756 1811 et,
774 1775 935 1814 quorum
959 1761 999 1800 in
1022 1762 1118 1802 fines
1142 1763 1307 1816 primum
1322 1761 1491 1802 Romani
1505 1763 1660 1802 exerci-

168 1836 248 1868 tum
278 1828 617 1878 introduxissent,
661 1829 707 1869 ad
749 1843 816 1870 eos
857 1830 1121 1871 defendendos
1164 1831 1334 1883 undique
1367 1830 1656 1871 conuenirent'.

167 1894 342 1950 Singulis
372 1896 493 1950 igitur
525 1897 677 1950 populis
709 1899 849 1951 cuique
882 1912 932 1939 ex
970 1913 1041 1939 sua
1071 1899 1231 1939 ciuitate
1273 1905 1422 1939 certum
1456 1912 1659 1938 numerum

169 1965 448 2004 conficiendum
472 1965 668 2019 principes
690 1966 907 2019 imperasse
932 1967 1129 2007 dicuntur.

282 2031 470 2087 Sequitur
501 2034 744 2074 enumeratio
779 2035 977 2088 copiarum
1010 2035 1177 2089 singulis
1201 2035 1426 2075 ciuitatibus
1449 2035 1661 2088 imperata-

167 2114 266 2140 rum.
315 2097 392 2151 Qui
415 2100 524 2140 loeus
546 2101 600 2141 ita
628 2102 711 2142 sere
733 2103 886 2142 editur:
924 2102 1138 2157 ‘Imperant
1169 2103 1343 2144 Haeduis
1376 2111 1491 2156 atque
1523 2117 1658 2143 eorum

168 2169 404 2218 clientibus,
457 2166 718 2223 Segusiauis,
753 2170 1050 2221 Ambiuaretis,
1093 2170 1278 2212 Aulercis
1319 2170 1655 2221 Brannouieibus,

168 2234 435 2285 Brannouiis,
471 2237 577 2277 milia
605 2236 801 2288 XXXV,
837 2253 968 2292 parem
1002 2253 1205 2280 numerum
1237 2240 1434 2281 Aruernis
1464 2240 1658 2281 adiunctis

167 2303 393 2345 Eleutheris
417 2301 623 2353 Cadureis,
653 2303 831 2357 Gabalis,
862 2306 1068 2358 Velaunis,
1094 2309 1157 2361 qui
1181 2308 1252 2348 sub
1275 2309 1440 2362 imperio
1451 2308 1659 2348 Aruerno-

166 2387 251 2413 rum
274 2387 362 2413 esse
385 2380 649 2423 consuerunt3
685 2371 910 2415 Senonibus
927 2407 936 2425 ,
962 2373 1157 2428 Sequanis
1174 2409 1182 2423 ‚
1208 2375 1456 2431 Biturigibus
1471 2408 1480 2425 ,
1514 2374 1659 2416 Santo-

167 2441 244 2489 nis,
277 2440 465 2490 Rutenis,
501 2437 742 2481 Carnutibus
774 2442 950 2482 duodena
982 2443 1117 2495 milia,
1155 2442 1376 2484 Bellouacis
1398 2443 1462 2495 X3
1499 2444 1659 2484 totidem

167 2506 474 2559 Lemouicibu33
501 2516 643 2549 octona
667 2508 898 2550 Pictonibus
922 2518 960 2550 et
980 2510 1155 2552 Turonis
1179 2520 1218 2552 et
1239 2511 1406 2553 Parisiis
1430 2519 1468 2553 et
1485 2511 1656 2561 Heluiis3

169 2573 475 2625 Suessionibus,
509 2575 740 2627 Ambianis,
785 2577 1121 2629 Mediomatricis,
1162 2579 1435 2631 Petrocoriis,
1474 2579 1657 2627 Neruiis,

172 2640 362 2693 Morinis,
394 2642 686 2697 Nitiobrigibus
709 2645 826 2698 quina
849 2646 978 2698 milia3
1012 2646 1195 2689 Aulercis
1213 2646 1455 2689 Cenomanis
1477 2646 1654 2694 totidem,

172 2708 426 2751 Atrebatibus
455 2710 538 2762 IV3
591 2710 834 2753 Bellocassis
850 2745 859 2763 ,
905 2713 1101 2755 Lexouiis
1117 2746 1127 2765 ,
1177 2716 1362 2757 Aulercis
1401 2714 1657 2756 Eburonibus

171 2780 308 2825 terna,
341 2776 535 2820 Rauracis
558 2787 597 2820 et
619 2778 729 2821 Boiis
751 2778 906 2832 XXX,
942 2783 1139 2823 uniuersis
1163 2783 1408 2830 ciuitatibus,
1434 2795 1531 2835 quae
1555 2779 1657 2821 Oce-

173 2855 287 2881 anum
311 2844 508 2898 attingunt
529 2861 705 2901 quaeque
729 2863 865 2890 eorum
887 2851 1174 2891 consuetudine
1206 2849 1439 2891 Armoricae
1460 2847 1657 2903 appellan-
