1835 3240
117 163 199 206 544
687 165 761 208 DE
791 166 981 209 BELLo
1004 165 1180 210 civim
1206 143 1210 149 ’

194 278 338 328 sisset,
372 277 470 318 alius
494 291 546 317 ex
566 277 715 318 diutino
737 278 870 319 labore
892 279 933 319 in
954 279 1050 332 ipsis
1072 280 1254 333 operibus
1279 282 1396 334 quieti
1420 295 1462 322 se
1484 281 1671 329 dedisset,

192 360 301 387 arma
324 359 417 386 uero
440 347 567 385 onmia
590 346 761 398 reposita
783 353 1040 399 contectaque
1052 355 1201 396 essent,
1227 349 1348 401 portis
1362 363 1404 389 se
1428 351 1531 389 foras
1544 363 1673 390 erum-

147 413 176 455 2
196 421 314 468 punt,
349 414 519 453 secundo
551 426 770 466 magnoque
807 420 922 453 uento
945 414 1075 467 ignem
1098 415 1282 468 operibus
1304 416 1493 456 inferunt.
1557 416 1671 456 Hunc

194 482 251 522 sic
274 480 423 521 distulit
445 486 602 529 uentuS,
628 479 685 519 uti
708 494 784 520 uno
808 487 981 534 tempore
1005 495 1141 534 agger,
1167 482 1302 535 plutei,
1328 484 1481 522 testudo
1498 513 1508 533 ,
1533 483 1671 533 turris,

191 554 386 589 tormenta
408 547 597 585 flammam
621 548 876 601 conciperent
897 549 1058 601 etprius
1075 549 1169 589 haec
1185 549 1312 589 omnia
1326 557 1667 601 consumerentur,

145 617 170 658 3
195 630 324 670 quam,
351 613 671 666 quemadmodum
694 615 919 665 accidisset,
946 616 1205 656 animaduerti
1229 623 1375 670 posset.
1437 615 1580 657 Nostri
1612 632 1674 659 re·

193 683 352 738 pentina
374 682 531 720 fortuna
554 682 718 735 permoti
740 697 864 733 arma,
890 697 988 736 quae
1010 690 1190 737 possunt,
1216 684 1430 737 arripiunt,
1456 684 1521 723 alii
1545 698 1597 725 ex
1612 699 1674 725 ca-

193 751 287 790 stris
311 762 399 789 sese
421 748 603 789 incitant.
646 748 714 790 Fit
734 750 774 790 in
798 750 921 790 hostis
943 751 1110 805 impetus
1134 751 1335 805 [eorum]3
1359 751 1428 791 sed
1451 765 1594 791 emuro
1613 766 1676 792 sa-

145 817 173 859 4
193 817 301 871 gittis
323 816 611 870 tormentisque
634 818 828 871 fugientes
851 819 1031 872 persequi
1054 818 1327 871 prohibentur.
1352 816 1415 858 Illi
1437 818 1507 858 sub
1522 833 1674 860 murum

194 898 238 925 se
260 884 452 937 recipiunt
467 883 598 937 ibique
611 885 828 925 musculum
844 886 1058 939 turrimque
1071 887 1288 926 latericiam
1301 885 1422 926 libere
1445 886 1672 927 incendunt.

192 951 252 992 Ita
282 952 490 992 multorum
521 953 714 993 mensium
744 953 855 994 labor
884 953 1052 993 hostium
1084 954 1245 1007 perfidia
1286 961 1324 994 et
1352 953 1392 993 ui
1432 954 1675 1007 tempestatis

147 1019 172 1061 5
195 1026 337 1073 puncto
360 1020 548 1073 temporis
569 1021 735 1060 interiit.
773 1020 1170 1075 Temptauerunthoc
1192 1022 1294 1061 idem
1308 1019 1585 1061 Massilienses
1608 1035 1675 1074 po-

192 1095 300 1128 stero
325 1087 401 1127 die.
444 1086 621 1128 Eandem
656 1088 759 1128 nacti
793 1096 1064 1143 tempestatem
1095 1089 1242 1129 maiore
1276 1103 1361 1128 cuni
1384 1089 1525 1128 fiducia
1548 1088 1595 1128 ad
1618 1089 1673 1128 al-

194 1162 319 1196 teram
342 1155 479 1195 turrim
492 1169 754 1209 aggeremque
776 1157 984 1210 eruptione
1007 1156 1674 1210 pugnaueruntmultumqueignem

144 1222 171 1264 6
192 1223 424 1264 intulerunt.
449 1221 528 1263 Sed
552 1230 594 1262 ut
614 1223 830 1276 superioris
854 1224 1037 1277 temporis
1061 1223 1351 1263 contentionem
1375 1223 1500 1263 nostri
1522 1237 1676 1263 omnem

192 1291 455 1338 remiserant,
490 1289 544 1328 ita
566 1290 735 1343 proximi
759 1290 833 1330 diei
856 1305 950 1330 casu
973 1291 1161 1331 admoniti
1184 1290 1314 1330 omnia
1337 1290 1385 1329 ad
1406 1290 1675 1331 defensionem

192 1364 445 1411 parauerant.
479 1354 612 1409 ltaque
626 1357 755 1398 multis
778 1358 995 1398 intersectis
1009 1358 1183 1414 reliquos
1204 1358 1350 1398 infecta
1371 1372 1415 1398 re
1437 1358 1476 1397 in
1496 1358 1676 1412 oppidum

116 1425 171 1470 15
194 1425 437 1479 repulerunt.
500 1423 722 1465 Trebonius
747 1439 817 1476 ea,
844 1440 941 1479 quae
965 1433 1057 1466 sunt
1078 1426 1237 1475 amissa,
1263 1426 1382 1466 multo
1405 1426 1554 1466 maiore
1577 1425 1677 1465 mili-

191 1500 271 1532 tum
295 1492 424 1532 studio
445 1492 723 1534 administrare
746 1501 785 1533 et
806 1495 971 1535 relicere
992 1494 1179 1534 instituit.
1215 1492 1320 1534 Nam
1344 1493 1408 1534 ubi
1433 1500 1561 1533 tantos
1583 1506 1676 1533 suos

193 1560 351 1601 labores
375 1567 413 1600 et
434 1568 642 1614 apparatus
656 1561 756 1602 male
779 1562 969 1602 cecidisse
991 1561 1176 1602 uiderunt
1195 1561 1434 1614 indutiisque
1457 1575 1528 1615 per
1548 1561 1675 1601 scelus

192 1628 350 1669 uiolatis
373 1643 484 1669 suam
507 1629 692 1669 uirtutem
714 1630 850 1670 irrisui
874 1631 957 1670 fore
980 1630 1271 1683 perdolucrunt,
1299 1630 1415 1682 quod,
1440 1629 1541 1668 unde
1555 1642 1677 1682 agger

193 1696 352 1736 omnino
375 1697 613 1750 comportari
635 1705 783 1750 posset,
809 1697 905 1737 nihil
927 1705 1011 1738 erat
1031 1697 1239 1750 reliquum,
1265 1697 1446 1736 omnihus
1469 1696 1674 1736 arboribus

191 1763 308 1817 longe
330 1763 483 1816 lateque
514 1764 555 1803 in
585 1764 726 1804 finibus
748 1763 1060 1805 Massiliensium
1093 1764 1242 1805 excisis
1275 1771 1314 1804 et
1336 1764 1536 1804 conuectis
1559 1777 1677 1818 agge-

190 1844 272 1871 rem
297 1831 390 1870 noui
412 1831 569 1884 generis
598 1839 715 1884 atque
746 1832 962 1873 inauditum
992 1847 1044 1873 ex
1075 1833 1264 1873 latericiis
1296 1832 1446 1873 dnobus
1469 1832 1592 1872 muris
1614 1844 1676 1872 se-

193 1911 284 1937 num
307 1898 444 1951 pedum
474 1899 737 1940 crassitudine
768 1907 886 1954 atque
919 1915 1052 1941 eorum
1079 1915 1278 1941 murorum
1303 1899 1599 1955 contignatione
1620 1900 1677 1938 fa-

193 1979 285 2005 cere
307 1965 567 2006 instituerunt
596 1981 721 2020 aequa
743 1968 825 2008 fere
848 1967 1053 2009 altitudine
1069 2000 1079 2019 ,
1114 1976 1228 2022 atque
1248 1969 1313 2009 ille
1337 1967 1601 2021 congesticius
1624 1981 1677 2007 ex

143 2032 170 2073 2
193 2033 360 2074 materia
381 2034 507 2074 fuerat
530 2048 667 2088 agger.
697 2034 773 2077 Vbi
796 2043 863 2075 aut
883 2036 1050 2090 spatium
1072 2036 1178 2077 inter
1199 2050 1331 2077 muros
1354 2043 1421 2077 aut
1440 2034 1676 2076 inbecillitas

193 2102 384 2142 materiae
406 2102 604 2156 postulare
627 2102 852 2154 uideretur,
887 2104 987 2158 pilae
998 2095 1336 2158 interponuntur,
1360 2103 1605 2144 trauersaria
1626 2103 1675 2143 ti-

192 2183 269 2222 gna
290 2169 518 2220 iniciuntur,
545 2184 645 2223 quae
666 2171 911 2212 firmamento
933 2185 1022 2212 esse
1044 2173 1220 2226 possint,
1247 2179 1286 2212 et
1307 2171 1490 2225 quidquid
1513 2177 1678 2210 estcon-

147 2236 172 2277 3
195 2236 387 2291 tignatum
409 2238 579 2279 cratibus
602 2240 890 2291 consternitur,
915 2247 1044 2281 crates
1067 2239 1149 2280 luto
1170 2239 1416 2293 integuntur.
1470 2236 1551 2279 Sub
1576 2244 1677 2278 tecto

337 2340 349 2372 1
375 2341 480 2382 quieti
499 2342 651 2374 dedisset
669 2353 704 2375 a.
844 2344 865 2377 2
883 2348 1042 2385 rumpunt
1059 2353 1080 2375 α
1095 2343 1126 2374 b.
1291 2342 1309 2375 6
1328 2341 1461 2374 aduerti
1481 2342 1509 2382 b,
1532 2341 1678 2373 animuin

193 2390 329 2422 aduerti
348 2401 393 2422 eat
413 2402 481 2423 zmo
501 2392 573 2424 det.
594 2403 630 2424 u.
824 2393 843 2425 7
863 2393 1047 2435 arripiunt]
1067 2393 1206 2436 capiunt
1226 2393 1257 2424 b.
1443 2393 1462 2423 8
1482 2393 1590 2424 hostis
1609 2403 1629 2424 (ι
1643 2393 1674 2424 b.

337 2453 453 2475 eorum
471 2454 492 2475 a
513 2445 609 2476 (τηε-ς.
626 2442 814 2486 plurimi':
835 2456 904 2477 om.
924 2445 1137 2487 Stephanus.
1293 2454 1309 2475 e
1328 2443 1514 2484 suppleuit
1533 2443 1678 2475 Ciacco-

193 2495 288 2524 nius.
442 2495 483 2527 13
502 2496 630 2528 maiore
649 2507 669 2528 a
684 2497 714 2536 b,
735 2497 856 2528 maiori
875 2508 910 2528 n.
1068 2497 1109 2528 14
1128 2496 1247 2527 turrim
1266 2506 1286 2527 α
1299 2497 1329 2536 b,
1351 2501 1479 2527 turrem
1498 2506 1531 2526 u.

196 2545 237 2577 18
256 2545 479 2587 reppulerunt
496 2557 529 2577 a.
671 2548 817 2579 militum
836 2548 949 2580 studio
969 2559 989 2579 α
1008 2547 1221 2589 Stephanus,
1243 2548 1355 2578 studio
1374 2547 1517 2578 militum
1537 2548 1676 2577 ceterae

193 2595 271 2627 edd.
428 2597 470 2630 20
490 2598 702 2640 induciisque
721 2599 786 2640 (α).
949 2600 1032 2641 proh
1052 2599 1166 2630 scelus
1187 2600 1218 2630 b.
1358 2600 1400 2632 ,25
1420 2598 1674 2638 contignatione

195 2659 272 2689 ego,
294 2649 581 2689 contignationem
601 2650 702 2682 codd.
721 2651 761 2682 Ρ.
784 2651 857 2683 149.
1050 2651 1092 2682 26
1112 2650 1294 2682 altitudine
1315 2651 1537 2683 l'aseosanus
1555 2650 1674 2692 (salso

193 2701 284 2730 lianc
302 2699 585 2731 emendationem
604 2701 644 2731 Ρ.
668 2701 731 2733 149
751 2701 931 2742 Stephano
952 2700 1096 2742 tribui),
1116 2701 1299 2733 latitudine
1320 2701 1421 2733 codd.
1597 2710 1674 2732 con-

195 2752 360 2792 gesticius
379 2761 399 2782 a
412 2751 429 2782 b
443 2751 505 2792 cd,
526 2757 709 2791 congestus
728 2763 749 2784 u
769 2752 829 2795 (—-
846 2752 942 2785 titius
960 2752 1044 2792 (a)).
1206 2753 1248 2787 27
1268 2752 1477 2784 inbecillitas
1496 2762 1530 2783 a.

194 2802 238 2836 28
258 2802 470 2833 trauersaria
488 2812 521 2842 a,
542 2812 611 2833 non
630 2806 761 2834 transu.
939 2802 982 2835 29
1001 2807 1143 2845 possent
1163 2804 1192 2835 b.
1373 2801 1423 2844 et]
1444 2807 1478 2834 ut
1496 2812 1531 2834 α.

196 2853 238 2887 30
258 2858 370 2886 crates
389 2853 449 2894 ab,
472 2857 652 2896 cratesque
672 2863 707 2886 u.

1701 557 1719 589 Ο(

1708 894 1748 928 10

1709 1231 1749 1263 15

1706 1905 1749 1940 25

1709 2245 1751 2277 30
