1835 3240
116 221 200 265 738
632 218 803 261 BELLI
833 216 1233 261 HISPANIENSIS

144 334 172 375 2
192 334 297 376 inter
315 331 589 387 Pompeianos.
630 331 759 372 Erant
787 331 847 372 hic
869 331 1046 386 legiones
1063 363 1074 382 ,
1107 346 1207 386 quae
1229 345 1281 372 ex
1303 334 1475 388 perfugis
1497 334 1670 375 conscri-

191 409 296 457 ptae,
320 402 458 456 partim
482 401 763 454 oppidanorum
785 400 909 450 serui,
935 400 998 454 qui
1021 407 1135 441 erant
1155 398 1315 440 aSexto
1326 399 1512 456 Pompeio
1534 417 1671 444 manu-

146 469 169 511 3
192 469 324 520 missi,
351 470 415 522 qui
437 469 475 509 in
491 466 678 508 Caesaris
700 467 912 508 aduentum
935 468 1159 509 discordare
1178 476 1407 522 coeperunt.
1441 468 1568 525 Legio
1590 477 1670 510 XIII

191 537 369 592 oppidum
391 536 602 577 defendere
622 534 778 588 coepit:
812 549 917 583 nam,
943 550 1027 576 cum
1050 536 1125 577 iam
1149 536 1442 590 depugnarent,
1466 544 1595 578 turres
1618 552 1670 578 ex

142 605 169 646 4
191 613 299 660 parte
322 611 359 645 et
375 618 523 644 murum
543 610 798 657 occuparunt.
834 602 1010 657 Denique
1028 605 1179 658 legatos
1196 604 1242 644 ad
1258 602 1471 645 Caesarem
1489 605 1662 656 mittunt,

190 681 232 714 ut
252 673 325 714 sibi
346 671 523 724 legiones
546 671 721 712 subsidio
743 671 1035 713 intromitteret.
1079 671 1166 712 Hoc
1198 687 1282 712 cum
1314 672 1672 713 animaduerterent

191 742 367 782 homines
391 739 570 792 fugitiui,
605 740 783 793 oppidum
816 739 1030 780 incendere
1059 747 1290 794 coeperunt.
1336 738 1414 792 Qui
1443 739 1618 794 superati
1647 753 1669 779 a

190 807 338 849 nostris
372 814 464 847 sunt
492 807 691 847 interfecti
723 807 920 848 hominum
951 807 1056 848 milia
1088 815 1213 858 XXII,
1249 815 1522 862 praeterquam
1553 814 1669 848 extra

142 876 166 917 5
188 890 342 916 murum
374 875 438 928 qui
460 875 676 929 perierunt.
720 873 780 915 Ita
802 872 955 916 Caesar
975 876 1114 930 oppido
1138 876 1298 929 potitur.
1342 874 1446 916 Dum
1478 876 1539 916 hic
1571 874 1668 916 deti-

187 950 325 992 netur,
361 956 414 983 ex
445 943 592 997 proelio
615 957 711 997 quos
744 944 1066 984 circummunitos
1097 943 1274 997 superius
1297 943 1668 992 demonstrauimus,

188 1011 433 1065 eruptionem
467 1013 646 1052 fecerunt
688 1019 728 1051 et
755 1011 855 1052 bene
886 1011 1017 1052 multis
1049 1012 1266 1053 interfectis
1298 1011 1338 1051 in
1369 1012 1548 1065 oppidum
1578 1017 1670 1052 sunt

116 1078 170 1123 35
188 1079 352 1119 redacti.
389 1076 542 1119 Caesar
564 1078 754 1133 Hispalim
779 1094 864 1119 cum
888 1080 1170 1130 contendisset,
1186 1079 1305 1133 legati
1328 1080 1576 1133 deprecatum
1600 1093 1668 1119 ue-

184 1152 344 1186 nerunt.
379 1144 440 1187 Ita
462 1161 549 1187 cum
572 1147 616 1187 ad
641 1147 818 1201 oppidum
842 1154 948 1188 esset
971 1155 1144 1197 uentum,
1170 1145 1377 1187 Caninium
1396 1148 1564 1200 legatum
1582 1160 1666 1186 cum

139 1214 166 1255 2
188 1214 384 1269 praesidio
415 1215 668 1265 intromittit,
703 1215 786 1268 ipse
818 1223 951 1255 castra
981 1215 1027 1255 ad
1060 1215 1238 1268 oppidum
1270 1215 1394 1267 ponit.
1447 1213 1547 1253 Erat
1568 1214 1668 1254 bene

185 1296 327 1335 magna
349 1296 493 1322 manus
514 1282 620 1322 intra
642 1281 968 1335 Pompeianarum
992 1283 1159 1335 partium
1175 1312 1185 1331 ,
1221 1295 1319 1335 quae
1342 1281 1576 1335 praesidium
1608 1294 1670 1321 re-

185 1356 340 1403 ceptum
363 1349 650 1402 indignaretur.
696 1346 806 1389 Clam
831 1350 1022 1403 quendam
1044 1349 1250 1391 Philonem
1265 1381 1275 1400 ,
1300 1349 1407 1389 illum
1423 1380 1433 1399 ,
1466 1349 1530 1402 qui
1553 1346 1669 1388 Pom—

185 1417 412 1472 peianarum
445 1418 611 1470 partium
646 1417 785 1458 fuisset
815 1419 1000 1458 defensor
1029 1418 1244 1458 acerrimus
1274 1418 1326 1470 (is
1358 1424 1438 1457 tota
1461 1415 1669 1457 Lusitania

137 1485 161 1526 3
185 1485 415 1526 notissimus
439 1489 542 1534 erat)
568 1509 616 1514 —-
642 1485 702 1525 hic
725 1486 822 1526 clam
846 1487 1040 1540 praesidia
1072 1487 1115 1526 in
1136 1484 1384 1526 Lusitaniam
1408 1484 1670 1539 proficiscitur

184 1560 224 1593 et
246 1550 462 1594 Caecilium
484 1551 673 1606 Nigrum,
699 1553 891 1595 hominem
914 1555 1147 1605 barbarum,
1175 1555 1221 1594 ad
1243 1552 1441 1594 Lennium
1464 1552 1666 1601 conuenit,

138 1621 162 1661 4
186 1621 249 1675 qui
270 1621 371 1661 bene
394 1635 573 1674 magnam
596 1635 752 1661 manum
774 1620 1058 1662 Lusitanorum
1083 1622 1258 1662 haberet.
1302 1620 1454 1661 Rursus
1478 1619 1671 1674 Hispalim

183 1691 224 1730 in
247 1689 427 1743 oppidum
451 1689 577 1729 denuo
601 1697 714 1730 noctu
739 1704 808 1744 per
829 1704 980 1730 murum
1001 1690 1214 1745 recipitur:
1250 1690 1503 1744 praesidium,
1528 1688 1668 1741 uigiles

108 1757 166 1802 36
184 1757 376 1811 iugulant,
401 1763 533 1810 portas
555 1758 826 1810 praecludunt,
853 1759 898 1798 de
920 1758 1075 1812 integro
1098 1771 1272 1813 pugnare
1295 1763 1521 1810 coeperunt.
1564 1754 1667 1795 Dum

186 1825 280 1866 haec
302 1832 506 1879 geruntur,
532 1825 648 1879 legati
673 1824 930 1867 Carteienses
952 1827 1296 1874 renuntiauerant,
1322 1825 1420 1878 quod
1438 1822 1667 1877 Pompeium

184 1893 223 1933 in
256 1899 451 1947 potestate
485 1893 688 1933 haberent.
733 1891 846 1946 Quod
869 1901 960 1934 ante
983 1891 1150 1934 Caesari
1181 1900 1313 1947 portas
1344 1891 1665 1946 praeclusissent,

184 1961 249 2001 illo
272 1961 460 2001 beneficio
483 1975 595 2001 suum
618 1962 850 2002 maleficium
874 1961 1153 2002 existimabant
1183 1975 1226 2001 se
1248 1960 1342 2000 lucri
1368 1960 1509 1999 facere.
1551 1956 1670 1998 Lusi-

326 2093 346 2124 2
366 2102 383 2123 a
406 2091 561 2135 Pompeio
581 2103 599 2124 a
618 2093 721 2124 Sexto
740 2104 773 2124 a.
947 2093 965 2124 3
985 2093 1040 2135 qui
1061 2093 1091 2124 in
1112 2103 1132 2123 α
1154 2093 1183 2132 b,
1207 2097 1286 2123 tunc
1306 2091 1337 2122 in
1358 2090 1469 2122 Aldus
1489 2100 1523 2121 u.

186 2144 383 2176 discordare
403 2155 478 2186 ego,
501 2146 712 2177 descendere.
732 2145 834 2177 codd.
854 2146 893 2177 P.
914 2146 993 2177 245.
1134 2145 1153 2176 4
1173 2155 1236 2175 non
1256 2154 1289 2174 α.
1431 2142 1667 2183 depugnarent

184 2200 296 2228 turres
317 2207 392 2238 ega,
415 2202 643 2239 repugnarent
664 2202 776 2229 turres
797 2208 840 2237 η,-
861 2201 1133 2239 rcpugnarentur
1151 2206 1204 2227 res
1224 2206 1244 2226 α
1258 2220 1267 2235 ‚
1297 2198 1546 2236 repugnaretur
1564 2192 1613 2224 eis
1633 2192 1665 2223 b.

327 2250 344 2279 5
365 2253 570 2290 occuparent
590 2251 672 2279 unte
691 2257 782 2279 corr.
805 2258 838 2279 α.
1027 2246 1172 2288 denique
1191 2256 1267 2287 rgo,
1296 2246 1401 2276 denuo
1421 2243 1522 2275 codd.

183 2298 201 2330 6
221 2299 373 2330 mitteret
392 2300 422 2330 b.
575 2299 593 2331 7
616 2299 748 2330 nomine
767 2309 787 2330 a
809 2299 839 2330 b.
991 2299 1009 2330 9
1029 2298 1158 2340 potitur
1178 2298 1208 2337 b,
1231 2297 1356 2339 potitus
1375 2296 1520 2336 reliqui.

184 2350 224 2381 10
244 2360 284 2380 ex
305 2359 374 2380 om.
397 2350 426 2379 b.
577 2349 614 2381 'll
634 2349 730 2380 multi
751 2347 927 2379 interfecti
946 2358 982 2378 a.
1135 2347 1174 2380 12
1194 2347 1322 2389 Hispali
1343 2357 1376 2377 a.
1527 2344 1565 2377 13
1586 2344 1625 2374 ad
1645 2353 1665 2374 a

185 2401 203 2431 b
222 2411 250 2441 c,
272 2411 340 2432 om.
360 2400 472 2432 Aldus
491 2411 526 2432 u.
702 2405 795 2432 esset
812 2405 950 2431 uentum
970 2410 1047 2441 ego,
1067 2410 1144 2431 sese
1164 2400 1324 2431 tuendum
1344 2409 1364 2430 a
1386 2399 1402 2428 b
1423 2408 1461 2436 ος
1482 2407 1556 2427 sese
1578 2396 1666 2427 tueri

184 2453 331 2484 dixisset
348 2452 459 2484 Aldus
479 2463 514 2484 u.
691 2451 867 2483 Caninium
888 2462 961 2483 cum
981 2452 1151 2494 praesidio
1172 2451 1319 2491 legatum
1339 2460 1358 2480 ιι
1377 2448 1454 2480 edd.
1478 2450 1561 2478 ante
1580 2447 1664 2478 Αἶά.

328 2504 367 2536 14
387 2503 580 2534 intermittit
600 2514 634 2534 (ι.
801 2504 838 2535 15
858 2513 976 2543 magna
997 2513 1115 2534 manus
1139 2503 1362 2539 ciacconius,
1388 2510 1542 2538 magnum
1563 2499 1665 2531 eodd.

326 2554 469 2595 partium
490 2564 574 2595 quae
589 2554 1093 2595 eod.Cz·aecom'1·(uelpotz‘as
1106 2553 1260 2594 Vrsini),
1276 2552 1489 2594 partiumque
1505 2562 1524 2582 α
1539 2552 1576 2589 b,-
1591 2560 1667 2592 par-

184 2606 264 2637 tium
285 2606 490 2648 praesidium
511 2606 596 2647 quod
618 2605 777 2637 Caesaris
797 2617 832 2637 u.
974 2606 1012 2638 16
1027 2606 1111 2636 clam
1132 2604 1429 2643 cett.1!’.‘20fi11.
1585 2602 1666 2633 illuc

186 2659 218 2689 b.
360 2657 400 2689 18
414 2657 445 2687 in
465 2667 534 2688 om.
555 2657 606 2697 (a)
628 2658 644 2687 b
664 2668 680 2686 r
698 2657 716 2688 3
737 2658 825 2689 dett.
968 2657 1006 2689 1‘.)
1021 2655 1186 2687 hominem
1206 2655 1385 2686 barbarum
1408 2653 1666 2695 Glandorln‘us5

185 2711 318 2742 nomine
338 2710 483 2741 barbaro
502 2720 522 2740 α
536 2711 567 2750 b,
583 2711 715 2741 nomine
730 2710 915 2741 Barbarum
936 2719 970 2740 11.
1112 2707 1277 2739 Lennium
1298 2720 1317 2739 (ι
1334 2706 1456 2747 vass),
1474 2707 1615 2739 Lenium
1629 2717 1664 2738 η.

327 2762 368 2793 *20
390 2761 550 2803 Hispalim
569 2761 601 2791 in
624 2760 906 2803 Oudenclmyn'us,
929 2759 1091 2801 Hispalim
1112 2759 1236 2798 codd.‚·
1256 2760 1287 2790 in
1304 2759 1468 2802 Hispalim
1486 2769 1521 2789 υ.

183 2814 221 2847 21
246 2813 367 2853 uigiles
386 2823 405 2843 α
427 2813 457 2852 b,
477 2812 668 2853 uigilesque,
688 2822 723 2843 v.
885 2811 927 2844 23
947 2809 1171 2841 Carcelenses
1190 2821 1223 2841 a.
1381 2809 1666 2841 renuntiauerant

184 2875 203 2895 α
220 2866 315 2895 ‘msam
329 2863 451 2895 etedd.
466 2863 575 2905 qdd.',
595 2861 957 2894 renuntiaruntAldus
976 2871 1010 2892 υ.
1152 2861 1408 2903 24120testate1n
1420 2859 1526 2892 codd.

186 2916 361 2947 habenta.

1698 613 1715 645 5

1705 949 1743 982 10

1703 1288 1742 1321 15

1700 1626 1743 1661 20

1699 1964 1741 1999 25
