1835 3240
563 145 748 190 COMM.
773 145 812 187 ΙΙ
843 142 968 187 CAP.
993 143 1200 197 34—111,
1227 147 1264 187 1.
1650 148 1728 190 311

467 479 522 525 C.
600 477 838 523 IVLII
907 474 1367 521 CAESARIS

286 625 438 695 DE
504 619 915 692 BELLO
988 618 1553 689 GALLICO

535 782 1001 828 COMMENTARIVS
1031 782 1296 826 TERTIVS.

286 1057 386 1100 Cum
409 1059 448 1099 in
470 1057 623 1100 Italiam
646 1058 968 1112 proficisceretur
989 1053 1159 1108 Caesar,
1185 1054 1370 1098 Seruium
1386 1054 1550 1096 Galbam
1575 1070 1661 1096 cum

173 1129 328 1183 legione
350 1135 414 1168 XII
437 1135 476 1168 et
497 1135 609 1181 parte
633 1127 828 1180 equitatus
851 1127 890 1166 in
911 1124 1149 1175 Nantuatis,
1175 1124 1381 1178 Veragros
1406 1121 1664 1176 Sedunosque

174 1198 295 1247 misit,
321 1196 383 1249 qui
405 1195 451 1235 ab
475 1195 615 1235 finibus
636 1194 897 1248 Allobrogum
921 1200 960 1234 et
983 1193 1066 1233 lacu
1090 1192 1298 1233 Lemanno
1321 1200 1361 1232 et
1382 1192 1538 1232 flumine
1555 1190 1664 1231 Rho-

177 1266 276 1305 dano
299 1265 345 1303 ad
368 1277 538 1303 summas
560 1263 682 1317 Alpes
705 1262 920 1317 pertinent.
984 1259 1116 1302 Causa
1140 1262 1319 1302 mittendi
1341 1261 1438 1310 fuit,
1465 1260 1567 1314 quod
1587 1260 1665 1300 iter
1684 1257 1711 1299 2

131 1343 147 1371 5
181 1346 249 1387 per
263 1332 401 1386 Alpes,
427 1346 501 1384 quo
524 1346 665 1385 magno
688 1345 773 1370 cum
796 1330 970 1384 periculo
993 1330 1222 1385 magnisque
1245 1344 1331 1370 cum
1353 1329 1538 1383 portoriis
1560 1342 1665 1368 mer-

108 1678 147 1710 10

110 2018 148 2049 15

180 1407 333 1440 catores
356 1401 412 1439 ire
436 1405 690 1449 consuerant,
716 1398 891 1452 patefieri
914 1398 1086 1439 uolebat.
1150 1397 1252 1438 Huic
1275 1397 1475 1451 permisit,
1513 1397 1546 1437 si
1568 1410 1663 1449 opus
1687 1395 1711 1436 3

181 1481 267 1507 csse
290 1467 577 1517 arbitraretur,
611 1467 667 1506 uti
689 1466 729 1507 in
752 1467 810 1507 his
833 1466 930 1506 locis
953 1466 1147 1520 legionem
1170 1466 1366 1506 hiemandi
1389 1478 1507 1505 causa
1529 1465 1664 1504 conlo-

183 1542 305 1575 caret.
366 1533 493 1575 Galba
516 1535 699 1575 secundis
723 1535 868 1587 aliquot
890 1535 1050 1588 procliis
1073 1535 1187 1575 factis
1219 1533 1471 1586 castellisque
1503 1532 1664 1586 conplu-
1684 1531 1712 1571 4

176 1602 286 1643 ribus
309 1616 441 1642 eorum
466 1602 703 1656 expugnatis
735 1602 867 1642 missis
896 1603 943 1642 ad
975 1616 1063 1643 enm
1092 1602 1260 1655 undique
1282 1601 1421 1655 legatis
1444 1599 1666 1641 obsidibus-

179 1684 251 1724 que
285 1670 385 1710 datis
419 1676 457 1710 et
487 1684 582 1724 pace
613 1671 718 1710 facta
749 1670 954 1710 constituit
986 1670 1171 1710 cohortes
1204 1670 1298 1710 duas
1331 1669 1373 1709 in
1393 1668 1665 1709 Nantuatibus

180 1738 387 1778 conlocare
430 1745 468 1778 et
498 1738 584 1791 ipse
614 1752 699 1778 cum
731 1737 891 1791 reliquis
925 1738 1009 1778 eius
1041 1739 1209 1793 legionis
1244 1738 1474 1778 cohortibus
1505 1736 1547 1776 in
1577 1736 1665 1775 uico

178 1805 465 1861 Veragrorum,
491 1806 555 1858 qui
577 1806 793 1861 appellatur
806 1805 1049 1856 Octodurus,
1075 1807 1274 1858 hiemare3
1300 1807 1365 1860 qui
1388 1805 1499 1845 uicus
1514 1803 1666 1858 positus
1688 1799 1713 1841 5

180 1874 221 1915 in
242 1874 344 1914 ualle
366 1888 445 1914 non
476 1889 617 1929 magna
647 1875 801 1915 adiecta
833 1874 1003 1929 planicie
1034 1875 1237 1916 altissimis
1268 1873 1466 1915 montibus
1496 1872 1667 1926 undique

183 1942 422 1982 continetur.
480 1940 579 1983 Cum
602 1943 663 1983 hic
685 1943 727 1983 in
748 1944 844 1984 duas
868 1951 998 1997 partes
1021 1943 1179 1984 flumine
1202 1943 1469 1991 diuideretur,
1503 1941 1667 1981 alteram
1689 1936 1716 1978 6

181 2018 328 2064 partem
351 2011 433 2050 eius
456 2010 534 2051 uici
558 2010 683 2052 Gallis
706 2012 754 2052 ad
777 2011 1024 2052 hiemandum
1047 2011 1269 2061 (noncessit,
1308 2011 1474 2051 alteram
1502 2020 1669 2048 uacuam

286 2128 411 2173 Incipit
427 2130 516 2162 liber
533 2141 570 2162 111
590 2130 738 2163 feliciter
755 2132 798 2163 B.
897 2131 910 2164 1
933 2130 1091 2163 Seruium
1111 2131 1211 2171 Λ(Β)
1227 2131 1392 2172 CDEs,
1415 2128 1513 2160 Sex-u.
1533 2137 1569 2159 u.

180 2183 201 2216 2
219 2180 265 2223 et]
285 2191 324 2213 ac
342 2182 388 2213 D.
502 2182 534 2213 in
553 2181 736 2215 Nantuatis
756 2183 804 2223 B,
827 2183 860 2214 in
878 2183 1050 2214 nantuatis
1073 2183 1111 2223 C,
1143 2181 1332 2214 inantuatis
1352 2182 1385 2212 A
1398 2180 1458 2223 (‘is
1478 2189 1595 2211 accus.
1616 2181 1670 2209 est

183 2235 291 2264 ettam
309 2235 343 2264 in
365 2232 465 2274 bc'),·
492 2233 525 2264 in
544 2239 737 2265 mantuates
755 2235 788 2266 D
802 2234 851 2273 E,
871 2234 905 2265 in
925 2239 1083 2266 antuates
1102 2244 1171 2265 sec.
1191 2243 1238 2264 m.
1257 2235 1293 2264 in
1310 2242 1428 2273 marg.
1448 2232 1499 2272 B,
1520 2231 1551 2262 in
1573 2235 1671 2262 atua-

183 2284 281 2325 tess.
369 2285 388 2317 3
408 2285 448 2316 ab
468 2285 613 2327 (B)DE
630 2289 664 2317 et
683 2288 791 2317 tacite
810 2297 852 2327 u,
875 2296 893 2318 a
914 2286 991 2327 (s).
1068 2287 1086 2318 4
1103 2285 1199 2327 Alpis
1222 2284 1262 2316 C.
1338 2286 1355 2316 5
1376 2283 1574 2325 magnisque
1594 2291 1668 2314 cum

183 2340 269 2377 port.
291 2337 349 2378 (B)
366 2337 436 2369 CD
452 2337 509 2378 (E)
531 2337 625 2369 ί11133.
648 2336 792 2377 omnes}
812 2338 1012 2379 magnisque
1030 2342 1119 2379 port.
1139 2348 1169 2377 e,
1190 2336 1321 2376 magnis
1340 2335 1479 2377 port.f.
1553 2334 1572 2366 6
1592 2343 1670 2364 con-

186 2393 324 2419 suerant
342 2390 375 2420 44
386 2389 448 2431 (Β)
463 2390 534 2421 CD
550 2390 631 2431 (E),
653 2391 955 2431 consueuerants.
1053 2389 1071 2421 7
1092 2393 1185 2421 esset
1204 2398 1282 2419 eam
1296 2391 1433 2429 puncto
1452 2387 1516 2418 sub
1535 2390 1549 2418 t
1566 2386 1608 2417 B.

186 2439 237 2470 his
256 2440 327 2471 AB
341 2441 421 2482 Cf,
444 2440 509 2472 hiis
527 2441 575 2481 E,
599 2442 640 2473 iis
658 2442 691 2473 J)
705 2441 746 2482 cl,-
767 2441 817 2473 eis
836 2451 882 2472 ex
900 2451 970 2472 uno
989 2441 1060 2474 det.
1080 2451 1114 2472 u.
1216 2440 1414 2471 conlocaret
1431 2438 1473 2469 B.
1570 2437 1590 2469 8
1609 2435 1671 2467 ali-

188 2491 273 2531 quod
291 2491 333 2522 B.
428 2493 647 2535 conpluribus
665 2494 707 2526 B.
804 2494 822 2526 9
842 2493 990 2535 undique
1009 2495 1078 2525 int.
1098 2503 1192 2525 uer-9.
1217 2493 1256 2525 C.
1354 2491 1394 2524 10
1414 2491 1573 2522 cohortes
1593 2499 1671 2520 cum

187 2540 195 2571 ἰ
215 2551 320 2582 super·
337 2552 354 2574 e
372 2544 421 2583 B,
444 2544 594 2576 cohortis
616 2545 656 2576 C.
843 2545 876 2576 in
896 2544 1128 2577 mantuatibus
1145 2544 1239 2583 DE,
1259 2543 1292 2574 in
1313 2542 1511 2574 antuatibus
1529 2541 1562 2573 A
1575 2541 1605 2572 B
1619 2542 1645 2571 G
1659 2565 1668 2580 ,

189 2593 221 2622 in
240 2594 455 2636 atuaiibuss.
574 2596 610 2628 11
633 2596 815 2628 conlocare
834 2596 877 2628 B.
996 2597 1038 2631 12
1056 2596 1250 2628 Octodurus
1270 2597 1302 2628 A
1326 2598 1363 2626 et
1381 2595 1526 2627 Orosius
1546 2593 1606 2632 ΙἸ,
1629 2594 1668 2631 83

190 2643 378 2676 Octodurus
395 2646 425 2676 B
438 2645 507 2678 CD
526 2647 671 2689 reliqui.
815 2648 854 2680 13
876 2647 1011 2679 abiecta
1031 2648 1061 2679 b.
1168 2647 1338 2689 planiciae
1357 2647 1410 2687 A,
1432 2646 1573 2688 planitie
1597 2645 1667 2685 Rs.

333 2694 374 2726 14
392 2695 468 2728 hinc
486 2698 558 2729 AB
576 2698 621 2739 (z's
639 2702 723 2730 ante
742 2698 852 2739 corr.)
868 2699 900 2730 D
913 2699 946 2730 E
961 2699 1019 2730 bo.
1197 2699 1320 2729 ssumen
1339 2697 1412 2730 AD
1432 2700 1469 2728 et
1483 2707 1530 2728 m.
1546 2705 1605 2737 pr.
1626 2695 1667 2725 B.

334 2745 548 2780 diuideretur
563 2754 647 2782 ante
665 2751 800 2782 flumine
815 2751 969 2792 ponz'tf.
1112 2749 1255 2782 alteram
1273 2768 1319 2773 —-
1337 2749 1510 2781 concessit
1528 2758 1595 2780 om.
1620 2748 1668 2786 C,-

193 2794 296 2825 altam
315 2802 443 2837 partem
461 2809 490 2830 c.
643 2801 684 2834 15
703 2802 744 2833 ad
763 2801 963 2843 gemandum
981 2811 1102 2843 m.p1·.
1125 2802 1175 2841 B‚·
1202 2801 1243 2832 ad
1264 2800 1478 2832 hiemandum
1491 2809 1530 2841 p.
1552 2798 1629 2837 312,
1654 2797 1662 2828 1

188 2851 272 2889 post
290 2850 485 2884 cohortibus
503 2852 544 2884 de
561 2852 782 2886 Hotomanm‘
798 2856 891 2886 coni.
907 2855 1032 2896 posita
1051 2853 1159 2885 habet
1176 2863 1208 2884 u.
