1835 3240
742 171 1166 213 ——190—

327 284 376 327 C.
403 284 471 336 13,
496 285 520 326 5
544 286 638 326 haec
665 286 706 325 in
729 285 841 325 codd.
866 286 1076 338 leguntur:
1104 283 1273 327 ‘Caesar
1292 287 1468 328 Rhodias
1492 302 1611 328 naues
1633 287 1696 329 IX

216 349 383 396 habebat
415 356 524 405 (nam
557 353 690 394 decem
713 354 842 393 missis
866 367 941 393 una
962 352 1003 393 in
1025 362 1144 394 cursu
1165 353 1299 395 littore
1320 355 1519 410 Aegyptio
1544 357 1696 397 defece—v

212 425 310 473 rat),
343 419 531 461 Ponticas
562 418 679 469 VIII,
712 419 861 474 Lycias
893 419 945 469 V,
980 434 1032 461 ex
1052 421 1151 462 Asia
1171 420 1282 461 Xlt'.
1321 422 1468 463 Verum
1494 425 1614 465 uerba
1639 426 1694 465 ‘in

213 488 345 530 cursu'
368 496 407 529 et
432 488 580 528 ‘littore
602 487 813 541 Aegyptio'
835 488 939 528 inter
951 502 994 528 se
1007 490 1207 528 contraria
1229 496 1342 529 sunt:
1369 505 1507 531 cursus
1530 493 1631 532 enim
1655 494 1694 532 in

211 557 345 597 littore
377 554 577 609 Aegyptio
609 561 694 594 erat
723 556 940 595 confectus.
983 554 1199 596 Praeterea
1222 559 1450 597 necessario
1485 559 1537 598 ‘in
1560 561 1694 600 littore

210 623 421 678 Aegyptio'
443 623 663 676 ponendum
688 629 787 663 erat.
821 621 958 676 Itaque
983 618 1143 663 ‘littore‘
1166 638 1188 663 a
1210 624 1398 676 magistro
1422 625 1614 666 adiectum
1635 628 1694 666 iu-

211 692 355 741 dicaui,
389 689 453 730 cui
484 703 623 730 cursus
656 689 872 744 Aegyptius
894 691 1131 731 insolentius
1155 691 1226 731 dici
1250 692 1466 732 uideretur.
1503 690 1691 734 Ceterum

210 768 259 799 ne
282 760 377 799 haec
407 757 457 797 iis
489 770 710 810 repugnare
740 758 964 808 uideantur,
990 772 1087 811 quae
1110 757 1262 800 Caesar
1282 759 1319 798 b.
1346 761 1420 800 ciu.
1448 758 1521 809 III,
1550 760 1644 808 106,
1670 760 1691 800 1

209 828 344 874 tradit,
370 839 412 866 se
434 824 599 865 nauibus
622 824 748 879 longis
771 824 936 865 Rhodiis
960 826 1091 866 decem
1116 827 1355 868 etAsiaticis
1371 829 1503 882 paucis
1516 828 1694 870 Alexan-

210 896 334 935 driam
358 893 603 947 peruenisse,
629 891 783 932 Hirtius
814 894 925 933 initio
949 894 1060 933 huius
1083 897 1354 936 commentarii
1376 896 1536 936 scribit:
1575 896 1691 935 ‘bello

207 958 484 1002 Alexandrino
516 961 683 1000 conflato
707 958 863 1000 Caesar
884 960 1023 1001 Rhodo
1046 969 1162 1014 atque
1184 978 1235 1003 ex
1259 961 1376 1017 Syria
1400 961 1618 1016 Ciliciaque
1651 979 1692 1003 0-

209 1044 336 1071 111116111
360 1030 526 1070 classem
550 1028 743 1077 arcessit',
779 1028 880 1068 uude
910 1043 1031 1069 naues
1056 1030 1140 1069 illas
1163 1038 1250 1084 post
1271 1032 1480 1072 aduentum
1506 1029 1692 1072 Caesaris

209 1098 456 1139 Alexandria
480 1096 669 1136 remissas
692 1109 780 1135 esse
803 1097 1049 1136 statuendum
1074 1104 1145 1137 est.

320 1163 367 1207 C.
395 1164 460 1215 16,
488 1166 507 1206 1
533 1180 619 1206 cuin
642 1166 681 1206 in
704 1165 882 1205 omnibus
905 1165 988 1205 fere
1011 1165 1119 1204 codd.
1146 1166 1240 1206 haec
1264 1166 1470 1218 legantur:
1510 1165 1691 1206 ‘Minime

204 1241 336 1274 autem
360 1247 429 1287 par
451 1241 538 1274 erat
560 1234 695 1287 proelii
731 1241 946 1273 certamen.
979 1231 1143 1272 Nostris
1167 1234 1267 1273 enim
1291 1234 1413 1286 pulsis
1437 1248 1561 1286 neque
1584 1241 1691 1274 terra

203 1315 329 1355 neque
353 1301 449 1341 mari
482 1302 666 1356 effugium
700 1302 865 1342 dabatur
887 1300 1017 1349 uictis,
1043 1300 1251 1353 omniaque
1275 1301 1490 1341 uictoribus
1508 1303 1691 1341 erantfu-

202 1376 290 1409 tura
313 1370 353 1408 in
375 1369 539 1409 incerto'
564 1377 677 1418 cett,
703 1376 843 1423 sponte
865 1374 1026 1421 apparet
1048 1382 1116 1420 pro
1129 1367 1194 1406 illo
1220 1368 1371 1420 ‘pulsis’
1394 1382 1471 1407 non
1497 1368 1690 1420 ‘prorsus'

203 1436 439 1490 ponendum,
465 1438 533 1477 sed
555 1438 592 1477 id
614 1437 787 1490 spurium
811 1435 1058 1476 iudicandum
1082 1434 1220 1474 fuisse.
1263 1434 1368 1474 Nam
1395 1435 1539 1475 ‘uictis'
1564 1442 1603 1475 et
1624 1449 1692 1489 po-

202 1504 348 1544 sitione
369 1511 406 1544 et
428 1512 586 1557 propter
608 1505 771 1544 inferius
796 1502 1042 1544 ‘uictoribus‘
1067 1509 1193 1542 tutum
1215 1509 1290 1542 est.

315 1570 456 1611 Eiusd.
493 1586 527 1612 6.
563 1573 599 1625 ἓ
636 1570 662 1611 6
693 1571 897 1612 retinenda
919 1577 1005 1610 erat
1027 1570 1186 1624 uulgata
1208 1570 1404 1623 scriptura
1427 1570 1569 1610 haece:
1598 1569 1690 1610 ‘Ita-

202 1653 276 1691 que
298 1639 371 1679 hoc
391 1639 521 1679 animo
545 1646 605 1679 est
627 1639 883 1687 decertatum,
911 1644 951 1677 ut
973 1651 1098 1690 neque
1120 1637 1326 1677 maritimis
1344 1637 1589 1690 nauticisquc
1612 1639 1690 1678 sol-

200 1706 317 1747 lertia
340 1715 457 1759 atque
480 1720 544 1746 ars
568 1707 804 1760 praesidium
828 1707 966 1754 ferret,
991 1718 1116 1757 neque
1135 1717 1298 1744 numero
1313 1705 1469 1744 nauium
1486 1714 1689 1759 praestan-

201 1773 306 1814 tibus
333 1774 541 1814 multitudo
564 1774 784 1827 prodesset,
811 1787 936 1826 neque
959 1773 1051 1812 flexi
1073 1773 1120 1811 ad
1145 1772 1328 1811 uirtutem
1348 1785 1367 1811 6
1386 1779 1494 1812 tanta
1518 1774 1690 1814 multitu-

200 1840 291 1881 dine
312 1841 388 1880 uiri
412 1842 547 1881 uirtuti
580 1849 807 1882 nostrorum
828 1847 990 1895 possent
1011 1840 1259 1892 adaequari'3
1300 1840 1373 1879 nisi
1397 1840 1513 1892 quod,
1540 1856 1624 1880 cnm
1649 1842 1688 1881 in

200 1906 296 1948 Par.
321 1922 403 1948 sec.
429 1916 468 1949 et
500 1907 607 1950 Scal.
643 1911 940 1962 ‘adaequarent'
975 1909 1144 1961 legatur,
1180 1922 1230 1947 ex
1253 1906 1375 1947 Voss.
1402 1914 1441 1947 et
1460 1906 1577 1947 Leid.
1602 1923 1684 1949 sec.

202 1976 453 2029 ‘adaequare'
476 1978 623 2031 recepi.
656 1976 823 2027 Verum,
849 1978 895 2017 de
918 1990 993 2029 qua
1014 1989 1057 2015 re
1079 1976 1209 2015 dicere
1231 1975 1424 2025 uolebam,
1454 1976 1576 2016 ‘flexi'
1598 1991 1688 2030 pro-

197 2044 308 2084 xime
331 2045 483 2084 accedit
504 2045 551 2084 ad
576 2046 710 2086 ‘flecti'
734 2045 891 2096 (‘ssecsi'
915 2044 1104 2097 scriptum
1127 2043 1247 2082 fuisse
1270 2046 1395 2096 puta),
1422 2044 1574 2095 quodin
1588 2045 1687 2097 opti—

196 2112 271 2152 mis
301 2119 341 2151 et
372 2112 551 2152 omnibus
583 2114 665 2152 fere
699 2114 812 2153 codd.
845 2112 1003 2166 legitur.
1045 2109 1233 2151 Dauisius
1257 2111 1504 2150 scribendum
1528 2112 1689 2164 putabat

198 2180 360 2230 ‘electi'‚
386 2187 530 2230 motus,
557 2180 595 2220 111
610 2180 738 2230 fallor,
757 2180 888 2220 uerbis
914 2185 950 2220 ‘e
974 2186 1083 2219 tanta
1100 2178 1374 2218 multitudine'.
1413 2176 1492 2218 Sed
1507 2192 1552 2219 ea
1565 2192 1687 2232 aeque

195 2254 306 2287 recta
327 2254 433 2297 sunt,
458 2262 543 2287 cum
570 2248 690 2288 ‘flexi'
716 2255 927 2302 ponuntur.
961 2246 1177 2287 Dicendum
1198 2246 1299 2286 enim
1312 2252 1477 2287 erateos
1491 2246 1685 2296 homines,

195 2316 281 2356 siue
313 2316 438 2356 flexos
473 2317 557 2356 siue
588 2317 735 2356 electos
758 2316 804 2355 ad
827 2316 1030 2365 uirtutem,
1055 2316 1197 2355 multos
1223 2316 1362 2356 fuisse.
1404 2313 1541 2355 Vtrum
1565 2313 1686 2366 igitur

196 2383 393 2436 posueris,
419 2397 502 2422 cum
526 2384 551 2423 ii
576 2384 753 2424 homines
777 2397 829 2423 ex
850 2398 989 2438 magna
1017 2383 1262 2424 multitudine
1287 2382 1462 2436 prodisse
1485 2381 1681 2429 dicantur,

195 2448 302 2504 ipsos
324 2465 477 2503 quoque
499 2452 642 2491 multos
667 2451 787 2491 fuisse
809 2457 947 2504 sponte
969 2451 1226 2505 intellegitur.
1258 2449 1520 2490 Flexiautem
1534 2449 1581 2488 ad
1604 2449 1683 2488 uir-

195 2525 317 2558 tutem
342 2518 562 2558 rectissime
595 2519 798 2568 dicuntur,
834 2519 898 2570 qui
922 2519 1068 2559 omissa
1089 2526 1174 2559 arte
1197 2525 1235 2558 et
1256 2517 1430 2558 sollertia
1446 2547 1455 2565 ,
1491 2531 1566 2568 qua
1589 2516 1684 2555 nihil

196 2585 468 2639 proficiebant,
494 2587 541 2625 ad
563 2600 703 2626 manus
726 2593 766 2625 et
787 2586 962 2639 eorporis
986 2586 1091 2626 uires
1114 2586 1388 2626 uertebantur.
1422 2580 1682 2637 Kreyssigius

196 2652 263 2692 uni
286 2652 497 2692 deterrimo
520 2653 661 2702 codici,
685 2651 780 2693 Par.
807 2660 917 2703 tert„
942 2653 981 2693 in
1005 2667 1078 2706 quo
1101 2660 1162 2692 est
1181 2652 1339 2701 ‘frecti',
1367 2657 1514 2691 tantum
1529 2649 1680 2699 tribuit,

195 2726 237 2760 ut
261 2720 418 2759 ‘erecti'
451 2721 636 2760 efficeret.

308 2785 468 2827 Initium
502 2802 536 2828 6.
572 2787 622 2828 17
652 2788 707 2828 ita
736 2788 884 2827 editur:
924 2787 1027 2829 ‘Hoc
1050 2802 1098 2828 ne
1121 2788 1193 2828 sibi
1215 2787 1368 2841 saepius
1392 2786 1571 2827 accidere
1594 2798 1682 2838 pos-

194 2861 270 2904 set,
305 2855 413 2895 omni
444 2855 602 2896 ratione
631 2852 786 2896 Caesar
820 2856 1130 2896 contendendum
1165 2855 1422 2904 existimauit,
1457 2861 1497 2893 ut
1518 2853 1682 2893 insulam
