1835 3240
687 172 1109 214 —121—-

158 293 309 335 Hirtius
341 293 398 343 (c.
423 288 495 342 54)
532 294 717 342 quattuor
746 286 924 341 legiones
954 285 994 325 in
1017 283 1183 337 Belgio,
1223 284 1382 323 totidem
1405 285 1444 324 iu
1469 285 1641 326 Haeduis

157 363 204 403 ad
227 359 471 401 hiemandum
503 356 715 397 collocatas
738 355 889 394 scribit.
936 352 1091 406 Itaque,
1115 360 1158 392 ut
1179 352 1226 391 ad
1249 366 1334 391 eum
1357 352 1498 400 locum,
1524 367 1545 391 a
1567 367 1641 405 quo

158 428 325 482 digressi
355 439 489 466 sumus
505 455 516 475 ,
549 431 824 472 reuertamur,
857 429 898 462 ut
919 436 954 461 c.
978 421 1033 462 24
1056 420 1283 460 duodecima
1305 419 1406 471 legio
1429 419 1469 458 in
1491 418 1642 459 Italiam

156 497 276 536 missa
306 508 394 535 esse
423 501 462 534 et
492 507 527 533 c.
553 491 606 532 54
637 492 769 545 quinta
787 491 936 531 decima
965 488 1018 528 ibi
1040 489 1162 528 fuisse
1184 494 1292 528 recte
1315 487 1539 535 diceretur,
1565 493 1645 526 sta-

156 563 338 604 tuendum
371 568 478 603 esset
508 561 635 600 medio
667 567 842 612 tempore
875 557 975 597 hanc
1007 556 1048 596 in
1069 556 1172 596 illius
1197 556 1323 595 locum
1355 554 1513 594 missam
1537 567 1643 601 esse⁷

159 632 275 685 quod,
301 645 386 671 cum
411 629 517 670 nulla
538 630 621 668 eius
644 627 702 666 rei
725 640 845 666 causa
868 631 990 673 esset,
1015 623 1242 664 incredibile
1266 629 1340 663 est.
1373 620 1517 674 Neque
1539 627 1647 660 utra-

158 713 230 754 que
252 698 354 752 legio
377 699 414 737 in
438 697 622 737 citeriore
645 693 774 734 Gallia
807 706 894 734 esse
924 691 1068 746 potuit:
1095 706 1183 731 nam
1216 691 1250 730 si
1280 691 1317 730 id
1349 691 1491 730 factum
1525 695 1645 737 esset,

159 768 270 808 exitu
291 766 383 806 noni
406 764 499 804 anni
521 770 670 817 septem
693 768 845 801 tantum
876 760 1053 814 legiones
1085 760 1124 800 in
1147 758 1334 799 ulteriore
1358 756 1565 812 prouincia
1586 768 1650 795 re-

158 836 274 876 lictae
296 839 444 874 essent.
480 830 762 872 Duodecimam
787 838 916 871 autem
938 830 1131 884 legionem
1149 827 1337 880 Pompeio
1360 840 1438 866 non
1461 837 1550 865 esse
1571 830 1652 863 tra-

162 903 279 943 ditam
311 901 401 941 inde
435 906 586 940 certum
618 906 702 949 est,
739 899 841 952 quod
872 899 968 938 haec
996 897 1034 937 b.
1061 897 1137 937 eiu.
1163 894 1196 945 Ι,
1226 894 1290 944 15,
1316 894 1340 934 3
1365 908 1449 933 cum
1473 890 1651 933 Caesare

160 971 282 1010 fuisse
304 969 460 1009 dicitur.
513 965 650 1020 Itaque
672 981 707 1007 c.
732 966 802 1017 24,
828 965 853 1006 3
884 980 953 1021 pro
983 964 1214 1006 duodecima
1243 963 1397 1016 legione
1429 961 1562 1014 quinta
1587 959 1653 998 de-

161 1038 261 1078 cima
283 1036 463 1090 ponenda
485 1042 560 1075 est.
606 1033 721 1087 Quod
751 1042 882 1074 autem
914 1048 1032 1087 supra
1064 1033 1149 1072 dixi
1182 1029 1441 1072 Ciacconium
1482 1035 1652 1080 utroque

162 1104 283 1144 Hirtii
316 1104 404 1144 loco
437 1109 616 1156 quartam
646 1103 843 1157 legionem
876 1101 967 1156 poni
998 1101 1196 1149 uoluisse,
1222 1099 1323 1139 idem
1346 1098 1446 1152 apud
1469 1094 1589 1137 Caes.
1614 1094 1651 1134 b.

161 1173 236 1212 ciu.
262 1170 336 1221 ΙΙΙ,
361 1170 488 1221 88,1,
513 1170 578 1210 ubi
601 1170 647 1210 de
669 1171 754 1210 acie
776 1184 797 1210 a
818 1169 1008 1224 Pompeio
1031 1170 1079 1210 ad
1099 1167 1332 1209 Pharsalum
1353 1165 1535 1207 instituta
1557 1163 1653 1203 haec

162 1241 372 1294 leguntur:
400 1244 532 1279 ‘erant
560 1239 600 1278 in
632 1239 794 1278 sinistro
827 1253 948 1279 cornu
980 1238 1157 1291 legiones
1188 1237 1288 1276 duae
1319 1234 1485 1275 traditae
1508 1247 1530 1273 a
1552 1229 1656 1272 Cae-

163 1322 252 1348 sare
284 1307 396 1347 initio
427 1306 684 1347 dissensionis
717 1320 770 1346 ex
797 1314 959 1347 senatus
985 1306 1191 1352 consulto,
1228 1317 1391 1358 quarum
1414 1316 1492 1342 una
1513 1301 1652 1355 prima,

164 1375 289 1415 altera
319 1374 436 1414 tertia
468 1374 776 1427 appellabatur',
810 1389 879 1427 pro
911 1374 1030 1414 tertia
1071 1374 1163 1413 item
1205 1379 1381 1425 quartam
1420 1384 1442 1410 a
1478 1367 1656 1410 Caesare

167 1442 333 1495 positam
365 1455 454 1481 esse
487 1441 755 1481 existimabat.
810 1438 965 1490 Causa,
999 1455 1070 1480 cur
1101 1440 1156 1480 ita
1188 1446 1408 1488 statueret,
1434 1439 1529 1478 haec
1552 1442 1653 1485 erat,

166 1510 265 1561 quod
289 1508 476 1548 Lucanus
491 1506 583 1558 VII,
600 1507 682 1547 219
704 1509 743 1548 in
766 1509 927 1549 sinistro
950 1507 1126 1562 Pompeii
1149 1522 1271 1548 cornu
1295 1507 1457 1561 primam
1479 1513 1519 1546 et
1540 1517 1656 1558 quar-

166 1584 242 1616 tam
266 1576 458 1629 legionem
484 1576 606 1615 fuisse
630 1576 839 1615 scriberet.
894 1574 1008 1628 Quod
1033 1576 1079 1615 ad
1102 1574 1273 1616 Hirtium
1297 1575 1465 1623 attinet,
1498 1587 1577 1612 non
1599 1571 1659 1612 ui-

166 1644 221 1683 dit
243 1641 481 1683 Ciacconius
504 1643 650 1696 legioni
673 1643 831 1695 quintae
855 1644 1029 1684 decimae
1052 1644 1157 1684 aliud
1180 1656 1322 1682 nomen
1344 1657 1366 1682 a
1386 1640 1574 1695 Pompeio
1596 1639 1657 1679 in-

167 1711 287 1751 ditum
310 1724 422 1759 esse,
460 1724 508 1750 116
539 1725 699 1750 suarum
731 1712 928 1765 legionum
952 1712 1096 1752 seriem
1120 1710 1321 1751 turbaret:
1348 1722 1475 1762 neque
1506 1714 1658 1748 tantum

165 1778 332 1819 Lucano
355 1777 601 1818 tribuendum
626 1786 710 1829 est,
736 1787 779 1820 ut
800 1780 900 1834 apud
925 1776 1044 1820 Caes.
1069 1780 1108 1819 b.
1136 1779 1212 1819 ciu.
1237 1776 1313 1827 ΙΙΙ,
1339 1776 1409 1827 88,
1435 1776 1457 1817 1
1482 1775 1658 1817 codicum

166 1848 399 1901 scripturam
422 1846 664 1887 deseramus.
708 1846 804 1887 Non
828 1848 1030 1888 numeraui
1054 1855 1184 1887 autem
1206 1847 1246 1886 in
1267 1859 1437 1886 recensu
1458 1844 1657 1898 legionum

170 1913 356 1956 Caesaris
379 1914 561 1955 cohortes
585 1915 680 1955 duas
704 1922 744 1954 et
765 1916 922 1970 uiginti,
957 1920 1052 1969 quas
1075 1931 1097 1956 a
1119 1914 1171 1956 L.
1194 1912 1370 1955 Caesare
1393 1913 1539 1968 legato,
1572 1925 1658 1951 cum

167 1982 340 2023 Aruerni
365 1981 607 2036 prouinciam
629 1981 910 2037 irrumperent,
936 1998 987 2024 ex
1008 1984 1091 2037 ipsa
1114 1983 1319 2037 prouincia
1342 1982 1389 2021 ad
1412 1994 1548 2021 omnes
1571 1993 1660 2033 par-

167 2058 226 2091 tes
249 2051 446 2104 oppositas
469 2063 558 2090 esse
582 2048 677 2100 VII,
701 2050 754 2091 65
776 2053 962 2092 refertur.
1015 2050 1119 2092 Nam
1152 2066 1237 2091 cum
1272 2047 1459 2090 Caesaris
1489 2048 1662 2088 aduentu

167 2133 282 2159 unam
306 2119 502 2173 legionem
525 2118 713 2159 decimam
735 2120 775 2161 in
797 2121 988 2161 ulteriore
1011 2118 1142 2159 Gallia
1164 2118 1286 2159 fuisse
1317 2123 1498 2167 constet,
1533 2128 1661 2168 neque

167 2187 297 2240 plures
330 2187 572 2239 conscriptas
606 2200 694 2227 esse
721 2187 887 2227 relatum
911 2188 978 2237 sit,
1010 2201 1124 2240 quam
1148 2185 1493 2234 enumerauimus,
1525 2190 1662 2223 nostra

169 2261 298 2295 autem
320 2255 423 2294 ratio
447 2252 678 2295 aCicerone
701 2256 972 2305 confirmetur,
988 2255 1075 2295 illas
1095 2254 1277 2295 cohortes
1300 2267 1379 2294 non
1401 2251 1658 2307 legionarias,

171 2322 240 2362 sed
261 2322 476 2364 auxiliares
500 2325 622 2364 fuisse
645 2324 894 2364 statuendum
917 2330 992 2364 est.

285 2388 333 2431 C.
357 2390 428 2441 27,
453 2392 479 2431 4
509 2392 566 2432 sic
608 2391 792 2431 correxi:
829 2391 1105 2445 ‘equitatuque
1139 2397 1288 2431 tantum
1322 2389 1537 2443 procedere
1572 2394 1663 2429 ante

170 2471 309 2510 agmen
349 2459 517 2511 imperat
556 2457 767 2512 legionum'
800 2466 914 2509 cett.⁹
958 2473 1043 2499 cum
1075 2459 1258 2499 ederetur
1301 2463 1310 2481 ‘
1329 2458 1659 2510 equitatumque'.

171 2522 300 2564 Vnum
325 2526 427 2565 enim
451 2525 553 2565 hunc
576 2526 703 2566 locum
728 2526 847 2576 noui,
873 2527 937 2580 qui
960 2526 1166 2580 Maduigio
1188 2527 1412 2579 refragetur
1433 2525 1591 2565 obseru.
1617 2524 1664 2564 ad

174 2604 336 2644 gramm.
370 2591 464 2633 Lat.
490 2607 527 2646 p.
553 2592 608 2633 78
638 2594 855 2647 imperandi
886 2595 1008 2635 uerbo
1043 2595 1143 2649 apud
1174 2594 1418 2647 antiquiores
1450 2593 1663 2646 scriptores

175 2660 443 2700 accusatiuum
467 2668 505 2700 et
527 2661 761 2702 infinitiuum
793 2663 870 2703 nisi
901 2663 1101 2716 passiuum
1128 2661 1251 2702 subici
1283 2660 1458 2714 neganti.
1506 2658 1665 2700 Monuit

174 2724 275 2764 idem
298 2723 463 2767 Caesari
484 2728 522 2768 b.
548 2726 651 2769 Gall.
678 2728 773 2779 Vll,
799 2728 868 2780 60,
895 2730 920 2770 3
941 2731 1117 2771 scribere
1138 2730 1298 2770 licuisse
1333 2733 1343 2752 ‘
1359 2728 1551 2782 quinque’
1580 2727 1666 2779 [co-

176 2792 329 2845 hortes]
354 2794 542 2834 ‘eiusdem
562 2795 731 2851 legionis
761 2798 934 2851 reliquas
964 2797 1161 2852 proficisci
1190 2795 1386 2850 imperat',
1412 2796 1513 2848 quod
1541 2795 1665 2833 forma

176 2859 359 2900 infinitiui
393 2869 500 2903 esset
530 2864 703 2917 passiua.
756 2864 938 2907 Eandem
971 2865 1166 2906 rationem
1197 2864 1294 2905 haec
1326 2863 1470 2904 habent
1499 2861 1537 2902 b.
1571 2859 1661 2901 Afr.
