1835 3240
107 187 190 230 768
785 184 1061 227 CAESARIS

183 315 242 342 me
265 300 439 349 abesses,
461 299 704 353 potissimum
727 311 856 337 secum
881 312 969 338 esse
991 299 1175 349 laetarer,
1191 299 1471 343 incredibiliter
1493 303 1662 343 delecta·

183 375 290 409 runt.
321 367 372 408 2:
397 364 518 406 Modo
540 366 633 405 mihi
655 365 742 404 date
757 363 1021 415 Britanniam,
1037 380 1149 419 quam
1173 366 1327 420 pingam
1350 369 1546 411 coloribus
1570 372 1661 420 tuis,

183 434 364 491 penicillo
387 447 487 473 meo.
534 431 610 472 Sed
635 432 723 484 quid
747 433 848 486 ago?
886 431 1002 484 Quod
1024 434 1116 473 mihi
1140 441 1290 488 tempus
1314 434 1462 476 Romae
1484 451 1663 490 praeser-

184 504 275 552 tim,
301 509 342 542 ut
362 502 437 541 istc
460 514 518 539 me
541 506 672 551 rogat,
697 500 870 539 manenti
894 515 1057 541 uacuum
1080 503 1332 543 ostenditur?
1363 503 1411 543 3:
1436 502 1662 545 Trebatium

185 571 287 625 quod
307 569 353 610 ad
377 583 418 608 sc
441 567 631 616 miserim,
655 568 830 621 persalse
852 574 891 608 et
913 569 1132 610 humaniter
1154 570 1268 610 etiam
1289 571 1436 623 gratias
1454 571 1546 611 mihi
1564 573 1659 625 agit.

184 637 320 691 Negat
341 636 442 675 enim
464 634 502 673 in
526 641 635 674 tanta
658 635 906 676 multitudine
929 650 1079 687 eorum,
1101 638 1165 691 qui
1181 652 1254 678 una
1275 645 1422 688 essent,
1439 651 1666 691 quemquam

184 707 320 754 fuisse,
346 703 408 755 qni
432 703 696 743 uadimonium
719 705 926 757 concipere
948 712 1094 757 posset.

303 770 391 811 Cic.
418 770 475 809 acl
493 769 606 809 Fam.
635 770 751 820 VII,
776 770 827 821 8,
855 770 903 811 1:
939 771 1107 825 Scripsit
1132 773 1178 812 ad
1200 786 1262 812 mc
1285 768 1439 812 Caesar
1461 772 1670 825 perhuma-

188 842 291 881 niter
321 839 490 879 nondum
522 846 560 878 te
594 837 667 878 sibi
697 838 793 878 satis
826 852 914 879 esse
945 839 1176 880 familiarem
1212 846 1371 893 propter
1392 840 1668 894 occupationes

189 922 296 958 suas,
327 906 393 947 sed
417 912 524 946 certe
548 907 649 945 fore.

299 975 412 1016 Idem
435 973 535 1013 ibid.
561 973 638 1023 17,
662 972 711 1013 2:
748 971 849 1013 Cum
881 973 1054 1013 uiderem
1085 987 1146 1013 me
1169 987 1189 1013 a
1213 971 1386 1014 Caesare
1410 973 1670 1014 honorificen-

187 1043 339 1085 tissime
369 1042 529 1082 tractari
561 1048 602 1082 et
632 1041 747 1081 unice
771 1041 876 1094 diligi
900 1041 1144 1094 hominisque
1166 1041 1440 1081 liberalitatem
1463 1040 1671 1080 incredibi-

188 1112 263 1152 lem
286 1118 325 1151 et
346 1110 583 1163 singularem
607 1110 719 1148 fidem
743 1122 900 1148 nossem
917 1139 927 1158 ,
962 1108 1019 1147 sic
1042 1108 1076 1147 ei
1100 1115 1136 1147 te
1159 1109 1424 1148 connnemlaui
1448 1115 1488 1148 ct
1510 1107 1667 1157 tradidi,

187 1187 231 1220 ut
261 1178 495 1233 grauissime
525 1176 900 1230 diligentissimeque
931 1176 1053 1228 potui.
1098 1173 1211 1226 Quod
1235 1176 1300 1215 ille
1323 1176 1377 1214 ita
1399 1183 1436 1214 et
1457 1176 1609 1227 accepit
1630 1182 1670 1214 et

188 1247 281 1288 mibi
312 1259 429 1299 saepe
461 1245 602 1284 litteris
633 1243 870 1297 significauit
901 1250 936 1282 ct
960 1243 1030 1282 tibi
1053 1250 1091 1282 et
1114 1243 1245 1283 uerbis
1268 1250 1308 1283 et
1329 1256 1371 1282 re
1394 1242 1564 1282 ostendit
1585 1254 1670 1280 mea

188 1312 528 1356 commendatione
551 1325 640 1352 sese
663 1311 775 1351 ualde
799 1325 887 1351 csse
911 1317 1159 1350 commotum.

300 1381 413 1421 Idem
436 1380 532 1420 ibid.
558 1379 595 1429 I,
619 1378 662 1425 9,
689 1377 766 1419 19:
811 1377 871 1419 De
894 1378 1055 1420 Vatinio
1078 1378 1242 1432 primum
1264 1378 1414 1417 reditus
1437 1377 1674 1418 intercesse-

186 1457 250 1491 rat
280 1449 318 1489 in
350 1448 515 1501 gratiam
549 1462 617 1501 per
637 1445 864 1500 Pompeium
883 1478 892 1496 ,
926 1446 1057 1487 statim
1090 1453 1132 1486 ut
1161 1446 1227 1486 ille
1258 1452 1416 1499 praetor
1447 1451 1507 1485 est
1529 1446 1669 1484 factus.

186 1517 285 1559 Post
303 1523 433 1557 autem
453 1513 657 1565 Caesaris,
681 1523 724 1555 ut
743 1514 849 1554 illum
873 1515 1137 1563 defenderem,
1158 1513 1256 1553 mira
1279 1513 1481 1553 contentio
1503 1519 1565 1553 est.
1581 1526 1673 1552 con·

188 1592 334 1627 secuta.

303 1654 389 1696 Cic.
416 1652 473 1692 αι]
497 1652 630 1706 Qfi.
657 1650 729 1701 II,
756 1650 807 1692 16
823 1682 833 1701 ,
858 1649 909 1690 5:
955 1647 1032 1690 Sed
1056 1650 1151 1690 heus
1174 1656 1215 1689 tu
1231 1679 1241 1698 ‚
1274 1649 1391 1689 celari
1414 1649 1550 1688 uideor
1571 1662 1594 1687 a
1616 1655 1668 1688 te.

188 1721 485 1775 Quomodonam
502 1751 512 1769 ,
549 1720 598 1759 mi
623 1720 770 1770 frater,
808 1720 854 1759 de
878 1718 1026 1758 nostris
1049 1717 1230 1757 uersibus
1255 1714 1434 1758 Cacsar?
1466 1715 1570 1756 Nam
1594 1715 1672 1768 pri-

188 1805 293 1831 mum
323 1789 462 1830 librum
494 1802 537 1828 se
559 1787 703 1840 legisse
726 1787 884 1841 scripsit
905 1787 950 1826 ad
976 1799 1034 1825 me
1057 1791 1146 1824 autc
1170 1792 1208 1824 et
1229 1784 1352 1837 prima
1375 1784 1431 1824 sic
1447 1815 1457 1833 ,
1490 1790 1531 1822 ut
1554 1789 1674 1835 neget

190 1874 232 1899 se
254 1872 315 1911 „ne
338 1855 493 1897 Graeca
525 1855 679 1907 quidem
702 1855 865 1895 meliora
888 1854 1033 1907 legisse
1050 1883 1060 1902 ,
1094 1851 1241 1903 reliqua
1266 1851 1313 1890 ad
1335 1851 1523 1903 quendam
1545 1849 1670 1889 locum

190 1922 497 1984 ῥᾳθυμότερα.
533 1922 619 1963 Hoc
641 1922 742 1963 enim
765 1922 888 1961 utitur
910 1921 1046 1961 uerbo.

303 1993 415 2034 Idem
439 1991 537 2031 ibid.
562 1991 657 2038 III,
685 1989 731 2040 1,
759 1988 836 2029 10:
871 1987 931 2028 De
954 1988 1150 2027 tribunatu
1172 1987 1272 2039 quod
1293 1985 1432 2025 scribis
1448 2015 1457 2033 ,
1483 1998 1555 2038 ego
1578 1997 1674 2023 uero

191 2060 420 2102 nominatim
443 2059 565 2113 petiui
584 2056 740 2107 Curtio,
766 2064 806 2097 et
827 2056 918 2096 milli
940 2056 1022 2109 ipse
1037 2052 1189 2095 Caesar
1210 2053 1435 2094 nominatim
1453 2049 1593 2092 Curtio
1609 2065 1674 2105 pa-

190 2136 318 2170 ratum
342 2141 429 2169 esse
443 2126 646 2180 rescripsit
664 2138 866 2177 meamque
884 2124 924 2163 in
943 2123 1120 2174 rogando
1139 2121 1414 2162 uerecundiam
1433 2118 1671 2171 obiurgauit.

306 2195 392 2236 Cic.
429 2195 485 2235 cul
504 2195 598 2234 Alc.
632 2194 724 2243 IV,
763 2192 839 2242 16,
878 2191 952 2231 13:
995 2190 1062 2230 Ex
1092 2190 1225 2230 fratris
1257 2188 1401 2229 litteris
1432 2184 1672 2226 incredibilia

192 2263 379 2320 quaedam
404 2262 450 2302 de
467 2259 654 2301 Caesaris
676 2261 716 2300 in
738 2273 799 2299 me
822 2273 954 2299 amore
976 2258 1159 2311 cog-noui,
1180 2270 1303 2310 eaque
1325 2262 1417 2295 sunt
1438 2253 1556 2306 ipsius
1570 2248 1670 2290 Cae-

193 2332 295 2374 saris
319 2330 526 2371 uberrimis
548 2329 690 2369 litteris
713 2328 954 2368 confirmata.
991 2324 1208 2365 Britannici
1231 2323 1319 2364 belli
1340 2322 1470 2362 exitus
1488 2326 1670 2371 expecta-

194 2408 272 2440 tur.
308 2397 477 2439 Constat
510 2396 610 2437 enim
643 2396 770 2435 aditus
800 2395 951 2435 insulae
983 2408 1071 2434 esse
1101 2393 1270 2432 munitos
1294 2388 1462 2429 mirificis
1486 2385 1665 2425 molibus.

194 2466 327 2507 Etiam
348 2465 443 2504 illud
466 2465 542 2505 iam
566 2464 765 2517 cognitum
789 2470 864 2509 est,
884 2476 1012 2515 neque
1034 2460 1185 2514 argenti
1208 2457 1418 2510 scripulum
1442 2467 1528 2493 csse
1554 2453 1670 2492 ullum

194 2535 235 2575 in
255 2534 321 2574 illa
342 2532 470 2572 insula
493 2546 618 2585 neque
642 2533 756 2571 ullam
781 2544 886 2584 spem
911 2529 1075 2583 praedae
1099 2527 1173 2567 nisi
1195 2539 1247 2565 ex
1268 2523 1484 2576 mancipiis.

314 2599 402 2641 Cic.
427 2600 484 2639 acl
508 2599 641 2651 Q·s''·
666 2599 750 2648 III,
779 2597 816 2648 1,
843 2598 915 2638 17:
950 2594 1048 2637 Cum
1071 2595 1168 2634 hanc
1190 2593 1265 2633 iam
1288 2590 1491 2644 epistolam
1515 2585 1674 2640 compli-

339 2681 357 2712 9
372 2682 407 2711 et
426 2678 463 2709 13
484 2676 531 2719 te]
554 2677 772 2709 Trebatium.
914 2678 953 2710 19
969 2676 1026 2717 Cf.
1042 2674 1089 2706 ad
1101 2673 1206 2715 Q.sr.
1220 2672 1266 2711 II,
1284 2671 1333 2711 16,
1347 2671 1379 2702 3.
1520 2666 1674 2699 ‘22michi

197 2735 390 2768 Medicens.
561 2730 601 2761 de
622 2731 749 2761 nostris
769 2728 941 2770 uersibus]
962 2732 1032 2759 {res
1051 2727 1161 2758 lt'bros
1179 2725 1280 2763 (Ic'ce't,
1301 2732 1389 2764 quos
1408 2721 1448 2752 de
1468 2718 1675 2760 temporibus

198 2787 269 2819 suis
287 2785 493 2826 scripserat.
517 2782 575 2822 Cf.
595 2779 642 2812 ad
658 2780 761 2811 Fam.
782 2781 808 2819 J,
830 2781 860 2819 9,
883 2779 939 2811 23.
1080 2777 1123 2810 28
1134 2774 1333 2818 perscripsit
1349 2783 1395 2804 m.
1411 2781 1471 2813 pr.
1484 2768 1676 2801 Mediceus.

340 2837 379 2869 31
401 2833 585 2868 Trittanici
603 2843 649 2864 m.
668 2843 726 2874 pr.
746 2832 924 2864 Medic-eus
1109 2829 1151 2860 32
1169 2831 1326 2859 constant
1344 2837 1389 2857 m.
1408 2834 1465 2866 pr.
1487 2821 1675 2854 Mediceus.

343 2887 484 2919 miratos
502 2885 693 2918 Medicam.

1703 913 1743 946 10

1707 1248 1743 1281 15

1702 1586 1744 1620 20

1705 1922 1746 1955 25

1701 2256 1743 2289 30

1706 2592 1747 2624 35
