1835 3240
97 169 178 212 342
617 168 692 210 DE
723 167 911 211 BELLO
944 166 1196 212 GALLICO

125 281 150 322 3
172 281 259 322 dum
282 288 322 322 et
343 295 429 322 cum
451 281 628 322 hostibus
652 289 735 322 erat
756 281 1003 334 pugnandum
1020 311 1030 330 ,
1065 295 1151 321 cum
1182 282 1236 322 illi
1268 291 1339 324 aut
1369 297 1421 324 ex
1452 282 1649 324 aridoaut

171 349 328 404 paulum
350 350 388 389 in
412 363 549 402 aquam
572 349 771 403 progressi
794 347 973 388 omnibus
996 348 1178 388 membris
1197 351 1407 403 expeditis,
1432 351 1648 392 notissimis

171 417 270 457 locis
307 417 493 457 audacter
528 416 604 455 tela
640 414 871 454 conicerent
903 422 943 455 et
979 428 1099 468 equos
1134 415 1374 457 insuefactos
1417 418 1644 458 incitarent.

123 483 150 524 4
173 481 325 536 Quibus
347 484 465 524 rebus
489 483 611 522 nostri
635 482 834 535 perterriti
857 489 972 536 atque
994 483 1107 523 huius
1136 484 1294 523 omnino
1317 485 1473 538 generis
1497 498 1650 540 pugnae

170 552 338 606 imperiti
371 565 449 590 non
480 550 612 590 eadem
646 549 851 590 alacritate
882 564 927 590 ac
956 551 1108 601 studio,
1148 566 1223 604 quo
1254 551 1293 591 in
1324 552 1568 605 pedestribus
1590 554 1646 593 uti

94 618 150 663 25
172 619 332 673 proeliis
356 624 611 666 consuerant,
636 617 878 657 nitebantur.
943 616 1055 670 Quod
1087 618 1151 658 ubi
1175 616 1328 659 Caesar
1357 619 1646 669 animaduertit,

171 700 294 726 naues
315 686 470 738 longas,
495 699 656 737 quarum
680 692 719 725 et
740 685 894 738 species
918 693 1005 726 erat
1026 685 1204 726 barbaris
1226 686 1451 726 inusitatior
1463 693 1501 726 et
1523 694 1650 727 motus

171 754 219 793 ad
242 768 354 794 usum
378 752 621 806 expeditior,
656 753 813 806 paulum
837 753 1032 793 remoueri
1055 754 1102 794 ab
1125 754 1318 794 onerariis
1341 754 1507 794 nauibus
1530 760 1568 793 et
1588 766 1651 794 re-

170 821 244 861 mis
267 821 423 861 incitari
455 827 493 860 et
525 821 571 860 ad
593 820 693 860 latus
716 828 889 874 apertum
912 821 1080 861 hostium
1104 821 1290 861 constitui
1313 828 1434 874 atque
1453 821 1543 860 inde
1566 821 1652 860 fun-

173 888 247 937 dis,
273 888 444 942 sagittis,
469 889 678 928 tormentis
701 888 833 929 hostes
856 889 1016 943 propelli
1040 903 1086 929 ac
1108 890 1345 929 summoueri
1368 889 1511 939 iussit3
1551 901 1651 941 quae

123 954 151 995 2
171 968 235 995 res
258 970 399 1010 magno
423 956 507 995 usui
531 956 679 996 nostris
700 956 787 996 fuit.
839 955 943 996 Nam
977 964 1016 997 et
1048 957 1202 997 nauium
1239 958 1360 1011 figura
1395 964 1433 997 et
1455 969 1649 996 remorum

170 1029 277 1062 motu
300 1030 339 1063 et
358 1023 546 1063 inusitato
568 1037 712 1077 genere
733 1031 1016 1064 tormentorum
1026 1025 1191 1078 permoti
1211 1024 1367 1064 barbari
1391 1024 1652 1063 constiterunt.

123 1087 148 1128 3
171 1103 216 1130 ac
238 1091 390 1144 paulum
415 1092 528 1131 modo
552 1091 685 1144 pedem
708 1092 942 1132 retulerunt.
1001 1092 1134 1145 Atque
1157 1093 1304 1132 nostris
1335 1091 1525 1132 militibus
1558 1104 1652 1130 cun-

170 1158 382 1205 ctantibus,
406 1159 577 1199 maxime
595 1166 755 1212 propter
775 1159 1021 1199 altitudinem
1044 1160 1179 1210 maris,
1205 1160 1268 1211 qui
1292 1160 1463 1199 decimae
1484 1157 1651 1211 legionis

170 1226 339 1277 aquilam
365 1227 528 1276 ferebat,
555 1233 800 1266 contestatus
823 1227 916 1266 deos
932 1257 942 1276 ,
976 1234 1019 1267 ut
1050 1241 1095 1267 ea
1116 1241 1181 1267 res
1204 1226 1349 1279 legioni
1371 1225 1540 1266 feliciter
1562 1238 1652 1265 eue-

169 1292 289 1342 niret,
317 1293 522 1344 ‘desilite’,
547 1294 688 1346 inquit,
717 1298 727 1317 ‘
743 1293 910 1343 milites,
936 1294 1013 1334 nisi
1034 1294 1152 1334 uultis
1173 1294 1341 1346 aquilam
1366 1292 1541 1332 hostibus
1563 1305 1652 1345 pro-

170 1359 289 1399 dere:
326 1374 398 1413 ego
422 1368 529 1400 certe
553 1375 679 1401 meum
699 1361 938 1415 reipublicae
960 1367 1076 1414 atque
1097 1361 1328 1415 imperatori
1351 1360 1517 1400 officium
1539 1372 1653 1412 prae-

123 1426 150 1466 4
172 1426 342 1467 stitero'.
386 1427 472 1468 Hoc
495 1442 580 1468 cum
603 1443 702 1469 uoce
724 1443 865 1483 magna
888 1428 1070 1479 dixisset,
1095 1442 1139 1468 se
1162 1442 1214 1468 ex
1236 1428 1327 1468 naui
1350 1426 1516 1481 proiecit
1537 1433 1655 1479 atque

122 1492 146 1532 5
168 1494 209 1534 in
233 1494 365 1535 hostes
387 1496 556 1548 aquilam
581 1497 685 1537 ferre
707 1498 850 1550 coepit.
895 1496 999 1536 Tum
1022 1496 1145 1536 nostri
1167 1495 1359 1535 cohortati
1382 1495 1488 1534 inter
1510 1507 1578 1543 se,
1604 1506 1655 1533 ne

122 1560 149 1601 6
171 1568 322 1602 tantum
347 1563 515 1604 dedecus
538 1565 842 1612 admitteretur,
870 1564 1046 1604 uniuersi
1069 1577 1121 1604 ex
1144 1563 1233 1603 naui
1258 1563 1505 1603 disiluerunt.
1568 1559 1653 1600 Hos

168 1630 260 1670 item
285 1644 337 1670 ex
358 1631 550 1684 proximis
586 1633 759 1686 [primis]
793 1632 958 1672 nauibus
981 1646 1066 1671 cum
1089 1630 1417 1684 conspexissent,
1456 1628 1654 1669 subsecuti

91 1696 148 1742 26
171 1698 346 1738 hostibus
368 1699 744 1753 adpropinquarunt.
788 1698 1008 1753 Pugnatum
1033 1705 1093 1739 est
1114 1699 1160 1738 ab
1183 1698 1358 1751 utrisque
1379 1697 1540 1737 acriter.
1564 1694 1652 1735 No-

169 1766 243 1806 stri
264 1773 421 1815 tamen,
453 1768 554 1819 quod
586 1781 713 1820 neque
745 1767 902 1808 ordines
935 1780 1097 1807 seruare
1126 1779 1254 1819 neque
1285 1765 1448 1805 firmiter
1469 1763 1656 1803 insistere

172 1842 300 1882 neque
313 1829 426 1883 signa
439 1829 626 1881 subsequi
640 1835 822 1883 poterant
837 1860 847 1878 ,
873 1836 989 1882 atque
1003 1829 1102 1869 alius
1120 1829 1195 1869 alia
1210 1841 1261 1867 ex
1274 1827 1383 1877 naui,
1407 1827 1656 1880 quibuscum-

174 1910 248 1949 que
270 1896 393 1950 signis
417 1903 669 1947 occurrerat,
695 1910 738 1937 se
761 1896 1016 1950 adgregabat,
1038 1909 1276 1950 magnopere
1298 1894 1651 1949 perturbabantur3

316 1988 329 2020 1
347 1990 455 2030 prins
474 1998 547 2019 cum
569 1998 636 2020 om.
656 1998 703 2019 m.
720 1998 776 2030 pr.
799 1988 830 2020 b.
950 1993 1009 2020 aut
1028 2007 1066 2010 —
1087 1987 1159 2030 aut]
1179 1988 1235 2019 uel
1253 2005 1296 2009 —
1315 1986 1372 2018 uel
1392 1986 1422 2017 b.
1533 1986 1554 2020 2
1576 1995 1654 2027 pau-

169 2038 238 2070 lum
257 2039 330 2071 AB
343 2040 411 2071 CD
425 2039 478 2069 Ee
497 2039 617 2080 ‘longe
633 2038 788 2080 plur-{mi
803 2042 838 2070 et
856 2039 1096 2079 netustz'ores',
1118 2039 1373 2081 paululumfu.
1515 2037 1656 2079 expedi-

170 2090 216 2122 tis
235 2091 268 2122 A
282 2091 355 2132 es,
378 2091 529 2132 expediti
548 2090 695 2131 reliqui.
835 2090 854 2121 3
875 2090 998 2127 factos,
1018 2100 1178 2131 suprase.
1198 2100 1267 2121 sec.
1288 2100 1334 2120 m.
1355 2089 1466 2127 insue,
1490 2089 1528 2120 C.

171 2144 189 2175 5
210 2153 275 2174 nou
295 2143 413 2175 eadem
441 2143 544 2184 (A)B
564 2142 638 2184 (liic
656 2145 740 2174 ante
759 2152 851 2175 corr.
872 2142 1029 2183 eandem)
1054 2143 1216 2184 CDEs,·
1246 2150 1362 2172 omnes
1381 2140 1498 2171 eadem
1517 2150 1554 2179 e,
1586 2150 1651 2171 non

170 2205 286 2228 omnes
306 2196 423 2227 eadem
446 2196 581 2237 {forsan
603 2194 669 2226 ed'
688 2205 724 2226 u.
896 2195 914 2227 6
934 2194 1173 2235 cosuerants,
1194 2196 1446 2225 consueuerant
1467 2192 1510 2223 ‘C
1527 2190 1651 2222 solus'.

314 2247 512 2278 nitebantur
531 2246 646 2277 Ooeon.
659 2270 670 2286 ,
690 2245 891 2276 nitebantur
908 2245 959 2286 A,·
978 2245 1166 2276 utebantur
1183 2243 1331 2285 reliqui.
1507 2242 1653 2273 animum

171 2299 369 2340 aduertits.
513 2298 532 2331 7
551 2302 624 2329 erat
641 2307 710 2328 om.
731 2298 804 2329 AB
819 2297 939 2328 CDE.
1082 2296 1101 2328 8
1120 2295 1221 2337 paulo
1241 2305 1277 2334 e,
1299 2292 1518 2336 paululumf.

171 2350 213 2382 10
233 2349 340 2381 hostis
359 2350 403 2381 A.
560 2348 765 2380 summoueri
783 2348 854 2380 AB
871 2348 1000 2388 CDE,
1024 2358 1093 2379 non
1115 2346 1322 2379 submoueri.
1488 2344 1527 2377 13
1547 2349 1655 2376 rettu-

171 2400 286 2432 lerunt
303 2410 381 2430 cum
396 2402 531 2441 puncto
549 2400 613 2430 sub
631 2399 747 2430 altera
766 2403 780 2430 t
796 2398 837 2429 B.
995 2397 1110 2440 atque]
1132 2403 1166 2429 at
1185 2398 1202 2429 b
1217 2397 1341 2439 edes.
1503 2395 1540 2427 15
1560 2396 1655 2428 obte-

171 2456 282 2483 status
302 2451 399 2492 belf.
572 2451 612 2482 16
631 2451 758 2482 milites
776 2450 851 2481 AB
865 2450 994 2490 CDE,
1018 2449 1264 2480 commilitones
1283 2459 1303 2479 a
1320 2448 1338 2479 b
1351 2458 1368 2479 e
1381 2447 1655 2489 def(,›1e}1m·n-

174 2504 283 2534 trium
303 2501 404 2533 codd.
429 2504 655 2543 permutasse
672 2511 748 2532 mea
766 2500 913 2532 collatio
933 2501 1062 2532 codicis
1080 2501 1111 2531 B
1129 2500 1258 2540 docet).
1294 2499 1377 2531 Vz'd.
1396 2499 1476 2530 Lm.
1500 2499 1569 2538 III,
1596 2498 1652 2530 27.

316 2552 383 2583 nisi
403 2551 432 2583 si
450 2551 600 2592 uultiss.
793 2551 833 2583 18
851 2561 934 2582 uoce
953 2560 1076 2591 magna
1097 2550 1252 2582 ABCD
1268 2549 1348 2591 Es,
1374 2559 1495 2591 magna
1515 2560 1598 2581 uoce
1618 2560 1654 2582 u.

317 2612 352 2633 se
372 2612 412 2633 ex
431 2602 511 2632 naui
529 2601 673 2643 proiecit
690 2601 804 2633 ABE
819 2601 897 2633 edd.
917 2604 1001 2632 ante
1018 2611 1060 2641 u,
1082 2610 1125 2632 ex
1143 2600 1222 2631 naui
1241 2610 1275 2631 se
1294 2600 1519 2642 proiecitsu.

174 2654 215 2687 19
234 2654 360 2685 hortati
377 2653 421 2685 A.
561 2653 603 2686 20
623 2651 681 2694 ex]
702 2652 741 2683 de
763 2653 794 2684 b.
957 2652 1171 2684 desiluerunt
1188 2653 1220 2684 A
1232 2652 1292 2693 (B)
1307 2652 1374 2684 CI)
1384 2653 1429 2693 s,
1452 2652 1656 2684 desilierunt

173 2705 204 2737 Ε
220 2708 258 2736 et
273 2714 341 2735 sec.
361 2713 408 2735 m.
430 2703 511 2735 CI).
720 2703 759 2734 21
781 2702 898 2744 primis
918 2703 1114 2734 eiciendum
1133 2702 1235 2734 dfoeit
1248 2703 1510 2736 Hotomannus.

172 2758 216 2790 22
234 2756 546 2798 adpropinquarent
562 2754 593 2786 B
606 2755 653 2793 C,
684 2754 1046 2796 adpropinquauerunt
1065 2755 1082 2785 b
1101 2754 1283 2795 (Ceterum
1305 2755 1399 2797 adpr.
1415 2780 1423 2795 ,
1453 2765 1522 2787 uon
1541 2765 1652 2798 appr.,

172 2807 244 2840 AB
259 2807 401 2849 CDf).
542 2806 586 2839 24
604 2805 871 2848 quibuscumque
890 2806 962 2847 (B).
1104 2807 1145 2839 25
1165 2807 1375 2848 adgregabat
1392 2807 1464 2839 AB
1479 2807 1555 2849 Cf.

173 2868 291 2899 magno
312 2866 410 2901 opere
428 2859 511 2888 ante
529 2865 636 2896 corr„
658 2859 699 2887 ut
715 2855 962 2898 uz'dctu7·‚fu.
1106 2858 1352 2899 perturbantur
1368 2858 1439 2889 AB
1452 2857 1574 2890 CDE.

1682 894 1726 927 10

1687 1231 1726 1264 15

1682 1566 1729 1601 20
