1835 3240
74 140 156 184 538
641 143 715 186 DE
747 143 936 187 BELLO
969 141 1144 187 CIVILI

152 254 261 295 bicos
283 255 508 310 eruptiones
530 257 673 298 fiebant
695 272 745 298 ex
768 258 921 311 oppido,
946 258 1135 311 ignesque
1157 259 1291 312 aggeri
1315 266 1354 299 et
1378 258 1546 299 turribus
1567 259 1627 299 in-

150 322 402 375 ferebantur3
442 338 540 377 quae
563 326 675 364 facile
698 326 823 364 nostri
846 325 988 365 milites
1012 325 1253 378 repellebant
1275 327 1502 380 magnisque
1523 327 1627 366 ultro

150 389 270 430 illatis
293 391 536 432 detrimentis
560 404 642 439 eOS,
669 391 733 443 qui
756 392 1002 445 eruptionem
1027 393 1217 441 fecerant,
1241 393 1280 431 in
1296 394 1474 446 oppidum
1490 394 1629 433 reicie-

103 455 131 500 3
153 455 259 497 bant.
302 456 466 497 Interim
498 456 549 496 L.
575 456 763 498 Nasidius
794 459 840 498 ab
865 456 942 499 Cn.
977 457 1165 512 Pompeio
1198 473 1284 498 cum
1322 460 1448 500 classe
1471 460 1630 500 nauium

149 531 253 573 XVI,
278 526 317 565 in
340 525 477 577 quibus
500 538 647 578 paucae
669 533 784 565 erant
804 533 962 566 aeratae
978 557 988 576 ,
1019 525 1070 566 L.
1097 525 1270 566 Domitio
1291 524 1627 567 Massiliensibus-
1658 535 1676 566 5

151 606 223 646 que
245 592 418 633 subsidio
442 591 583 631 missus
607 593 706 632 freto
730 591 889 633 Siciliae
910 594 1143 648 inprudente
1165 600 1279 646 atque
1303 593 1529 647 inopinante
1552 592 1631 634 Cu·

103 660 131 701 2
151 661 262 701 rione
285 659 512 712 pcruehitur
533 660 782 713 adpulsisque
793 659 1022 701 Messanam
1047 661 1212 701 nauibus
1226 668 1341 713 atque
1362 661 1453 701 inde
1475 668 1632 714 propter

150 727 397 781 repentinum
421 734 612 767 terrorem
636 728 850 781 principum
873 742 918 768 ac
941 736 1102 769 senatus
1126 730 1213 781 fuga
1238 729 1338 768 facta
1360 729 1389 781 ’ὶ-
1411 741 1462 768 cx
1483 728 1632 767 nauali-

104 793 130 834 3
151 794 223 834 bus
238 807 371 833 eorum
394 794 561 834 deducit.
597 794 683 835 Hac
705 796 887 836 adiuncta
909 797 955 836 ad
978 796 1149 848 reliquas
1174 809 1295 835 naues
1319 809 1474 835 cursum
1488 793 1633 835 Massi-

152 862 244 902 liam
266 874 408 901 uersus
431 862 583 915 perficit
604 864 897 916 praemissaque
921 864 1019 903 clam
1042 863 1226 902 nauicula
1247 861 1464 902 Domitium
1485 860 1632 902 Massi·
1666 869 1705 902 10

152 929 367 982 liensisque
389 929 435 969 de
457 942 528 969 suo
550 930 722 970 aduentu
744 932 934 971 certiores
963 930 1055 970 facit
1076 943 1220 983 eosque
1242 943 1480 983 magnopere
1503 929 1634 969 horta-

151 1005 240 1048 tur,
274 1004 315 1037 ut
342 1011 480 1037 rursus
515 1011 599 1037 cum
622 996 736 1038 Bruti
768 998 892 1038 classe
926 998 1067 1038 additis
1098 998 1180 1038 suis
1215 998 1375 1037 auxiliis
1406 997 1631 1051 confligant.

103 1067 133 1113 4
152 1065 428 1108 Massilienses
451 1072 537 1119 post
558 1066 736 1119 superius
758 1065 1044 1106 incommodum
1067 1072 1224 1105 ueteres
1245 1066 1293 1104 ad
1316 1065 1480 1105 eundem
1499 1078 1635 1104 nume-

151 1149 237 1177 rum
262 1148 314 1174 ex
336 1133 540 1173 naualibus
571 1134 780 1187 productas
813 1134 926 1173 nauis
948 1134 1173 1173 refecerant
1193 1147 1419 1188 summaque
1442 1131 1633 1172 industria

151 1208 406 1243 armaueraut
437 1200 679 1256 (remigum,
725 1200 1033 1253 gubernatorum
1062 1214 1203 1253 magna
1235 1201 1346 1253 copia
1376 1199 1634 1252 suppetebat)
1670 1206 1708 1238 15

102 1270 129 1311 2
152 1270 461 1324 piscatoriasque
484 1269 711 1309 adiecerant
732 1276 845 1321 atque
868 1274 1130 1307 contexerant
1146 1298 1156 1317 ,
1190 1275 1233 1307 ut
1255 1274 1389 1307 essent
1408 1266 1455 1306 ab
1477 1267 1557 1306 ictu
1580 1273 1637 1306 te-

150 1339 276 1378 lorum
308 1337 480 1389 remiges
514 1336 609 1376 tuti:
652 1335 721 1375 has
758 1335 976 1389 sagittariis
1008 1335 1292 1388 tormentisque
1324 1335 1634 1388 compleuerunt.

104 1405 129 1446 3
153 1404 245 1445 Tali
267 1405 380 1444 modo
402 1405 599 1444 instructa
630 1404 757 1443 classe
787 1404 960 1443 omnium
991 1403 1218 1453 seniorum,
1251 1409 1420 1442 matrum
1451 1401 1634 1450 familiae,

152 1471 351 1523 uirginum
373 1472 552 1525 precibus
575 1478 614 1511 et
636 1471 729 1511 fletu
752 1471 940 1517 excitati,
976 1478 1156 1511 extremo
1179 1478 1354 1524 tempore
1376 1468 1524 1509 ciuitati
1546 1467 1638 1509 sub-

151 1540 358 1590 uenirent,
393 1554 471 1580 non
494 1540 645 1580 minore
667 1539 796 1578 animo
820 1552 864 1578 ac
885 1538 1023 1578 fiducia
1040 1568 1050 1588 ,
1086 1551 1198 1590 quam
1222 1545 1313 1578 ante
1336 1537 1634 1586 dimicauerant,
1668 1543 1711 1577 20

105 1607 132 1648 4
155 1621 277 1649 naues
301 1607 583 1648 conscendunt.
637 1605 846 1647 Communi
870 1606 972 1646 enim
1005 1607 1043 1646 fit
1076 1606 1170 1645 uitio
1202 1613 1395 1656 naturae,
1428 1611 1470 1644 ut
1497 1604 1638 1644 inuisis

155 1676 357 1730 [latitatis]
382 1682 500 1728 atque
522 1674 731 1729 incognitis
744 1675 861 1714 rebus
888 1674 1011 1728 magis
1026 1674 1266 1714 confidamus
1290 1673 1639 1724 uehementiusque

155 1750 458 1793 exterreamur3
493 1749 534 1782 ut
564 1750 644 1782 tum
676 1742 833 1782 accidit.
877 1741 1085 1781 Aduentus
1108 1741 1210 1781 enim
1232 1739 1285 1780 L.
1308 1739 1467 1780 Nasidii
1490 1753 1640 1779 summa

107 1810 132 1851 5
155 1824 224 1864 spe
246 1818 285 1851 et
316 1811 519 1850 uoluntate
554 1809 750 1850 ciuitatem
786 1810 1068 1863 compleuerat.
1110 1807 1234 1849 Nacti
1265 1808 1447 1848 idoneum
1480 1814 1640 1846 uentum

155 1891 208 1918 ex
230 1885 344 1931 portu
366 1885 513 1918 exeunt
536 1885 575 1918 et.
595 1876 823 1917 Tauroenta
839 1907 849 1925 ,
875 1878 975 1930 quod
998 1883 1058 1916 est
1079 1876 1283 1916 castellum
1305 1874 1635 1920 Massiliensium,
1669 1880 1711 1912 25

155 1945 201 1985 ad
222 1945 435 1986 Nasidium
467 1946 706 1999 perueniunt
737 1945 868 1997 ibique
901 1958 1022 1984 naues
1054 1944 1268 1998 expediunt
1291 1956 1506 1995 rursusque
1529 1955 1572 1982 se
1594 1942 1642 1981 ad

157 2014 442 2067 confligendum
465 2014 595 2054 animo
625 2013 861 2053 confirmant
891 2019 929 2052 et
950 2012 1113 2051 consilia
1136 2011 1441 2051 communicant.
1486 2008 1643 2049 Dextra

109 2081 136 2125 5
159 2095 248 2135 pars
271 2082 508 2122 adtribuitur
528 2079 866 2130 Massiliensibus,
892 2080 1054 2120 sinistra
1077 2078 1258 2120 Nasidio.
1317 2078 1468 2118 Eodem
1490 2075 1640 2117 Brutus

157 2150 362 2190 contendit
381 2156 498 2190 aucto
521 2149 678 2189 nauium
702 2162 881 2188 numero.
923 2146 1028 2186 Nam
1059 2148 1105 2188 ad
1129 2161 1220 2197 eas,
1255 2159 1353 2199 quae
1377 2146 1504 2185 factae
1527 2150 1641 2183 erant

154 2215 320 2257 Arelate
352 2231 422 2270 per
444 2214 684 2267 Caesarem,
722 2217 903 2270 captiuae
934 2213 1244 2254 Massiliensium
1277 2219 1529 2254 accesserant
1549 2225 1640 2251 sex.
1675 2217 1716 2250 30

159 2283 241 2325 Has
263 2285 530 2340 superioribus
543 2285 678 2326 diebus
700 2286 1025 2337 refeceratatquc
1038 2283 1216 2323 omnibus
1239 2282 1355 2322 rebus
1377 2281 1639 2322 instruxerat.

302 2436 323 2470 2
340 2435 467 2467 milites
487 2434 703 2477 repellebant
721 2445 742 2466 α
764 2435 859 2465 ‘'mss.
874 2431 1066 2476 plerz'que‘,
1088 2431 1302 2473 repellebant
1319 2429 1444 2461 milites
1463 2438 1498 2460 u.

159 2489 179 2521 3
198 2489 334 2530 opidum
352 2499 385 2519 ιι.
540 2488 558 2520 6
577 2487 721 2519 Ficiliae
741 2489 824 2517 ante
843 2495 934 2517 corr.
955 2495 990 2516 α.
1130 2482 1330 2525 inprudente
1350 2492 1381 2513 ιι.
1549 2478 1567 2511 7
1586 2479 1645 2510 ad·-

159 2539 333 2582 pulsisque
352 2549 385 2570 a.
550 2540 633 2569 ante
651 2535 846 2568 Messanam
864 2534 946 2566 add.
967 2534 1008 2566 ad
1029 2544 1059 2564 c.
1227 2533 1248 2565 8
1266 2543 1307 2564 ex
1326 2531 1508 2563 naualibus
1529 2540 1645 2561 eorum

161 2591 299 2623 deducit
317 2591 396 2622 abe
415 2592 466 2629 et,
489 2591 554 2630 qui
570 2598 689 2620 nauem
704 2589 935 2629 praemittit,
956 2597 996 2625 c,·
1022 2596 1063 2616 ex
1083 2584 1263 2616 naualibus
1290 2594 1405 2616 eorum
1424 2593 1523 2615 unam
1543 2583 1645 2614 dedu-

161 2644 209 2675 cit
226 2653 261 2674 u·
404 2641 444 2674 10
463 2639 755 2681 Massiliensisque
775 2649 807 2671 α.
951 2637 991 2669 14
1011 2636 1107 2667 nauis
1126 2646 1158 2666 α.
1319 2636 1358 2667 15
1377 2635 1643 2675 gubernatorum

159 2706 179 2727 α
195 2695 224 2734 b,
246 2693 577 2735 gubernatorumque
597 2702 633 2723 u.
776 2691 816 2724 ’19
836 2694 988 2722 extremo
1005 2699 1026 2720 a
1041 2689 1070 2728 b,
1092 2692 1129 2718 ut
1148 2692 1300 2719 extremo
1314 2698 1348 2721 n.
1487 2684 1646 2726 2teni1n]

163 2747 265 2778 etiam
282 2755 303 2777 a
315 2755 344 2777 c.
483 2744 529 2778 22
546 2743 693 2776 latitatis
710 2753 731 2774 α
744 2743 799 2781 be,
822 2740 1036 2772 latitantibus
1056 2749 1091 2771 u.
1111 2740 1150 2771 P.
1173 2739 1227 2771 68.
1383 2739 1426 2773 28
1445 2737 1645 2770 attribuitur

165 2795 441 2829 Massiliensibus
468 2805 489 2826 α
519 2792 729 2837 ‘pleriqne’,
758 2791 1034 2824 Massiliensibus
1059 2790 1261 2822 attribuitur
1287 2800 1307 2821 u
1327 2789 1420 2831 (adt.
1441 2790 1499 2831 a).

163 2851 201 2883 31
224 2848 345 2881 diebus
365 2847 539 2880 refecerat
556 2857 577 2878 α
596 2846 811 2888 Stephanus,
834 2843 1005 2875 refecerat
1023 2842 1142 2874 diebus
1163 2844 1301 2874 ceterae
1321 2840 1397 2872 edd.
