1835 3240
657 162 1082 206 ——209—

130 283 314 331 gesturus
344 275 508 325 fuisset,
542 276 632 329 quid
665 284 776 326 erat,
812 279 910 331 quod
933 277 1120 319 Afrorum
1153 279 1324 320 lacrimis
1356 285 1616 339 querellisque

131 350 344 384 commotus
369 344 597 384 uideretur?
650 344 769 398 Atqui
792 346 831 385 in
853 345 949 386 Par.
975 361 1055 387 sec.
1081 345 1198 388 Leid.
1224 363 1281 402 pr.
1311 347 1419 389 Seal.
1446 352 1540 391 haec
1562 355 1617 393 le-

130 418 287 464 guntur:
317 415 417 450 ‘cum
432 419 546 452 antea
560 413 832 452 constituisset
855 427 876 453 e
898 415 1052 454 statiuis
1076 415 1244 455 castris'.
1272 415 1382 456 Haec
1404 417 1615 470 scriptura,

129 493 214 518 cum
239 479 334 518 nibil
356 479 563 527 adiciatur,
599 481 697 532 quod
722 481 974 520 constituerit
997 479 1173 533 Caesar,
1209 485 1395 536 quaedam
1420 485 1618 525 excidisse

128 547 226 586 satis
249 547 473 587 luculenter
495 548 749 588 demonstrat.
803 547 841 588 Is
865 550 1040 589 desectus
1062 551 1101 589 in
1124 551 1226 590 hunc
1249 553 1332 591 sere
1355 552 1505 592 modum
1529 567 1619 607 sup-

129 613 291 666 plendus
325 621 407 654 est:
455 612 655 666 ‘Quorum
693 616 865 656 lacrimis
897 617 1158 670 querellisque
1192 616 1344 658 Caesar
1383 627 1617 670 commotus⁷

128 695 217 721 611111
239 688 353 721 antea
377 682 652 722 constituisset
683 696 703 723 e
731 683 890 723 statiuis
921 685 1063 724 castris
1087 692 1239 725 aestate
1260 686 1357 726 inita
1379 688 1531 728 cunctis
1554 702 1620 728 co—

127 749 200 802 piis
214 750 448 802 auxiliisque
461 749 596 789 accitis
619 749 761 790 bellam
778 766 947 805 gerere,
973 753 1069 800 iam,
1090 754 1264 794 simulac
1284 755 1487 796 sccundus
1507 771 1618 796 com-

128 824 287 857 meatus
308 817 551 867 aduenisset,
587 817 730 857 bellum
763 832 848 857 cum
881 819 964 858 suis
988 819 1227 860 aduersariis
1255 836 1395 875 gerere
1417 823 1618 865 instituit'.

130 884 215 924 Hac
238 885 391 925 ratione
414 892 473 934 et,
501 899 570 924 cur
591 885 813 926 aberratum
838 887 913 936 sit,
950 895 1136 940 apparet,
1171 895 1208 928 et
1231 902 1366 929 eorum
1389 891 1618 940 uerborum,

130 967 227 1005 quae
251 953 508 1002 exciderunt,
544 952 643 992 hanc
667 953 789 994 fuisse
812 955 1047 994 sententiam
1065 985 1074 1002 ‚
1109 970 1221 1008 quam
1246 958 1381 1010 posui,
1417 960 1624 1012 sequentia

128 1022 424 1061 demonstrant:
453 1020 690 1073 ‘litterisque
712 1021 898 1062 celeriter
918 1023 958 1062 in
984 1021 1160 1063 Siciliam
1186 1025 1353 1079 [missis]
1377 1028 1424 1066 ad
1439 1027 1622 1068 Alienum

127 1096 168 1129 et
189 1087 392 1129 Rabirium
416 1087 647 1128 Postumum
680 1089 914 1141 conscriptis
940 1090 1016 1144 [et]
1041 1105 1110 1144 per
1131 1099 1380 1146 catascopum
1403 1095 1546 1145 mittit,
1580 1102 1624 1135 ut

130 1157 216 1197 51116
239 1171 346 1197 mora
369 1172 413 1197 ac
437 1156 540 1196 nulla
564 1157 823 1198 excusatione
857 1158 994 1198 bie-mis
1018 1165 1303 1212 nemorumque
1326 1176 1438 1213 quam
1460 1163 1624 1204 celerri-

130 1239 192 1265 me
216 1225 418 1265 exercitus
442 1224 514 1264 sibi
538 1225 892 1278 transportaretur'
916 1232 1010 1265 cett.
1045 1224 1105 1266 Ita
1128 1228 1231 1267 enim
1255 1228 1349 1268 baec
1372 1229 1410 1268 in
1423 1228 1518 1270 Par.
1538 1245 1620 1271 sec.

132 1290 244 1332 Leid.
267 1307 323 1346 pr.
353 1290 459 1332 Scal.
485 1293 629 1346 scripta
653 1301 769 1343 sunt,
806 1308 906 1347 quae
937 1294 1074 1334 deletis
1105 1295 1153 1335 iis
1186 1296 1343 1346 uerbis,
1383 1311 1481 1349 quae
1511 1299 1624 1339 uncis

133 1360 439 1413 circumscripsi,
465 1361 685 1400 rectissime
708 1361 867 1401 habent.
913 1361 1045 1415 Vulgo
1071 1362 1248 1402 ‘missis'
1282 1365 1478 1405 omittitur
1499 1373 1538 1406 et
1561 1366 1626 1406 de-

134 1427 223 1467 inde
258 1431 320 1467 ‘et
341 1440 409 1481 per
431 1435 678 1482 catascopum
701 1428 853 1468 missis'
884 1429 1066 1482 ponitur,
1102 1444 1176 1482 quo
1200 1432 1302 1471 facto
1326 1436 1453 1472 oratic
1476 1433 1625 1474 exitum

132 1509 213 1534 non
235 1496 400 1534 inuenit.
446 1493 666 1535 Secundum
691 1504 820 1537 autem
844 1504 1102 1536 commeatum
1133 1506 1369 1551 expectasse
1391 1498 1623 1552 Caesarem,

132 1569 174 1602 ut
195 1576 277 1602 rem
299 1569 473 1617 gereret,
498 1564 614 1602 etiam
638 1577 690 1603 ex
710 1577 745 1603 6.
771 1563 850 1613 31,
875 1563 901 1603 9
923 1565 1183 1618 perspicitur:
1225 1573 1234 1588 ‘
1250 1564 1386 1620 Itaque
1410 1570 1627 1610 constitue-

132 1636 195 1670 rat
215 1630 378 1682 gloriam
403 1630 767 1683 exultationemque
799 1645 933 1670 eorum
968 1632 1069 1684 pati,
1105 1633 1229 1673 donec
1252 1634 1323 1674 sibi
1348 1643 1627 1677 ueteranarum

131 1697 329 1750 legionum
352 1711 442 1750 pars
465 1697 596 1751 aliqua
618 1698 657 1737 in
681 1699 853 1738 secundo
876 1707 1094 1740 commeatu
1117 1701 1384 1742 occurrisset'.
1439 1703 1492 1744 Et
1521 1712 1628 1758 post-

130 1779 245 1817 quam
277 1765 471 1805 secundus
504 1773 744 1806 commeatus
768 1767 941 1817 aduenit,
973 1781 1018 1808 re
1038 1781 1131 1808 uera
1157 1765 1373 1810 Caesarem
1399 1784 1450 1811 ex
1472 1773 1627 1813 statiuis

130 1834 273 1873 castris
296 1834 478 1888 progredi
502 1833 675 1874 uidemus
699 1836 752 1887 (6.
776 1834 844 1885 37,
873 1835 931 1883 1).

247 1900 365 1942 Initio
387 1916 421 1941 c.
447 1900 501 1941 29
524 1902 619 1942 haec
642 1903 848 1955 leguntur:
889 1903 1081 1945 ‘Turmae
1113 1905 1270 1946 interim
1294 1909 1492 1960 equitum,
1526 1925 1628 1963 quae

136 1984 204 2024 pro
227 1970 330 2011 uallo
353 1971 392 2010 in
415 1971 652 2011 stationibus
676 1985 764 2012 esse
787 1971 968 2012 solebant
989 1973 1035 2012 ab
1059 1973 1236 2026 utrisque
1260 1975 1422 2016 ducibus
1438 2008 1448 2024 ‚
1482 1978 1628 2019 cotidie

134 2038 291 2078 minutis
315 2039 472 2092 proeliis
495 2039 599 2078 inter
620 2053 662 2079 se
695 2040 918 2093 depugnare
942 2054 1021 2080 non
1042 2041 1338 2083 intermittunt'.
1386 2043 1520 2086 Verba
1554 2051 1564 2070 ⁶
1580 2046 1628 2087 ab

132 2106 309 2159 utrisque
332 2105 519 2146 ducibus'
542 2104 733 2147 Dauisius
756 2108 1026 2161 superioribus
1063 2114 1073 2132 ⁶
1089 2109 1129 2148 111
1151 2111 1389 2152 stationibus
1414 2127 1501 2154 esse
1525 2115 1629 2155 sole-

133 2173 238 2214 bant'
262 2175 508 2228 adiungenda
532 2176 748 2215 contendit.
789 2175 894 2216 Nam
912 2174 1114 2217 Clarkium
1139 2178 1225 2230 quis
1249 2179 1381 2219 audiat
1402 2181 1546 2222 iunctis
1570 2182 1640 2223 1115

132 2255 220 2281 611111
251 2242 547 2295 insequentibus
570 2243 701 2283 uerbis
733 2244 1042 2298 subintellegere
1064 2244 1263 2285 iubentem
1288 2247 1382 2287 baec
1405 2263 1550 2302 pauca:
1588 2255 1626 2291 ‘e

131 2310 273 2350 castris
297 2311 508 2351 emissae'?
552 2310 699 2352 Verum
722 2326 770 2352 ne
795 2310 949 2352 Dauisii
972 2313 1126 2364 quidem
1148 2314 1251 2353 ratio
1274 2322 1381 2356 recta
1403 2325 1478 2357 est.
1522 2317 1629 2359 Nam

137 2384 284 2418 turmae
306 2378 345 2417 in
369 2379 537 2419 statione
561 2393 648 2420 esse
672 2379 718 2419 ab
741 2381 917 2432 utrisque
939 2380 1100 2421 ducibus
1115 2381 1227 2434 plane
1249 2383 1472 2425 insolenter
1493 2386 1628 2426 dicun-

136 2450 211 2484 tur.
237 2444 334 2486 Mihi
359 2460 435 2486 non
460 2447 616 2486 dubium
640 2455 715 2497 est,
741 2448 833 2501 quin
857 2447 978 2488 uerba
1002 2448 1065 2487 ‘ab
1088 2449 1265 2502 utrisque
1288 2452 1463 2493 ducibus'
1487 2467 1626 2495 errore

138 2511 198 2551 hic
218 2513 384 2566 repetita
406 2515 486 2555 sint
506 2529 558 2556 ex
581 2516 692 2555 initio
715 2516 930 2569 superioris
955 2530 1038 2569 cap.
1064 2521 1074 2540 ‘
1092 2517 1178 2557 dum
1212 2519 1307 2559 haec
1337 2521 1384 2560 ad
1407 2519 1626 2575 Ruspinam

140 2579 184 2617 ab
196 2580 545 2634 utrisqneducibus
558 2584 913 2624 administrantur'.
939 2583 1170 2625 Verisimile
1192 2594 1250 2626 est
1270 2587 1371 2628 enim
1390 2588 1485 2628 haec
1506 2590 1626 2628 uerba

140 2645 180 2684 in
202 2645 322 2687 altera
344 2650 484 2702 pagina
507 2663 527 2690 e
549 2651 712 2705 regione
734 2652 887 2692 illorum
909 2652 1032 2692 fuisse
1054 2654 1197 2706 posita.

252 2711 407 2756 Initium
439 2731 473 2756 6.
499 2717 550 2758 31
583 2719 638 2758 ita
660 2720 733 2760 fuit
755 2720 1062 2761 emendandum:
1101 2718 1279 2772 ‘Quibus
1307 2723 1425 2764 rebus
1459 2724 1627 2777 cognitis

142 2777 294 2819 Caesar
315 2781 419 2823 iubet
439 2785 580 2826 milites
595 2817 605 2836 ‚
642 2787 706 2840 qui
729 2795 843 2828 extra
867 2788 1107 2829 munitiones
1131 2799 1414 2843 processerant
1446 2792 1624 2845 [quique]

140 2846 346 2898 pabulandi
392 2857 457 2890 aut
487 2852 660 2907 lignandi
684 2869 810 2896 cansa
840 2862 907 2895 aut
941 2856 1057 2896 etiam
1091 2857 1291 2897 muniendi
1324 2859 1449 2910 gratia
1482 2860 1627 2899 uallum

179 2914 298 2948 caesar,
320 2914 364 2941 ed.
389 2915 527 2952 Nipperd.
1302 2924 1353 2964 14
