1835 3240
58 917 98 950 10

60 1253 101 1286 15

64 1592 108 1627 20

63 1931 105 1965 25

664 185 853 229 CAPVT
874 186 927 229 36
937 210 992 217 —
1002 184 1071 228 39.
1610 183 1692 227 685

130 305 288 346 sinistra
320 307 430 356 parte
462 302 587 355 campi
619 308 777 356 propter
811 314 920 341 mare
951 299 1128 353 legiones
1161 296 1281 336 ducit.
1346 296 1420 336 Hic
1457 310 1616 352 campus
1638 298 1665 338 4

134 370 301 412 mirabili
324 369 491 423 planicie
514 376 621 423 patet
641 369 747 409 milia
769 381 951 422 passuum
974 373 1062 417 X113
1097 378 1209 418 quem
1241 364 1373 417 iugum
1406 364 1567 417 cingens
1596 380 1617 405 a

131 438 231 478 mari
260 445 389 477 ortum
420 450 546 490 neque
572 437 627 476 ita
649 436 865 489 praealtum
888 435 998 475 uelut
1020 433 1163 474 theatri
1186 432 1302 472 efficit
1322 431 1510 485 speciem.
1572 431 1619 472 ln

132 506 205 546 hoc
225 505 324 560 ,iugo
358 505 477 545 colles
500 511 591 544 sunt
612 503 762 544 excelsi
784 503 921 556 pauci,
954 502 994 542 in
1017 501 1155 554 quibus
1177 498 1357 552 singulae
1379 505 1511 538 turres
1533 512 1619 552 spe-

139 573 327 625 culaeque
356 571 535 625 singulae
557 577 788 624 perueteres
811 576 923 610 erant
946 568 1160 608 collocatae
1175 598 1185 617 ,
1221 580 1384 620 quarum
1406 566 1507 619 apud
1529 565 1621 607 ulti-

133 655 234 680 mam
258 639 494 694 praesidium
527 645 566 678 ct
595 638 714 678 statio
738 637 809 677 fuit
830 634 1043 690 Scipionis.
1106 634 1203 675 Post
1225 633 1379 675 Caesar
1398 633 1445 673 ad
1467 634 1616 687 iugum,
1638 634 1696 679 38

134 709 180 748 de
203 722 277 761 quo
300 707 438 756 docui,
473 706 648 746 ascendit
669 712 785 758 atque
816 705 857 745 in
881 717 1193 756 unumquemque
1225 702 1363 742 collem
1396 707 1622 755 turremque

133 775 296 816 castella
324 775 456 814 facere
488 773 617 827 coepit
637 779 754 826 atque
777 786 824 812 ea
844 772 973 811 minus
995 770 1193 810 semihora
1215 770 1343 810 efficit.
1406 767 1621 822 Postquam
1641 769 1670 811 2

133 858 211 883 non
242 843 295 882 ita
326 843 443 895 longe
473 841 519 881 ab
540 840 675 881 ultimo
697 840 796 880 colle
819 840 996 892 turrique
1019 839 1103 888 fuit,
1140 851 1238 890 quae
1260 836 1439 890 proxima
1462 837 1535 877 fuit
1556 851 1621 878 ca-

132 911 227 950 stris
259 909 601 957 aduersariorum,
636 908 775 961 inqua
796 907 910 948 docui
941 921 1030 947 esse
1061 905 1300 960 praesidium
1333 905 1624 958 stationemque

132 976 419 1027 Numidarum,
455 974 608 1016 Caesar
639 976 840 1029 paulisper
870 980 1134 1014 commoratus
1166 979 1449 1026 perspectaque
1481 979 1624 1013 natura

133 1045 210 1084 loci
232 1045 409 1097 equitatu
431 1044 471 1083 in
493 1043 664 1084 statione
687 1042 876 1096 disposito
900 1041 1118 1095 legionibus
1141 1054 1237 1094 opus
1260 1039 1447 1079 adtribuit
1469 1039 1624 1080 brachi-
1645 1040 1671 1081 3

135 1124 275 1164 umque
296 1111 423 1152 medio
445 1111 537 1165 iugo
560 1110 606 1151 ab
630 1124 676 1150 eo
698 1111 801 1160 loco,
827 1111 873 1150 ad
897 1124 1007 1163 quem
1025 1113 1276 1163 peruenerat,
1302 1120 1425 1159 usque
1448 1107 1495 1146 ad
1518 1121 1623 1156 eum,

136 1179 240 1219 unde
264 1192 446 1232 egressus
470 1185 568 1227 erat,
604 1177 709 1217 iubet
731 1177 853 1231 dirigi.
869 1192 913 1218 ac
936 1177 1098 1217 muniri.
1162 1173 1276 1228 Quod
1305 1181 1513 1229 postquam
1537 1173 1626 1216 Sci-
1648 1176 1674 1216 4

132 1246 194 1300 pio
209 1244 493 1299 Labienusque
515 1246 895 1295 animaduerterunt,
921 1246 1096 1298 equitatu
1118 1244 1222 1284 omni
1245 1257 1298 1283 ex
1320 1243 1463 1283 castris
1486 1243 1626 1283 educto

134 1314 296 1367 acieque
335 1314 508 1368 equestri
548 1314 743 1353 instructa
785 1326 807 1352 a
846 1314 928 1352 suis
967 1311 1251 1352 munitionibus
1288 1310 1448 1350 circiter
1487 1324 1627 1364 passus

134 1382 239 1422 mille
270 1382 578 1436 progrediuntur
610 1382 907 1436 pedestremque
941 1380 1091 1433 copiam
1121 1380 1162 1419 in
1193 1378 1366 1418 secunda
1390 1377 1474 1417 acie
1499 1378 1627 1418 minus

136 1456 245 1489 CCCC
268 1463 406 1503 passus
429 1449 688 1489 constituunt.
735 1446 889 1489 Caesar
910 1449 949 1488 in
971 1461 1090 1502 opere
1112 1447 1255 1487 milites
1277 1446 1476 1486 adhortari
1499 1459 1626 1499 neque
1646 1445 1703 1491 39

138 1517 461 1558 aduersariorum
494 1517 618 1571 copiis
650 1517 817 1558 moueri.
879 1516 961 1557 lam
993 1531 1078 1556 cum
1109 1530 1187 1555 non
1217 1514 1380 1569 amplius
1403 1528 1542 1568 passus
1563 1521 1627 1555 MD
1648 1514 1677 1555 2

139 1584 244 1626 inter
265 1585 434 1626 hostium
464 1585 588 1626 aciem
620 1598 792 1638 suasque
823 1584 1060 1625 munitiones
1092 1597 1180 1624 esse
1202 1582 1549 1622 animaduertisset
1568 1582 1628 1622 in-

138 1652 436 1707 tellexissetque
465 1654 512 1693 ad
534 1653 802 1707 impediendos
824 1653 968 1693 milites
990 1666 1084 1692 suos
1107 1659 1147 1692 et
1167 1651 1214 1691 ab
1237 1664 1357 1704 opere
1379 1650 1628 1704 depellendos

137 1721 291 1760 hostem
314 1722 473 1775 propius
495 1722 686 1762 accedere
710 1734 952 1773 necesseque
976 1720 1139 1759 baberet
1160 1719 1335 1772 legiones
1358 1732 1379 1757 a
1401 1718 1630 1758 munitioni-

138 1789 210 1829 bus
233 1788 426 1829 deducere
443 1820 453 1839 ,
486 1789 651 1843 imperat
675 1795 829 1828 turmae
850 1787 1143 1841 Hispanorum,
1178 1787 1225 1826 ad
1248 1786 1468 1840 proximum
1492 1785 1630 1826 collem

138 1870 303 1910 propere
327 1863 584 1897 occurrerent
605 1856 921 1910 praesidiumque
948 1855 1040 1895 inde
1061 1854 1318 1895 deturbarent
1339 1854 1544 1906 locumque
1567 1867 1631 1893 ca-

139 1931 293 1978 perent,
324 1924 538 1977 eodemque
560 1925 667 1964 iubet
687 1924 788 1964 leuis
810 1930 1036 1964 armaturae
1058 1937 1202 1976 paucos
1226 1922 1413 1974 consequi
1437 1921 1627 1961 subsidio.

141 1988 220 2043 Qui
249 1991 359 2032 missi
391 1992 574 2033 celeriter
594 1991 791 2032 Numidas
815 1992 944 2032 adorti
967 1992 1105 2046 partim
1129 1991 1240 2030 uiuos
1264 1990 1438 2044 capiunt,
1464 1989 1632 2029 nonnul·
1652 1988 1678 2029 3

140 2059 198 2099 los
222 2059 374 2112 equites
397 2060 593 2113 fugientes
616 2060 1007 2100 conuulnerauerunt
1022 2060 1227 2111 locumque
1245 2064 1336 2097 sunt
1353 2056 1480 2110 potiti.
1515 2055 1633 2097 Post·
1653 2055 1680 2097 4

141 2140 255 2179 quam
277 2126 316 2166 id
338 2126 542 2168 Labienus
564 2128 866 2178 animaduertit,
902 2141 976 2180 quo
1008 2127 1178 2167 celerius
1208 2126 1256 2166 iis
1278 2125 1469 2166 auxilium
1493 2125 1629 2173 ferret,

142 2207 195 2234 ex
216 2194 301 2235 acie
321 2195 516 2237 instructa
548 2196 745 2250 equitatus
769 2196 827 2236 sui
850 2209 970 2250 prope
993 2202 1114 2235 totum
1137 2194 1319 2235 dextrum
1341 2207 1463 2233 cornu
1484 2193 1634 2233 auertit

283 2320 304 2354 2
321 2321 463 2364 planitie
483 2322 547 2363 (α).
691 2333 739 2354 xu
758 2333 778 2354 a
799 2323 817 2354 b
837 2332 866 2361 e,
886 2332 929 2353 xv
947 2332 983 2354 u.
1131 2321 1272 2361 cingens
1292 2330 1368 2361 ego,
1390 2320 1510 2360 ingens
1530 2319 1631 2352 codd.

140 2370 178 2402 P.
200 2371 278 2405 211.
430 2373 448 2405 6
468 2377 582 2415 posta
604 2373 621 2404 b
641 2383 668 2413 e,
691 2378 870 2415 postquam
888 2383 925 2404 u.
1065 2372 1084 2404 7
1104 2371 1261 2403 ascendit
1278 2373 1345 2414 (a).
1486 2375 1634 2403 turrem-

143 2431 205 2463 que
224 2423 371 2455 castella
389 2434 466 2465 ego,
489 2428 619 2455 turrem
638 2424 853 2465 castellaque
873 2424 889 2454 b
910 2426 945 2454 εἰ
961 2433 1053 2454 uuus
1071 2421 1168 2461 clet.‚·
1189 2427 1304 2453 turres
1323 2421 1536 2464 castellaque
1554 2433 1576 2454 a
1594 2433 1631 2455 u.

141 2472 180 2504 P.
202 2473 281 2505 211.
423 2475 443 2507 8
462 2485 502 2506 eo
522 2475 540 2506 b
559 2485 589 2507 c.
733 2475 836 2507 efficit
853 2484 886 2515 a,
908 2474 1025 2506 effecit
1045 2474 1140 2505 ‘msa
1162 2474 1320 2506 omnes’?
1457 2478 1633 2517 postquam

143 2536 163 2556 a
184 2525 202 2557 b
220 2536 249 2566 c,
270 2531 305 2558 et
322 2532 498 2569 postquam
516 2538 552 2559 u.
695 2528 713 2560 9
732 2526 833 2569 quae]
852 2527 886 2558 in
904 2526 987 2558 add.
1011 2537 1044 2558 a.
1188 2526 1228 2558 10
1247 2526 1405 2558 docuisse
1424 2527 1633 2568 praesidium

142 2586 175 2607 α.
365 2578 402 2610 11
424 2578 552 2611 Caesar
569 2589 590 2610 a
612 2577 708 2610 ‘ms-s.
734 2577 876 2617 omnes‘,
898 2588 967 2608 om.
987 2587 1079 2608 unus
1098 2576 1169 2608 det.
1190 2587 1225 2608 u.
1403 2583 1584 2619 perspecta
1602 2588 1632 2610 c.

289 2627 331 2660 12
350 2628 516 2661 adtribuit
534 2641 567 2662 α.
727 2630 765 2661 15
787 2629 1106 2661 animaduerterant
1124 2638 1144 2659 a
1165 2628 1196 2660 b.
1354 2628 1396 2661 17
1414 2627 1522 2669 mille]
1542 2627 1580 2659 c5
1598 2639 1632 2660 α.

290 2679 332 2711 18
351 2689 429 2711 cccc
449 2691 570 2722 passus
590 2693 622 2722 α,
645 2691 764 2724 passus
783 2691 861 2713 cccc
881 2680 961 2712 edd.
1148 2680 1363 2712 constituunt
1379 2690 1400 2711 α
1421 2680 1452 2720 b,
1474 2690 1492 2710 a
1511 2680 1634 2712 castris

145 2731 217 2762 suis
236 2730 452 2763 constituunt
469 2742 504 2764 u.
654 2734 807 2765 adortari
826 2744 860 2765 0.
1011 2733 1051 2765 19
1064 2742 1139 2764 cum
1157 2733 1223 2764 iam
1243 2733 1273 2764 b.
1413 2741 1536 2774 passus
1556 2742 1633 2774 ego,

146 2791 240 2824 pass.
259 2791 304 2820 α,·
324 2791 481 2822 passuum
501 2792 535 2813 u.
676 2785 720 2818 22
739 2794 881 2816 neeesse
901 2783 1045 2815 haberet
1063 2794 1083 2815 α
1098 2784 1128 2815 b.
1270 2784 1311 2817 24
1327 2787 1549 2814 occurrerent
1565 2794 1586 2814 α
1601 2786 1631 2826 b,

148 2837 372 2864 accurrerent
391 2832 504 2865 Aldus
523 2842 556 2863 a.
723 2835 904 2866 turbarent
920 2844 954 2865 α.
1110 2836 1151 2868 27
1171 2835 1349 2876 locumque
1369 2844 1388 2864 α
1407 2836 1443 2866 et
1459 2844 1504 2865 m.
1521 2844 1580 2876 pr.
1601 2845 1631 2877 c,

150 2884 290 2927 locoque
310 2894 344 2916 u„
486 2884 529 2918 28
548 2883 599 2916 his
618 2895 649 2917 α.
791 2886 833 2921 29
852 2886 1003 2919 aduertit
1023 2886 1054 2919 b.
