1835 3240
50 897 91 931 10

53 1238 93 1270 15

59 1913 101 1948 25

61 2250 103 2284 30

555 139 740 208 coMM.
765 164 803 207 11
825 162 946 207 cAP.
971 162 1166 204 11—14.
1591 167 1673 211 543

121 284 255 326 saulus
276 295 329 321 ex
361 279 459 321 turri
490 280 665 321 latericia
697 294 717 320 a
741 279 887 320 nostris
919 279 1007 320 telis
1040 276 1324 330 tormentisque
1354 277 1595 333 defcnditur3

121 354 252 393 hostes
276 363 329 389 ex
349 362 458 388 muro
481 362 526 388 ac
550 349 721 388 turribus
744 349 1027 388 submouentur
1050 346 1081 400 [:
1098 359 1177 385 non
1209 345 1324 384 datur
1357 345 1480 386 libera
1501 350 1599 388 muri

125 417 356 459 defendendi
380 416 582 470 facultas}
617 414 894 469 Compluribus
916 417 989 455 iam
1012 413 1202 468 lapidibus
1225 426 1278 452 ex
1299 426 1361 462 ea,
1388 427 1487 466 quae
1509 415 1599 454 sub-
1620 416 1647 456 4

123 493 230 535 erat,
265 484 366 524 turri
399 484 601 524 subductis
640 483 846 537 repentina
877 483 991 522 ruina
1021 495 1112 535 pars
1147 481 1230 521 eius
1259 481 1381 521 turris
1413 482 1598 531 concidit,

126 567 216 608 pars
239 552 389 605 reliqua
404 565 648 604 consequens
670 550 972 604 procumbebat:
998 564 1083 589 cum
1106 549 1238 589 hostes
1261 548 1368 589 urbis
1391 548 1607 602 direptione
1627 549 1679 594 12

122 620 323 675 perterriti
344 620 518 660 inermes
550 633 635 658 cum
668 618 803 658 infulis
835 631 877 657 se
908 624 1021 671 porta
1043 618 1148 656 foras
1170 616 1344 657 uniuersi
1366 616 1601 670 proripiunt,

123 688 169 728 ad
192 689 343 742 legatos
366 695 483 741 atque
504 687 724 727 exercitum
747 685 941 739 supplices
962 698 1100 724 manus
1125 685 1300 725 tendunt.
1327 682 1415 737 Qua
1437 698 1539 725 noua
1560 699 1605 726 re
1625 684 1650 725 2

123 756 253 796 oblata
275 756 401 796 omnis
423 754 708 795 administratio
730 753 818 794 belli
842 751 1038 802 consistit,
1062 751 1284 805 militesque
1307 752 1437 793 auersi
1458 766 1477 793 a
1492 766 1606 807 proe-

124 824 176 863 lio
207 824 254 863 ad
282 824 452 863 studium
485 822 667 863 audiendi
698 828 737 863 et
766 820 1028 875 cognoscendi
1061 820 1259 860 seruntur.
1302 819 1380 861 Vbi
1403 821 1536 861 hostes
1558 820 1605 861 ad
1627 820 1652 862 3

123 892 275 945 legatos
291 891 587 944 exercitumque
610 895 889 944 peruenerunt,
914 887 1090 928 uniuersi
1112 901 1156 927 se
1178 887 1226 927 ad
1247 888 1365 941 pedes
1378 888 1604 942 proiciunt3

125 966 255 1007 orant,
279 966 322 999 ut
343 959 534 998 aduentus
558 956 747 998 Caesaris
769 962 1018 1010 expectetur.
1071 952 1235 1009 Captam
1259 969 1369 995 suam
1392 957 1526 997 urbem
1550 956 1607 996 ui·
1629 956 1657 997 4

127 1027 243 1077 dere,
270 1040 388 1080 opera
410 1027 599 1079 perfecta,
625 1025 765 1065 turrim
789 1023 1017 1064 subrutam:
1043 1024 1176 1076 itaque
1198 1023 1244 1063 ab
1260 1023 1490 1064 defensione
1504 1024 1607 1065 desi-

126 1101 248 1134 stere.
290 1093 454 1133 Nullam
477 1093 629 1133 exoriri
651 1106 799 1132 moram
822 1105 955 1145 posse,
981 1105 1058 1144 quo
1080 1091 1226 1141 minus,
1252 1106 1338 1131 cum
1356 1092 1551 1139 uenisset,
1576 1092 1608 1132 si

125 1163 317 1215 imperata
339 1175 417 1201 non
440 1163 615 1202 facerent
636 1161 683 1200 ad
706 1166 857 1209 nutum,
882 1173 903 1199 e
925 1159 1093 1213 uestigio
1116 1159 1395 1212 diriperentur.
1434 1157 1607 1210 Docent,
1632 1158 1657 1199 5

125 1231 157 1270 si
180 1230 338 1269 omnino
361 1229 481 1269 turris
504 1229 763 1278 concidisset,
789 1242 865 1267 non
890 1241 1006 1281 posse
1028 1227 1170 1267 milites
1193 1227 1404 1277 contineri,
1429 1228 1520 1282 quin
1544 1241 1612 1282 spe

131 1297 298 1351 praedae
320 1297 360 1337 in
393 1297 527 1337 urbem
559 1297 825 1350 irrumperent
852 1294 1068 1348 urbemque
1101 1295 1292 1336 delerent.
1354 1294 1466 1336 Haec
1496 1303 1612 1350 atque

129 1365 301 1405 eiusdem
325 1365 481 1418 generis
514 1364 713 1418 complura
745 1370 789 1403 ut
809 1363 855 1403 ab
878 1363 1099 1404 hominibus
1121 1364 1246 1404 doctis
1268 1377 1412 1417 magna
1434 1378 1519 1404 cum
1542 1364 1614 1404 mi-

130 1432 347 1473 sericordia
369 1432 539 1485 fletuque
562 1431 885 1486 pronuntiantur.
948 1429 1101 1484 Quibus
1131 1431 1251 1472 rebus
1287 1432 1471 1472 commoti
1493 1432 1611 1487 legati
1633 1430 1689 1476 13

130 1500 273 1541 milites
296 1513 348 1539 ex
370 1491 488 1554 opere
510 1499 732 1546 deducunt,
773 1499 1064 1554 oppugnatione
1087 1499 1306 1550 desistunt3
1342 1499 1524 1553 operibus
1547 1515 1616 1540 cu-

130 1569 276 1608 stodias
298 1568 540 1621 relinquunt.
594 1566 837 1607 Indutiarum
861 1567 1027 1620 quodam
1051 1581 1198 1620 genere
1220 1567 1491 1608 misericordia
1514 1569 1616 1608 facto
1637 1567 1664 1608 2

131 1635 326 1676 aduentus
349 1632 536 1676 Caesaris
559 1641 805 1689 expectatur.
834 1633 999 1675 Nullum
1023 1649 1075 1675 ex
1096 1649 1226 1686 muro,
1252 1636 1400 1676 nullum
1423 1649 1445 1675 a
1468 1636 1616 1676 nostris

130 1703 299 1743 mittitur
319 1704 463 1744 telum:
503 1710 545 1742 ut
566 1716 611 1743 re
633 1703 812 1743 confecta
835 1716 973 1742 omnes
996 1716 1130 1743 curam
1154 1710 1191 1743 et
1216 1703 1458 1757 diligentiam
1480 1704 1617 1744 remit-

132 1777 235 1811 tunt.
281 1768 437 1811 Caesar
458 1771 561 1811 enim
584 1784 654 1824 per
675 1769 828 1810 litteras
852 1769 1058 1810 Trebonio
1081 1785 1320 1824 magnopere
1342 1772 1616 1822 mandauerat,
1640 1769 1665 1811 3

133 1852 182 1878 ne
204 1853 275 1892 per
295 1839 373 1878 uim
396 1839 575 1893 oppidum
600 1838 821 1892 expugnari
844 1845 1068 1891 pateretur,
1105 1853 1154 1879 ne
1176 1839 1337 1894 grauius
1361 1839 1527 1893 permoti
1549 1839 1621 1879 mi-

134 1907 221 1946 lites
243 1913 283 1946 et
305 1906 535 1947 defectionis
549 1906 638 1946 odio
652 1906 992 1959 etcontemptione
1015 1907 1074 1947 sni
1097 1914 1134 1947 et
1157 1907 1306 1947 diutino
1327 1907 1462 1948 labore
1485 1921 1620 1947 omnes

136 1974 302 2027 puberes
324 1974 619 2024 interficerent,
645 1974 745 2027 quod
762 1987 804 2013 se
827 1975 1002 2014 facturos
1015 1975 1265 2016 minabantur
1280 2005 1290 2024 ,
1317 1988 1513 2030 aegreque
1528 1982 1619 2014 tunc
1641 1974 1668 2014 4

138 2049 230 2082 sunt
250 2042 412 2092 retenti,
438 2042 529 2095 quin
551 2042 731 2096 oppidum
753 2041 1031 2102 irrumperent,
1067 2043 1323 2097 grauiterque
1345 2057 1431 2083 eam
1453 2056 1537 2083 rem
1560 2049 1621 2082 tu-

134 2109 281 2159 lerunt,
307 2110 407 2165 quod
430 2110 589 2150 stetisse
602 2124 673 2164 per
685 2109 946 2159 Trebonium,
972 2124 1047 2162 quo
1069 2111 1197 2151 minus
1221 2111 1359 2164 oppido
1381 2111 1618 2164 potirentur,

135 2177 357 2217 uidebatur.
399 2176 456 2217 At
483 2178 617 2218 hostes
652 2178 738 2219 sine
772 2178 846 2217 fide
883 2184 1034 2232 tempus
1057 2185 1173 2231 atque
1196 2179 1446 2219 occasionem
1469 2179 1618 2218 fraudis
1642 2178 1695 2223 14

135 2258 180 2284 ac
202 2244 278 2284 doli
300 2253 494 2297 quaerunt
513 2246 812 2299 interiectisque
834 2245 983 2298 aliquot
1009 2247 1143 2287 diebus
1167 2247 1316 2287 nostris
1338 2247 1617 2300 languentibus

137 2313 252 2360 atque
271 2307 400 2349 animo
422 2308 600 2349 remissis
624 2308 754 2348 subito
776 2307 994 2348 meridiano
1017 2315 1209 2364 tempore,
1235 2323 1322 2350 cum
1346 2309 1447 2350 alius
1471 2309 1620 2350 disces-

279 2455 300 2488 2
316 2457 416 2487 uncis
433 2455 575 2487 inclusa
592 2460 758 2499 suspecta
777 2460 882 2488 erant
901 2456 1066 2489 Grutero.
1086 2457 1125 2489 P.
1149 2457 1225 2490 148.
1369 2456 1388 2489 3
1407 2457 1489 2500 iam]
1508 2462 1577 2490 tum
1592 2457 1625 2489 b.

281 2515 323 2538 ex
340 2507 401 2538 illa
421 2508 452 2539 b.
594 2510 611 2541 5
632 2509 874 2551 procombebat
891 2519 925 2540 α.
1080 2519 1154 2541 cum
1172 2520 1191 2540 a
1206 2510 1223 2541 b
1237 2520 1265 2549 c,
1287 2513 1357 2541 tum
1375 2519 1411 2540 η,
1567 2509 1626 2540 ho-

143 2559 213 2586 stes
231 2555 325 2588 urbis
343 2558 427 2589 abd
445 2559 462 2590 5
481 2559 596 2599 dett.,·
624 2561 740 2592 hostes
767 2561 873 2592 turris
902 2560 1079 2602 repentina
1108 2561 1208 2592 ruina
1236 2560 1414 2601 commoti,
1448 2560 1624 2602 inopinato

142 2605 230 2636 malo
251 2606 392 2645 turbati,
413 2608 551 2640 deorum
572 2610 623 2641 ira
641 2610 805 2652 perculsi,
826 2610 919 2641 urbis
939 2620 975 2641 u.
1117 2611 1135 2643 ὃ
1155 2621 1190 2642 se
1209 2621 1229 2642 a
1250 2611 1347 2642 ‘ms-S.
1363 2611 1549 2652 plerz'que',
1572 2620 1625 2641 se-

140 2668 174 2688 se
195 2667 229 2688 u.
371 2660 412 2691 10
430 2661 614 2701 proiiciunt
632 2662 698 2704 (a).
843 2662 879 2693 11
903 2666 1105 2703 expectetur
1122 2672 1156 2693 α.
1299 2666 1482 2704 captanta.

140 2708 179 2739 12
202 2709 320 2740 turrim
339 2720 371 2749 α,
391 2715 519 2743 turrem
537 2723 573 2744 u.
738 2712 779 2744 ab
799 2712 999 2745 defensione
1017 2724 1037 2745 a
1056 2714 1075 2746 3
1095 2714 1206 2754 dett„
1229 2713 1271 2745 ad
1291 2713 1524 2745 defensionem
1546 2714 1586 2752 b‚·
1607 2722 1623 2743 a

142 2759 387 2792 defensionen.
512 2763 554 2795 14
567 2763 742 2796 facercta.
873 2765 914 2797 15
928 2764 1002 2807 spe]
1017 2765 1132 2796 seab.
1276 2764 1315 2796 19
1327 2762 1382 2805 ex]
1397 2763 1437 2794 ab
1450 2764 1480 2794 Ι).

142 2810 306 2841 diducunt
325 2821 344 2842 (ι
360 2813 390 2843 b.
532 2815 760 2854 opugnatione
777 2825 811 2846 α.
954 2816 1065 2857 operis
1085 2814 1260 2846 custodias
1280 2814 1344 2845 ab.
1467 2812 1510 2847 20
1530 2812 1626 2843 indu-

146 2861 274 2892 ciarum
294 2862 359 2902 (α).
514 2863 553 2897 21
576 2869 778 2906 expectatur
795 2875 829 2896 α.
984 2866 1027 2899 25
1047 2865 1265 2897 contentione
1284 2874 1303 2895 a
1326 2864 1420 2894 ‘msa
1438 2859 1624 2905 plurimi’.
