1835 3240
97 176 177 216 042
609 175 778 217 BELLI
810 174 1217 218 ALEXANDRINI

174 303 270 342 quos
293 288 548 330 Ptolemaeus
582 296 819 328 testamento
851 288 1067 342 scripserat
1096 296 1212 343 atque
1244 291 1463 334 obtestatus
1486 300 1573 334 erat.
1594 308 1661 348 po-

128 356 154 395 2
176 357 306 411 pulum
328 356 566 403 Romanum,
593 369 641 395 ne
665 362 927 396 mutarentur.
964 355 1068 396 Nam
1095 357 1243 398 maiore
1266 373 1318 399 ex
1340 360 1488 401 duobus
1512 361 1660 415 pueris,

175 439 294 479 rege,
329 427 474 465 amisso
506 423 647 463 minori
682 423 840 462 tradidit
869 437 1033 477 regnum
1068 425 1286 478 maiorique
1308 440 1361 466 ex
1382 428 1531 468 duabus
1556 429 1660 479 filiis,

129 492 152 533 3
176 490 437 547 Cleopatrae,
473 504 571 543 quae
605 497 807 530 manserat
837 491 876 530 in
908 491 981 531 fide
1004 492 1289 546 praesidiisque
1313 494 1421 534 eius:
1454 496 1660 545 minorem,

174 561 401 606 Arsinoen,
436 559 545 598 cuius
579 558 734 597 nomine
765 558 828 597 diu
857 572 1048 611 regnasse
1070 560 1296 614 Inpotenter
1317 559 1571 616 Ganymeden
1594 564 1659 604 do-

178 629 353 676 cuimus,
380 626 575 665 deducere
598 638 650 664 ex
672 638 795 677 regno
819 626 971 677 statuit,
997 641 1045 667 ne
1069 642 1141 680 qua
1164 642 1302 668 rursus
1326 643 1429 669 noua
1451 629 1660 679 dissensio,

178 696 401 749 priusquam.
425 693 682 732 diuturnitate
706 694 1034 734 confirmarentur
1056 710 1191 750 regum
1210 696 1386 750 imperia,
1403 710 1473 750 per
1489 697 1664 738 homines

130 764 156 803 4
178 763 386 803 seditiosos
410 767 658 800 nasceretur.
698 758 898 814 Legiones
921 762 973 801 ibi
997 770 1182 803 ueterana
1206 771 1323 804 sexta
1348 778 1481 804 secum
1504 764 1664 804 reducta

179 838 331 871 ceteras
354 829 525 881 reliquit,
552 843 626 881 quo
650 828 797 868 firmius
821 837 927 869 esset
950 844 1083 870 eorum
1109 844 1245 884 regum
1267 831 1487 885 imperium,
1513 831 1575 884 qui
1597 847 1666 872 ne-

180 912 253 951 que
275 911 448 938 amorem
471 910 630 936 suorum
655 895 800 935 habere
824 903 1025 950 poterant,
1062 899 1161 952 quod
1185 898 1352 939 fideliter
1372 907 1670 953 permanserant

179 967 217 1005 in
243 963 433 1005 Caesaris
468 964 639 1004 amicitia
655 995 664 1013 ,
699 978 825 1017 neque
849 966 1059 1005 uetustatis
1082 967 1354 1007 anctoritatem
1378 968 1510 1021 paucis
1534 967 1667 1008 diebus

135 1034 158 1073 5
182 1047 296 1087 reges
330 1033 549 1072 constituti.
595 1030 720 1072 Simul
742 1033 787 1071 ad
813 1033 962 1086 imperii
985 1034 1110 1073 nostri
1134 1034 1362 1088 dignitatem
1385 1035 1670 1087 utilitatemque

181 1101 371 1154 publicam
397 1101 595 1154 pertinere
619 1101 885 1148 existimabat,
903 1101 935 1141 si
960 1109 1231 1155 permanerent
1254 1103 1293 1141 in
1317 1103 1389 1142 fide
1407 1116 1537 1155 reges,
1556 1115 1668 1156 prae-

180 1169 289 1208 sidiis
313 1183 379 1208 eos
404 1168 551 1208 nostris
575 1181 663 1207 esse
689 1175 817 1218 tutos3
853 1169 884 1208 si
909 1176 1043 1209 essent
1063 1169 1233 1222 ingrati,
1270 1184 1389 1223 posse
1410 1170 1532 1210 isdem
1556 1184 1669 1224 prae-

133 1235 159 1276 6
182 1237 291 1276 sidiis
334 1236 524 1276 co'e'rceri.
583 1234 649 1275 Sic
687 1236 802 1275 rebus
843 1236 1021 1275 omnibus
1052 1237 1241 1276 consec-tis
1283 1244 1322 1276 et
1353 1236 1556 1277 collocatis
1586 1236 1670 1291 ipse

183 1304 342 1358 [itinere
367 1303 567 1357 terrestri]
595 1303 794 1357 profectus
818 1310 878 1343 est
899 1304 938 1343 in
961 1301 1135 1358 Syriam.

107 1371 166 1416 34
300 1370 400 1411 Dum
425 1371 519 1411 haec
544 1371 581 1410 in
606 1370 791 1425 Aegypto
813 1379 1028 1425 geruntur,
1055 1385 1127 1412 rex
1152 1371 1364 1413 Deiotarus
1388 1372 1434 1412 ad
1457 1370 1671 1412 Domitium

183 1436 411 1488 Caluinum,
438 1439 498 1479 cui
523 1436 674 1479 Caesar
697 1439 833 1479 Asiam
858 1440 1120 1494 finitimasque
1143 1441 1370 1494 prouincias
1393 1439 1670 1480 administran-

184 1508 252 1547 das
286 1508 524 1554 tradiderat,
560 1507 667 1546 uenit
699 1514 879 1557 oratum,
917 1522 964 1548 ne
996 1509 1226 1549 Armeniam
1258 1509 1474 1558 minorem,
1508 1521 1673 1562 regnum

184 1590 311 1626 suum,
337 1589 436 1616 neue
462 1574 766 1629 Cappadociam,
788 1590 952 1630 regnum
977 1576 1278 1627 Ariobarzanis,
1296 1576 1487 1630 possideri
1509 1574 1676 1615 uastari-

184 1657 258 1696 que
281 1650 484 1699 pateretur
507 1657 527 1683 a
553 1641 778 1694 Pharnace,
805 1658 879 1696 quo
901 1645 1003 1684 malo
1026 1645 1101 1685 nisi
1124 1645 1402 1694 liberarentur,
1420 1645 1607 1697 imperata
1630 1655 1673 1682 se

186 1713 317 1752 facere
356 1712 638 1765 pecuniamque
679 1713 909 1766 promissam
944 1710 1110 1753 Caesari
1156 1728 1233 1753 non
1274 1727 1389 1766 posse
1422 1710 1670 1766 persoluere.

187 1778 385 1820 Domitius
418 1794 495 1819 non
529 1787 677 1820 tantum
710 1781 756 1819 ad
789 1780 1043 1833 explicandos
1075 1787 1251 1834 sumptus
1285 1781 1343 1820 rei
1374 1779 1555 1820 militaris
1587 1791 1674 1817 eum

186 1848 387 1901 pecuniam
413 1848 676 1888 necessariam
700 1861 788 1887 esse
810 1848 1028 1897 indicaret,
1063 1849 1130 1888 sed
1154 1849 1269 1888 etiam
1294 1855 1405 1901 turpe
1428 1846 1569 1900 populo
1591 1844 1674 1885 Ro-

187 1929 302 1955 mano
322 1913 419 1956 etC.
437 1914 602 1957 Caesari
623 1915 762 1955 uictori
777 1915 927 1968 sibique
943 1916 1087 1956 infame
1107 1930 1194 1956 esse
1212 1921 1404 1956 statueret
1416 1928 1537 1968 regua
1550 1913 1677 1954 socio-

186 1998 271 2023 rum
296 1990 410 2036 atque
432 1984 644 2023 amicorum
669 1982 714 2022 ab
739 1990 907 2023 externo
930 1997 1024 2036 rege
1046 1984 1252 2037 occupari,
1287 1981 1446 2022 nuntios
1470 1980 1675 2022 confestim

186 2051 234 2092 ad
257 2049 503 2091 Pharnacem
539 2051 669 2099 misit,
695 2049 886 2091 Armenia
910 2048 1236 2105 Cappadociaque
1258 2051 1466 2091 decederet
1487 2063 1588 2090 neue
1610 2062 1675 2088 oc-

188 2119 396 2173 cupatione
418 2119 505 2159 belli
530 2119 655 2158 einilis
680 2119 806 2172 populi
831 2118 999 2159 Romani
1022 2119 1082 2159 ius
1106 2120 1428 2171 maiestatemque
1448 2122 1670 2170 temptaret.

190 2186 301 2227 Hanc
327 2186 659 2226 denuntiationem
685 2200 771 2225 cum
797 2187 983 2227 maiorem
1008 2188 1083 2227 uim
1109 2187 1323 2227 babituram
1349 2185 1613 2232 existimaret,
1641 2182 1674 2222 si

189 2255 348 2308 propius
382 2269 448 2295 eas
482 2254 666 2307 regiones
700 2268 784 2294 cum
818 2255 999 2294 exercitu
1021 2256 1280 2304 accessisset,
1316 2254 1362 2294 ad
1386 2252 1563 2306 legiones
1587 2264 1675 2304 pro·

190 2324 311 2362 t'ectus
346 2337 459 2362 unam
492 2336 540 2362 ex
568 2321 688 2361 tribus
712 2329 859 2361 XXXVI
883 2336 1014 2363 seeum
1041 2323 1168 2372 ducit,
1204 2323 1300 2363 duas
1322 2322 1362 2362 in
1385 2321 1604 2375 Aegyptum
1629 2319 1675 2358 ad

139 1785 163 1821 10

140 2187 164 2227 Ca:

338 2461 347 2492 l
372 2458 526 2500 populum
547 2459 747 2501 Romanum]
770 2465 866 2501 pater
886 2461 916 2492 b.
1069 2461 1087 2492 3
1107 2460 1242 2492 filiabus
1264 2460 1294 2492 b.
1446 2460 1462 2488 ι’)
1483 2458 1678 2498 inpotenter

189 2523 223 2543 (ι.
388 2509 604 2552 (Ξῑιιιμηθάυιι
626 2510 680 2551 (a)
701 2513 737 2540 et
752 2512 828 2541 sine
847 2513 1083 2542 annotatione
1103 2521 1136 2541 ιι.
1294 2509 1311 2542 7
1332 2509 1576 2540 diuturnitates
1595 2509 1678 2537 ante

191 2573 280 2595 corr.
301 2572 335 2593 a.
492 2572 607 2601 regum
627 2561 843 2603 Stephana-r,
866 2563 936 2603 regi
955 2573 975 2593 α
997 2563 1037 2602 b,·
1059 2563 1146 2602 regis
1167 2573 1199 2593 ll.
1360 2562 1380 2594 8
1401 2561 1552 2601 legiones
1572 2559 1618 2590 ibi
1635 2577 1680 2580 —

190 2614 242 2656 (9)
261 2612 400 2654 reliquit
420 2622 439 2642 (ι
455 2612 501 2643 ὺ3
522 2613 609 2643 dell.
631 2615 677 2652 et,
699 2617 762 2653 qm*
781 2614 925 2655 legione,
947 2614 964 2644 3
985 2614 1075 2651 alim
1099 2614 1231 2654 legione
1252 2632 1290 2635 —-
1312 2613 1359 2644 ibi
1387 2612 1525 2654 reliquit
1543 2622 1564 2642 ιι
1583 2611 1678 2652 (reli-

193 2666 271 2708 quid
291 2666 337 2705 a).
495 2666 512 2696 9
534 2665 619 2705 quod
639 2675 658 2695 α
681 2665 710 2695 b.
873 2666 912 2698 13
930 2666 1101 2708 praesidio
1121 2676 1178 2697 eos
1199 2670 1334 2696 nostros
1355 2665 1386 2695 b.
1545 2662 1585 2696 'li
1603 2672 1677 2693 esse

191 2724 283 2750 tutos
310 2727 396 2758 ego,·
425 2721 543 2747 essent
562 2722 595 2747 ut
615 2717 673 2748 lios
693 2727 730 2756 ιι,
764 2727 838 2748 esse
859 2717 904 2758 (Ρ)
924 2721 961 2748 ut
979 2717 1038 2748 hos
1059 2717 1099 2756 b,
1130 2727 1207 2748 esse
1228 2721 1318 2747 tutos
1339 2717 1384 2755 (Ρ)
1404 2719 1441 2746 ut
1458 2715 1518 2746 hos
1538 2724 1575 2753 e‚·
1602 2723 1677 2744 esse

193 2778 283 2803 tutos
304 2775 335 2801 et
355 2770 415 2800 hos
435 2779 456 2799 n
476 2769 588 2810 (Quae
608 2772 648 2800 al:
665 2773 829 2810 sus-peda
849 2771 994 2808 notaui,
1024 2779 1064 2800 ea
1093 2771 1127 2799 in
1148 2770 1165 2800 b
1185 2780 1202 2799 e
1221 2769 1294 2810 legi
1309 2768 1456 2799 silentio
1477 2764 1680 2798 Oudendor-

185 2826 242 2866 pii
260 2820 469 2853 credendum
492 2822 611 2859 esset).
778 2821 884 2853 isdem
904 2831 937 2860 a,
958 2821 1077 2852 iisdem
1098 2831 1132 2852 u.
1292 2821 1331 2853 16
1353 2820 1489 2863 [itinere
1507 2816 1678 2858 terrestri]

190 2877 229 2908 P.
252 2874 327 2906 195.
501 2872 539 2904 17
559 2871 701 2913 Aegipto
721 2880 754 2901 a.
918 2871 961 2903 20
979 2870 1203 2904 Aribarzanis
1226 2873 1256 2903 b.
1419 2871 1461 2904 22
1480 2868 1679 2911 promissam

189 2937 259 2958 om.
282 2926 311 2956 b.
466 2924 506 2955 ‘25
527 2921 563 2953 C.
583 2933 603 2954 a
624 2923 654 2961 b,
676 2932 743 2953 om.
767 2932 800 2952 ιι.
951 2926 1120 2955 statuerat
1141 2923 1171 2954 b.
1322 2921 1366 2956 27
1385 2920 1584 2953 Pharnacen
1603 2921 1680 2951 sine

190 2977 424 3008 αηηοῐαίιόηυ
445 2984 477 3004 ιι.
617 2972 970 3014 ‘281nngestatemque
987 2983 1020 3005 a.
1164 2974 1203 3005 31
1226 2972 1403 3015 Aegiptum
1422 2982 1455 3003 a.

1702 908 1742 939 10

1706 1244 1744 1276 15

1707 1580 1749 1615 20

1709 2256 1750 2289 30
