1835 3240
748 165 1171 207 ——206—

215 299 317 326 mum
340 285 378 325 in
401 284 462 324 ed.
488 281 592 324 Ven.
618 296 654 322 a.
686 279 788 320 1482
812 279 963 333 positus
986 277 1157 318 uidetur.
1211 275 1424 330 Sequentia
1456 280 1508 319 ita
1542 280 1697 320 confor-

215 354 353 393 manda
377 351 571 392 arbitror:
609 348 771 401 ‘quippe
804 346 868 399 qui
899 346 939 386 in
967 345 1031 386 illa
1064 359 1107 385 re
1136 346 1209 386 sibi
1243 346 1479 397 confideret,
1513 347 1694 400 primum,

215 421 315 473 quod
337 419 514 460 audierat
535 416 686 456 Romae
708 414 883 468 legiones
906 421 1117 453 ueteranas
1147 414 1356 454 dissentire
1384 427 1508 467 neque
1529 415 1569 455 in
1593 414 1699 455 Afri-

215 502 300 528 cam
322 487 424 527 uelle
438 482 620 525 transire’
634 489 725 522 cett.
752 480 799 521 In
814 481 993 520 omnibus
1007 481 1118 520 codd.
1134 487 1292 534 praeter
1304 477 1445 521 Cuiac.
1461 490 1499 521 et
1511 483 1697 535 quosdam

217 555 434 596 deteriores
456 553 530 604 legi
555 551 712 590 uidetur
729 549 884 602 ‘quippe
906 549 1020 601 quis⁷.
1045 547 1198 588 Deinde
1221 549 1349 589 editur
1373 550 1427 588 ‘in
1451 549 1602 589 illorum
1627 549 1697 589 sibi

215 623 430 664 confideret
451 618 682 667 multidine',
709 618 807 670 quod
831 617 1018 670 seriptum
1042 624 1102 656 est
1118 617 1157 656 in
1174 614 1280 657 Scal.
1297 614 1436 657 Cuiac.
1452 615 1538 656 Pet.
1551 615 1697 665 Noru.,

216 690 279 744 qui
302 690 376 729 duo
409 686 594 740 postremi
625 692 755 725 tamen
782 691 874 723 ‘non
896 683 1063 724 illorum'
1087 685 1288 724 exhibent.
1344 682 1389 723 In
1412 682 1528 723 Leid.
1554 697 1613 736 pr.
1640 691 1701 724 est

219 757 372 810 ‘quippe
395 756 479 807 quis
501 753 539 792 in
561 753 716 794 illorum
748 752 821 792 fide
850 751 921 791 sibi
955 752 1199 791 confideret'.
1248 750 1294 791 In
1325 749 1416 791 Par.
1444 765 1528 791 sec.
1561 751 1703 804 legitur

219 822 471 877 ‘quippequis
494 821 534 860 in
556 820 710 860 illorum
734 820 806 859 sibi
819 820 1062 868 confideret'‚
1080 819 1308 871 idemquein
1323 818 1426 859 Lon.
1443 818 1566 859 Dora.
1582 817 1697 858 Leid.

216 906 297 931 sec.
323 891 410 930 cod.
438 886 592 937 Ciacc.,
619 888 694 927 nisi
716 887 815 939 quod
838 888 878 926 in
900 887 976 927 illis
1000 886 1146 926 duobus
1169 894 1231 927 est
1256 887 1410 940 ‘quippe
1433 887 1496 940 qui
1520 887 1638 936 n0n'‚
1662 887 1703 926 in

216 961 276 999 his
311 958 473 1011 ‘quippe
495 956 559 1009 qui
582 956 621 994 in
644 955 788 995 nullo'.
833 952 1075 1007 Scripturam
1097 953 1191 994 Par.
1217 968 1299 994 sec.
1326 955 1499 994 codicem
1522 954 1704 1009 archety-

215 1041 302 1081 pum
327 1026 480 1066 referre
501 1038 585 1064 cum
611 1037 664 1064 ex
685 1036 881 1062 consensu
904 1022 1141 1062 deteriorum
1165 1022 1276 1061 codd.
1302 1029 1381 1062 tum
1405 1036 1456 1062 ex
1480 1023 1705 1076 discrepan-

216 1095 268 1135 tia
292 1093 530 1146 reliquorum
552 1092 742 1131 bonorum
766 1089 1023 1143 perspicitur,
1057 1102 1155 1141 quae
1187 1089 1331 1129 indicio
1363 1097 1424 1129 est
1454 1097 1492 1130 et
1517 1091 1704 1130 ‘multitu-

216 1163 321 1203 dine'
334 1169 372 1202 et
386 1160 488 1200 ‘lide'
501 1159 751 1200 librariorum
765 1158 1033 1211 supplementa
1046 1171 1149 1198 esse.
1177 1156 1237 1198 Ea
1251 1158 1371 1211 igitur
1390 1157 1449 1197 hic
1471 1158 1600 1212 inepta
1616 1172 1704 1198 esse

216 1230 306 1283 quid
329 1228 622 1269 demonstrem?
670 1225 771 1266 Mihi
789 1226 882 1266 illud
906 1226 1047 1265 ‘illore'
1071 1226 1144 1273 (ita
1166 1226 1266 1265 enim
1291 1227 1373 1266 fere
1398 1225 1583 1265 ‘illorum’
1607 1226 1706 1266 scri-

216 1299 321 1339 bitur
341 1298 381 1336 in
404 1296 539 1347 codd.)
563 1302 689 1335 ortum
712 1308 800 1335 esse
822 1294 949 1334 uisum
972 1300 1033 1333 est
1054 1307 1105 1333 ex
1131 1293 1212 1333 ‘illa
1233 1295 1311 1333 re':
1349 1308 1425 1333 non
1448 1307 1625 1346 repugno
1648 1301 1706 1333 ta-

217 1379 306 1406 men
322 1397 331 1414 ,
358 1379 431 1417 quo
454 1363 582 1403 minus
605 1362 835 1402 uocabulum
859 1362 1059 1402 excidisse
1082 1368 1121 1400 et
1142 1361 1235 1399 haec
1258 1360 1369 1399 uerbi
1393 1374 1510 1400 causa
1533 1361 1587 1400 ita
1611 1361 1708 1400 scri-

216 1440 281 1488 pta
304 1432 424 1473 fuisse
446 1432 678 1472 uideantur:
707 1430 786 1483 ‘qui
808 1430 848 1469 in
870 1429 1023 1470 illorum
1046 1429 1221 1482 pernicie
1243 1428 1315 1468 sibi
1338 1428 1582 1468 confideret’.
1626 1428 1708 1468 Ad-

215 1502 431 1556 iunguntur
453 1500 575 1547 baec,
608 1506 650 1538 ut
680 1498 772 1538 mibi
802 1497 956 1550 quidem
985 1496 1227 1538 emendanda
1255 1496 1341 1535 uisa
1371 1502 1486 1535 sunt:
1525 1496 1705 1546 ‘deinde‚

217 1570 318 1623 quod
343 1568 511 1609 triennio
533 1568 574 1608 in
597 1566 733 1606 Africa
768 1579 862 1606 suos
893 1565 1037 1604 milites
1067 1563 1354 1604 consuetudine
1375 1569 1551 1602 retentos
1574 1563 1707 1603 fideles

217 1637 292 1678 sibi
322 1638 401 1677 iam
434 1636 653 1682 effecisset‚
696 1633 867 1673 maxima
897 1639 1028 1672 autem
1061 1631 1209 1671 auxilia
1251 1630 1412 1670 haberet
1441 1628 1706 1669 Numidarum

218 1705 388 1757 equitum
411 1704 589 1755 leuisque
612 1708 851 1749 armaturae,
878 1706 1084 1753 praeterea
1107 1713 1158 1738 ex
1182 1699 1269 1752 fuga
1293 1696 1518 1752 proelioque
1540 1695 1708 1751 Pompe-

216 1772 308 1812 iano
333 1769 598 1825 [Labienus],
635 1782 731 1822 quos
759 1781 891 1808 secum
916 1781 935 1806 a
958 1765 1171 1806 Brundisio
1194 1772 1535 1819 transportauerat
1558 1765 1709 1817 equites

218 1839 441 1880 Germanos
453 1837 668 1890 Gallosque
691 1836 820 1889 ibique
842 1842 978 1889 postea
1001 1849 1053 1875 ex
1066 1834 1255 1888 hybridis‚
1281 1833 1476 1873 libertinis
1500 1834 1708 1886 seruisque

217 1908 524 1960 conscripserat.
552 1911 792 1952 armauerat,
818 1903 874 1942 uti
897 1904 1074 1942 frenatos
1098 1899 1386 1941 constituerat'.
1449 1899 1618 1940 Labieni
1639 1915 1709 1940 no—

217 1990 308 2016 men
338 1975 504 2014 deletum
537 1973 690 2012 eratin
720 1972 780 2010 ed.
814 1969 920 2011 Ven.
957 1985 993 2010 a.
1030 1969 1162 2018 14823
1207 1968 1368 2008 reduxit
1404 1966 1709 2021 Oudendorpius

220 2057 356 2084 omnes
380 2042 491 2082 codd.
507 2047 682 2081 secutus.
707 2036 787 2078 Iam
811 2039 932 2078 uerba
957 2044 1176 2091 ‘praeterea
1197 2050 1246 2075 ex
1270 2034 1515 2088 fuga'cett.a
1532 2035 1709 2089 superio-

218 2111 324 2151 ribus
347 2116 595 2163 separantur,
613 2115 651 2147 et
673 2114 753 2147 tota
766 2106 986 2146 enuntiatio
1003 2106 1056 2145 ita
1078 2113 1310 2145 enarratur:
1336 2101 1540 2142 Labienus
1559 2103 1709 2155 equites

218 2186 441 2220 armauerat
459 2209 468 2227 ‚
505 2190 600 2229 quos
632 2189 766 2216 secum
796 2180 1135 2228 transportanerat
1156 2172 1285 2224 ibique
1307 2177 1441 2224 postea
1465 2170 1710 2222 conscripse-

218 2248 309 2287 rat'.
354 2245 503 2285 Verum
530 2245 601 2284 boc
625 2244 740 2283 modo
774 2243 905 2296 inepte
928 2240 1132 2282 Labienus
1157 2254 1209 2280 ex
1232 2240 1322 2293 fuga
1342 2237 1569 2292 proelioque
1590 2235 1709 2276 Pom-

219 2315 358 2369 peiano
382 2314 533 2366 equites
556 2325 732 2357 armasse
756 2311 979 2350 diceretur:
1005 2324 1094 2349 nam
1116 2308 1284 2361 ‘equites
1305 2320 1356 2347 ex
1372 2307 1461 2360 fuga
1484 2304 1710 2357 proelioque

218 2379 736 2435 Pompeiano'interpretari
756 2392 832 2418 non
852 2391 1071 2430 possumus,
1098 2391 1183 2416 cum
1203 2375 1354 2428 equites
1376 2373 1417 2412 in
1439 2371 1711 2412 enuntiatione

221 2450 391 2492 relatiua
421 2448 536 2502 positi
571 2448 664 2487 sint.
728 2447 918 2499 Apertum
953 2452 1014 2485 est
1044 2445 1165 2497 igitur
1196 2443 1290 2482 haec
1322 2455 1408 2480 cum
1440 2438 1710 2492 superioribus

220 2519 353 2560 uerbis
377 2515 647 2568 coniungenda
671 2526 775 2562 esse,
801 2513 1124 2565 quemadmodum
1147 2510 1236 2558 feci,
1263 2515 1305 2548 ut
1328 2515 1337 2531 ⁴
1354 2506 1538 2548 haberet*
1563 2506 1712 2560 cogita-

222 2588 329 2628 tione
352 2591 570 2639 repetatur.
614 2581 714 2621 Tum
750 2587 881 2619 autem
914 2587 1060 2619 certum
1096 2585 1155 2618 est
1177 2575 1346 2617 Labieni
1369 2589 1512 2615 nomen
1536 2574 1597 2614 hic
1620 2573 1711 2627 poni

222 2670 302 2696 non
325 2666 456 2708 posse,
481 2665 566 2691 cum
590 2656 668 2689 tota
692 2649 788 2688 haec
811 2648 937 2687 oratio
960 2647 1081 2700 ipsius
1102 2643 1272 2685 Labieni
1295 2644 1361 2683 sit.
1401 2643 1457 2682 At
1478 2655 1596 2695 supra
1619 2654 1712 2681 con-

221 2725 372 2764 iectura
396 2727 543 2760 tantum
569 2716 704 2756 confisi
727 2714 944 2755 Labienum
977 2729 1045 2768 pro
1067 2711 1162 2753 Iuba
1191 2712 1405 2766 posuimus.
1467 2707 1652 2749 Fecimus
1674 2708 1712 2747 id

222 2790 375 2845 quidem
400 2786 619 2827 certissima
643 2784 885 2824 coniectura.
930 2781 983 2822 Et
1004 2789 1161 2830 tamen,
1199 2779 1352 2820 etiamsi
1384 2777 1589 2831 superiora
1611 2775 1711 2816 alius

223 2860 376 2899 locutus
398 2862 504 2898 esset
520 2885 529 2903 ‚
566 2854 626 2894 liic
648 2851 816 2892 Labieni
850 2864 989 2891 nomen
1021 2856 1129 2890 certe
1151 2854 1238 2902 post
1259 2846 1469 2887 relatiuum
1491 2843 1711 2898 ponendum
