1835 3240
688 190 1059 230 *6-

133 301 180 341 de
212 300 388 341 hostibus
420 302 483 354 qui
517 315 603 342 eum
637 311 772 343 nosset
805 311 844 343 et
882 302 1076 344 insultans
1108 303 1161 343 ait
1194 300 1388 352 ‘Caesam
1424 300 1608 351 Caesar'⁷

132 369 232 421 quod
256 366 459 408 Gallorum
482 368 615 422 lingua
638 371 786 411 dimitte
810 372 1029 425 significat:
1066 378 1104 411 et
1134 371 1187 411 ita
1212 373 1349 411 factum
1375 378 1458 420 est,
1492 378 1534 410 ut
1556 371 1613 411 di-

131 436 369 477 mitteretur.
423 436 511 477 Hoc
533 444 661 478 autem
684 439 767 492 ipse
790 436 943 479 Caesar
963 442 1001 478 in
1024 439 1269 492 ephemeride
1293 452 1363 478 sua
1394 438 1513 488 dicit,
1546 439 1612 479 ubi

130 504 325 558 propriam
350 513 631 545 commemorat
653 507 910 546 felicitatem'.
956 506 1039 546 Hoc
1061 507 1181 559 igitur
1202 506 1387 546 credibile
1410 512 1491 555 est,
1516 504 1611 546 Gat-

132 571 224 619 lum,
248 586 328 611 cum
353 572 575 625 popularem
603 571 787 623 ‘Caesar‚
814 571 984 614 Caesar'
1009 574 1239 613 clamantem
1265 574 1441 622 audiret,
1476 574 1521 613 de
1553 574 1609 614 di-

129 639 319 679 mittendo
340 640 470 693 potius
493 655 606 693 qaam
629 642 675 680 de
691 640 1138 695 imperatorefiomano,
1166 648 1300 680 contra
1326 655 1437 694 quem
1461 655 1612 695 pugna-

128 706 219 755 hat,
255 707 480 759 cogitasse?
510 715 600 757 aut,
637 723 722 748 eum
755 709 919 749 eundem
954 710 1196 748 exultantem
1230 710 1405 758 uideret,
1438 710 1611 749 laetitiae

129 773 416 829 significatione
445 775 490 814 ad
523 775 790 816 dimittendum
822 777 969 818 hortari
1000 777 1186 829 putasse?
1239 776 1343 816 Nam
1374 778 1419 816 de
1442 777 1614 817 mirabili-

128 842 195 883 illo
218 856 328 893 casu,
354 857 429 895 quo
451 840 637 882 Caesaris
655 858 794 883 nomen
815 842 940 883 Gallis
964 844 1158 884 dimittere
1181 845 1426 897 significasse
1450 845 1610 894 dieitur⁷

129 909 224 949 nihil
247 910 382 949 dicam.
407 909 508 960 Hoc,
534 910 572 949 ni
596 910 723 960 fallor,
750 912 912 963 quisque
935 912 1057 961 uidet,
1083 909 1295 951 Caesarem
1316 919 1392 952 tam
1416 912 1609 965 insignem

129 983 246 1029 atque
264 977 529 1017 admirabilem
547 991 645 1027 rem,
672 979 702 1017 si
723 979 755 1018 ei
775 979 1000 1030 accidisset,
1024 979 1063 1018 in
1082 980 1373 1019 commentariis
1392 994 1469 1019 non
1488 979 1613 1019 fuisse

128 1045 513 1097 praetermissurum.
558 1043 659 1085 Tota
684 1060 747 1086 res
770 1061 791 1086 a
814 1053 1006 1100 nugatore
1029 1047 1194 1086 conficta
1219 1053 1294 1095 est,
1320 1048 1381 1099 qui
1397 1078 1407 1097 ,
1434 1054 1476 1086 ut
1497 1048 1610 1087 sidem

127 1112 289 1164 ineptiis
309 1113 493 1163 adderet,
530 1113 778 1166 impudenter
801 1114 896 1153 haee
917 1114 956 1153 in
979 1113 1224 1167 ephemeride
1247 1111 1433 1154 Caesaris
1456 1115 1529 1168 legi
1554 1116 1610 1154 af-

127 1179 298 1218 firmauit
319 1179 391 1219 hoe
423 1187 481 1219 est
512 1181 552 1220 in
583 1181 889 1221 commentarii&
935 1180 1016 1220 Eos
1048 1182 1149 1221 enim
1179 1181 1366 1221 inferiore
1395 1189 1524 1222 aetate
1555 1182 1610 1222 ita

126 1247 343 1300 appellatos
375 1261 488 1297 esse,
524 1248 678 1288 etiamsi
711 1263 732 1288 a
764 1247 996 1302 Symmacho
1030 1249 1299 1298 discedamus,
1335 1263 1387 1289 ex
1410 1249 1616 1289 codicibus

126 1315 273 1354 nostris
297 1322 480 1355 constare
501 1322 635 1368 postea
667 1317 848 1356 monebo.
900 1316 956 1355 At
990 1314 1255 1356 Schneiderus
1289 1331 1423 1369 parum
1455 1318 1610 1357 referre

126 1381 292 1434 putabit,
317 1389 445 1422 utrum
470 1383 566 1423 haec
589 1384 763 1423 narratio
786 1384 1055 1423 commenticia
1079 1384 1131 1423 sit
1153 1397 1302 1433 necne3
1328 1398 1377 1423 ne
1399 1385 1435 1423 id
1455 1385 1612 1436 quidem

125 1449 170 1488 ad
194 1463 274 1488 rem
298 1449 497 1502 pertinere
521 1450 644 1499 dicet,
670 1457 797 1489 utrum
822 1450 1039 1503 ephemeris
1062 1450 1127 1490 ille
1150 1450 1248 1489 liber
1270 1451 1396 1490 dictus
1419 1450 1539 1490 fuerit
1560 1465 1610 1491 an

126 1516 201 1556 alio
224 1517 380 1557 nomine
399 1534 408 1556 ε
434 1532 520 1556 nam
547 1518 667 1557 fuisse
690 1518 879 1570 quendam
903 1525 1062 1571 praeter
1083 1518 1388 1558 commentarios
1411 1518 1451 1557 in
1473 1519 1611 1558 eodem

125 1592 357 1637 argumento
381 1593 601 1625 uersantem
625 1585 699 1625 alia
723 1586 877 1625 ratione
900 1599 942 1625 se
964 1586 1194 1639 probanisse
1217 1585 1434 1625 existimat.
1478 1584 1608 1626 ‘Nam

125 1651 268 1700 unde',
293 1651 420 1705 inquit
439 1655 564 1706 praes.
591 1653 684 1693 edit.
710 1667 805 1693 suae
828 1667 864 1706 p.
890 1651 938 1692 31
958 1684 968 1703 ,
996 1651 1166 1695 ‘Caesar
1187 1654 1491 1693 commentarios
1515 1668 1609 1693 eon-

125 1719 261 1759 ficeret
282 1721 561 1773 confectosque.
585 1721 743 1769 ederet,
775 1721 849 1760 iam
883 1728 999 1760 antea
1032 1728 1167 1774 parata
1200 1728 1238 1761 et
1261 1721 1406 1773 scripta
1429 1720 1610 1760 habuerit

125 1800 290 1827 necesse
313 1795 390 1837 est,
415 1788 490 1827 nisi
512 1789 614 1828 forte
632 1788 728 1828 adeo
746 1788 811 1828 uel
827 1789 999 1828 ualuisse
1022 1803 1108 1829 eum
1132 1790 1318 1828 memoria
1338 1789 1400 1828 uel
1418 1789 1607 1828 confisum

126 1868 215 1894 esse
237 1862 416 1908 putamus
431 1887 440 1905 ,
474 1863 515 1895 ut
546 1870 624 1895 non
646 1856 759 1895 modo
782 1856 992 1908 quotannis
1014 1857 1060 1896 de
1081 1870 1229 1896 summa
1252 1870 1382 1895 rerum
1406 1863 1605 1909 gestarum

123 1923 274 1962 referre
296 1923 346 1963 ad
366 1930 560 1973 senatum,
588 1938 722 1964 uerum
746 1924 861 1964 etiam
884 1931 971 1976 post
992 1931 1141 1977 septem
1164 1939 1288 1964 annos
1312 1930 1458 1964 tantam
1475 1938 1606 1964 rerum

122 1989 379 2041 uarietatem⁷
414 1998 471 2031 tot
499 2005 721 2032 mensuram
751 1992 958 2041 itinerum,
993 1993 1205 2042 montium,
1231 1993 1429 2032 {luminum
1452 1999 1491 2031 et
1512 1993 1608 2032 alia-

123 2071 209 2097 rum
231 2071 363 2098 rerum
388 2072 504 2112 saepe
527 2072 736 2112 paruarum
752 2090 761 2108 ‚
802 2066 861 2099 tot
888 2061 1133 2114 captiuorum
1163 2068 1278 2113 atque
1308 2060 1607 2101 interfectorum

125 2139 310 2165 numeros
333 2132 450 2178 atque
474 2126 555 2180 ipsa
580 2127 785 2167 multorum
809 2129 927 2168 uerba
949 2129 1195 2181 perscribere
1218 2128 1302 2168 sine
1325 2129 1521 2181 praesidio
1544 2130 1608 2169 lit-

124 2199 297 2233 terarum
321 2193 498 2247 potuisse
522 2194 732 2235 uideatur'.
776 2195 909 2248 Atque
942 2196 1035 2236 haec
1068 2196 1168 2236 ratio
1199 2196 1296 2235 adeo
1328 2196 1437 2237 firma
1461 2196 1496 2237 ei
1519 2197 1608 2237 uisa

124 2267 207 2309 est,
240 2267 283 2300 ut
313 2274 409 2313 quae
443 2262 746 2315 refragabantur
777 2270 843 2303 aut
875 2264 1020 2303 nullius
1051 2264 1236 2303 momenti
1270 2263 1519 2305 existimaret
1539 2272 1608 2307 aut

123 2328 236 2381 plane
259 2329 501 2382 neglegeret.
551 2328 783 2370 Suetonium
807 2331 935 2380 enim,
973 2331 1037 2385 qui
1067 2332 1112 2371 de
1144 2332 1300 2384 scriptis
1325 2329 1511 2373 Caesaris
1541 2347 1606 2373 ac-

125 2396 373 2442 curatissime
396 2398 534 2447 refert,
559 2398 655 2437 nihil
677 2398 722 2438 de
745 2399 938 2439 eiusmodi
958 2399 1057 2438 libro
1079 2399 1342 2449 inauffiuisse,
1369 2400 1451 2440 eius
1475 2407 1607 2441 autem

123 2463 264 2503 famam
288 2465 518 2518 peruenisse
549 2466 595 2504 ad
619 2462 801 2505 Seruium
832 2466 1018 2506 credibile
1048 2466 1082 2506 ei
1114 2467 1238 2506 uisum
1269 2473 1344 2506 est.
1387 2466 1492 2508 Nam
1517 2468 1609 2521 quid-

123 2545 203 2571 non
225 2533 257 2571 ei
281 2532 465 2572 credibile
488 2532 686 2572 uideretur
701 2564 710 2582 7
746 2534 810 2585 qui
833 2530 1044 2574 Caesarem
1069 2548 1204 2574 omnes
1227 2549 1291 2574 res
1314 2535 1443 2574 statim
1458 2567 1467 2583 ,
1500 2542 1608 2588 post-

97 2603 99 2605 ’
124 2613 236 2652 quam
259 2607 393 2654 gestae
417 2607 565 2649 essent,
591 2601 634 2640 in⁴
652 2601 966 2654 ephemeridibus
989 2602 1269 2655 perscripsisse
1293 2611 1331 2643 et
1352 2610 1499 2652 tamen,
1523 2618 1606 2643 mo-

124 2667 176 2706 do.
194 2681 242 2707 ne
265 2667 432 2719 siugulis
456 2668 589 2708 diebus
607 2669 875 2721 ephemerides
891 2670 1062 2723 scriptae
1079 2670 1323 2721 uiderentur,
1348 2671 1385 2711 in
1409 2685 1604 2711 commen-

126 2733 234 2774 tariis
256 2734 346 2775 inde
369 2736 595 2790 compositis
628 2737 839 2776 memoriae
871 2751 1008 2777 errore
1040 2739 1227 2791 quaedam
1258 2753 1463 2793 perperam
1486 2741 1603 2781 edere

123 2803 298 2857 potuisse
322 2803 438 2856 (quod
462 2803 642 2844 Asinium
664 2802 880 2844 Pollionem
903 2805 1119 2846 affirmasse
1141 2803 1356 2848 Suetonius
1379 2808 1451 2847 uit.
1480 2805 1599 2848 Caes.

124 2885 159 2916 c.
185 2870 238 2913 56
258 2872 402 2925 refert)
425 2885 503 2912 non
526 2872 650 2913 solum
672 2872 754 2926 ipse
777 2872 965 2925 credidit,
990 2874 1059 2913 sed
1080 2874 1196 2914 etiam
1220 2875 1306 2916 aliis
1328 2890 1370 2916 se
1394 2889 1602 2930 persuasu-
