1835 3240
89 179 172 221 648
602 177 772 219 BELLI
806 175 1213 217 ALEXANDRINI

165 306 234 346 gas
268 292 454 340 liaberet,
487 293 638 332 litteras
668 292 706 330 in
730 290 920 329 Achaiam
951 289 997 328 ad
1021 287 1071 340 Q.
1098 287 1289 329 Calenum
1322 290 1451 338 misit,
1488 290 1541 329 uti
1575 289 1646 329 sibi

117 359 142 400 3
165 359 329 400 classem
364 360 548 399 mitteret.
594 357 705 409 Quod
740 372 823 396 eum
857 357 1005 396 tardius
1040 357 1174 405 lieret,
1209 371 1319 409 quam
1343 358 1554 411 periculum
1579 371 1648 397 no-

167 434 337 467 strorum
373 427 597 479 flagitabat,
632 425 694 477 qui
729 425 925 464 sustinere
957 425 1141 477 impetum
1165 421 1308 464 Octaui
1339 440 1417 465 non
1449 432 1646 479 poterant.

165 495 331 535 nauibus
354 494 555 542 actuariis,
577 505 738 545 quarum
763 506 948 532 numerus
972 499 1055 531 erat
1079 492 1175 532 satis
1197 506 1362 545 magnus
1382 494 1647 545 magnitudine

117 562 142 602 4
165 576 394 616 quamquam
429 575 505 600 non
537 560 633 599 satis
656 560 759 599 iusta
783 561 828 599 ad
851 560 1116 613 proeliandum
1134 590 1144 609 ,
1179 566 1307 599 rostra
1331 559 1528 612 imposuit.
1574 560 1645 600 His

165 630 360 669 adiunctis
392 627 556 668 nauibus
587 627 717 680 longis
741 635 779 668 et
800 641 964 667 numero
987 627 1125 667 classis
1148 634 1263 667 aucto
1287 627 1470 666 militibus
1495 635 1649 667 uetera-

164 699 225 738 nis
248 696 462 750 impositis,
501 709 663 748 quorum
687 709 866 750 magnam
891 696 1039 748 copiam
1066 695 1231 734 habebat
1253 709 1303 734 ex
1326 695 1505 734 omnibus
1528 695 1649 747 legio-

164 765 292 814 nibus,
312 764 372 816 qui
397 777 561 803 numero
584 777 793 817 aegrorum
817 764 943 803 relicti
968 769 1080 803 erant
1102 762 1321 811 Brundisii,
1339 777 1422 802 cum
1447 763 1648 802 exercitus

163 833 201 872 in
226 832 432 872 Graeciam
467 838 828 885 transportaretur,
863 834 1059 885 profectus
1085 831 1205 870 estin
1228 829 1457 884 illyricum,
1488 830 1649 870 maritu-

165 914 246 939 mas
278 900 486 939 nonnullas
518 900 724 949 ciuitates,
758 914 857 953 quae
887 900 1114 939 defecerant
1136 897 1382 951 Octauioquc
1415 912 1457 938 se
1481 898 1649 938 tradide-

163 974 275 1017 rant,
310 968 449 1021 partim
484 968 723 1020 recipiebat,
759 968 896 1021 partim
921 974 1173 1008 remanentes
1195 967 1233 1006 in
1257 981 1328 1006 suo
1351 966 1514 1006 consilio
1537 980 1649 1020 prac-

116 1033 141 1074 5
165 1036 442 1076 terueliebatur
464 1050 535 1075 nec
558 1036 630 1076 sibi
654 1036 768 1076 ullius
788 1036 844 1076 rei
862 1050 1007 1075 moram
1029 1035 1381 1087 necessitatemque
1399 1034 1645 1088 iniungebat,

115 1101 141 1141 6
163 1103 253 1156 quin
277 1118 387 1156 quam
411 1105 615 1144 celerrime
639 1111 772 1158 posset
792 1104 915 1157 ipsum
942 1102 1151 1144 Octauium
1174 1109 1492 1156 persequeretur.
1531 1101 1647 1141 Hunc

163 1179 451 1225 oppugnantem
477 1171 713 1226 Epidaurum
746 1180 848 1212 terra
873 1173 1072 1224 marique,
1106 1172 1168 1210 ubi
1193 1178 1370 1210 nostrum
1394 1177 1478 1209 erat
1500 1171 1649 1223 praesi-

164 1239 266 1278 dium
284 1271 293 1288 ‚
331 1241 499 1280 aduentu
531 1254 602 1279 suo
636 1240 836 1279 discedere
859 1240 906 1278 ab
930 1240 1217 1293 oppugnatione
1241 1238 1371 1291 coegit
1392 1237 1647 1290 praesidium-

87 1305 145 1349 45
164 1320 237 1359 que
259 1314 435 1346 nostrum
458 1308 621 1361 recepit.
674 1305 884 1356 Octauius,
911 1322 996 1347 enm
1023 1306 1223 1347 Vatinium
1247 1306 1410 1345 classem
1436 1318 1573 1357 magna
1598 1318 1649 1344 ex

161 1381 270 1427 parte
294 1376 512 1415 confectam
537 1390 588 1415 ex
611 1375 803 1415 nauiculis
826 1376 1014 1415 actuariis
1039 1375 1182 1414 habere
1206 1379 1442 1427 cognosset,
1478 1373 1648 1412 confisus

112 1441 140 1481 2
161 1456 231 1482 sua
264 1443 390 1483 classe
422 1444 594 1483 substitit
629 1444 674 1483 ad
707 1444 873 1484 insulam
899 1443 1138 1493 Taiiride1113
1175 1456 1249 1495 qua
1279 1441 1442 1495 regione
1462 1439 1649 1481 Vatinius

160 1509 376 1563 insequens
405 1512 640 1566 nauigabat,
676 1526 753 1551 non
776 1527 852 1565 quo
875 1510 1083 1553 Octauium
1106 1511 1157 1551 ibi
1180 1510 1378 1550 restitisse
1401 1509 1544 1558 sciret,
1578 1508 1647 1548 sed

114 1578 138 1617 3
162 1579 261 1631 quod
295 1593 379 1618 eum
412 1579 566 1634 longius
600 1594 852 1634 progressum
884 1580 1034 1632 insequi
1069 1580 1314 1619 decreuerat.
1367 1575 1468 1618 Cum
1491 1575 1649 1630 propius

159 1645 370 1687 Tauridem
406 1648 642 1688 accessisset
675 1648 862 1702 dispersis
895 1648 974 1687 suis
1007 1648 1199 1697 nauibus,
1235 1646 1334 1700 quod
1368 1653 1406 1686 et
1436 1652 1646 1699 tempestas

161 1722 246 1755 erat
278 1715 503 1756 turbulenta
537 1724 574 1756 et
607 1717 709 1756 nulla
743 1716 914 1769 suspicio
938 1716 1085 1762 hostis.
1121 1722 1283 1768 repente
1306 1715 1510 1754 aduersam
1535 1713 1581 1752 ad
1604 1726 1646 1751 se

161 1784 384 1823 uenientem
413 1798 551 1824 nauem
575 1785 768 1824 antemnis
792 1785 837 1824 ad
862 1785 1024 1824 medium
1050 1783 1190 1822 malum
1215 1782 1393 1821 demissis
1416 1782 1645 1820 instructam

115 1850 140 1890 4
164 1852 517 1904 propugnatoribus
540 1853 833 1892 animaduertit.
879 1850 992 1904 Quod
1018 1852 1079 1891 ubi
1103 1850 1325 1904 conspexit,
1353 1849 1537 1889 celeriter
1558 1849 1646 1887 uela

160 1919 321 1959 subduci
363 1920 586 1972 demittique
627 1927 830 1960 antemnas
871 1921 980 1960 iubet
1012 1927 1050 1959 et
1080 1919 1223 1958 milites
1257 1918 1400 1957 armari
1433 1923 1472 1956 et
1502 1915 1647 1955 uexillo

160 1987 327 2036 sublato,
355 2002 430 2040 quo
453 1988 648 2041 pugnandi
674 1988 789 2028 dabat
810 1988 980 2042 signum,
999 2001 1098 2040 quae
1119 1986 1267 2040 primae
1290 1999 1413 2025 naues
1433 1983 1648 2036 subseque-

111 2053 135 2093 5
160 2055 301 2095 bantur
331 2055 431 2095 idem
466 2063 503 2095 ut
529 2057 729 2105 facerent,
764 2056 1024 2110 significabat.
1068 2053 1270 2095 Parabant
1292 2067 1334 2093 se
1356 2052 1560 2094 Vatiniani
1583 2064 1645 2091 re-

158 2130 272 2176 pente
305 2124 510 2177 oppressi3
548 2124 671 2178 parati
705 2125 887 2178 deinceps
913 2122 1122 2164 Octauiani
1156 2137 1204 2162 cx
1229 2129 1343 2175 portu
1366 2118 1642 2174 proc-edebant.

160 2190 376 2231 Instruitur
397 2192 590 2245 utrimque
613 2193 720 2232 acies
736 2224 745 2242 ‚
781 2193 919 2233 ordine
942 2192 1128 2245 disposita
1152 2190 1274 2242 magis
1298 2187 1517 2228 Octauiana
1536 2218 1545 2234 ‚
1580 2200 1645 2239 pa-

82 2259 138 2302 46
158 2260 281 2299 ratior
312 2260 473 2300 militum
508 2261 648 2300 animis
673 2259 902 2301 Vatiniana.
947 2258 1160 2308 Vatinius,
1197 2272 1282 2297 rum
1315 2257 1483 2297 animum
1507 2255 1645 2294 aduer-
1678 2261 1684 2270 ·

158 2334 259 2367 teret
300 2342 423 2381 neque
455 2329 611 2368 nauium
645 2343 688 2369 se
718 2329 987 2382 magnitudine
1022 2341 1146 2380 neque
1180 2339 1342 2366 numero
1376 2337 1506 2377 parem
1538 2335 1641 2371 esse,

303 2454 310 2485 1
330 2454 370 2484 ad
391 2453 430 2495 Q.
453 2454 613 2486 Calenum
636 2455 665 2485 in
684 2455 840 2486 Achaiam
864 2455 880 2485 b
900 2453 1081 2493 (iialenuin
1103 2455 1225 2483 eontra
1245 2450 1346 2481 codd.
1368 2451 1415 2489 ιι).
1556 2449 1576 2481 2
1589 2457 1644 2489 pe-

154 2505 252 2535 rieuli
273 2509 354 2535 anie
373 2516 464 2536 corr.
487 2517 519 2537 a.
671 2507 688 2538 3
709 2506 884 2538 Octauia.
1033 2506 1049 2536 5
1070 2513 1259 2546 quanquam
1280 2501 1346 2542 (ai.
1491 2511 1552 2531 non
1573 2511 1640 2531 om.

151 2568 172 2588 α
192 2558 209 2588 b
229 2569 256 2589 c.
417 2558 512 2589 iuxta
531 2570 564 2589 a.
723 2560 774 2590 his
794 2559 965 2590 adiunctis
985 2557 1235 2595 Vascosarzzzs5
1256 2555 1306 2586 liis
1327 2554 1507 2584 adiunctas
1528 2562 1560 2592 α,
1584 2552 1645 2583 has

151 2609 331 2640 adiunctas
350 2610 571 2651 reliqm'fere
590 2620 720 2641 (mines.
863 2613 881 2642 ¹.)
897 2610 1032 2652 illyrico
1053 2620 1087 2640 0.
1228 2607 1417 2638 maritimas
1437 2616 1457 2636 α
1471 2605 1501 2645 b,
1516 2604 1645 2635 mariti-

152 2671 288 2703 masque
308 2672 325 2691 c
343 2672 365 2692 u
384 2662 567 2701 (maritum.
588 2673 607 2693 (ι
627 2663 672 2703 r).
833 2662 871 2694 16
889 2662 998 2693 classe
1017 2671 1051 2691 a.
1210 2659 1249 2691 ’17
1269 2662 1501 2698 cognossem,
1523 2667 1646 2698 cogno-

151 2712 260 2744 nisset
278 2723 311 2743 η.
542 2714 581 2745 19
602 2724 665 2744 non
687 2724 751 2755 quo
772 2724 791 2744 a
812 2724 840 2751 e,
863 2724 925 2744 non
947 2712 1032 2754 qnod
1055 2722 1088 2743 tl.
1326 2711 1365 2745 21
1388 2709 1547 2752 dispersis
1566 2719 1643 2750 ego,

152 2763 312 2795 distersis
331 2773 351 2794 a
371 2764 388 2794 b
408 2775 445 2804 c;
466 2764 628 2796 distensis
647 2774 682 2795 π.
702 2764 742 2795 P.
766 2764 841 2796 197.
1017 2763 1061 2793 ‘22
1080 2762 1119 2793 ad
1141 2772 1177 2793 se
1197 2762 1389 2793 uenientem
1410 2761 1589 2792 aduersam
1611 2761 1642 2791 b.

295 2815 337 2847 ‘23
357 2816 525 2847 antemnis
546 2826 578 2855 a⁷
599 2826 668 2846 non
689 2815 860 2846 antennis.
1002 2814 1045 2847 24
1063 2813 1217 2844 aduertit
1236 2814 1266 2854 I),
1288 2813 1433 2844 animum
1455 2811 1606 2843 aduertit
1623 2820 1644 2841 a

152 2872 186 2900 et
204 2879 279 2900 enm
302 2879 369 2899 11710
389 2869 459 2900 det.
483 2880 516 2899 a.
685 2868 726 2899 ‘25
747 2867 939 2908 dimittique
959 2876 978 2898 a
1001 2867 1096 2897 ‘'mss.
1114 2865 1305 2908 plerique'.
1478 2869 1644 2896 antennas

151 2920 217 2960 (a).
361 2921 461 2952 iussit
483 2918 785 2961 ‘m.vs.pler1·qae'.
927 2919 969 2951 ‘27
990 2918 1229 2958 significabant
1248 2930 1281 2951 a.
1423 2918 1465 2952 2¹.)
1483 2917 1642 2958 utrinque

153 2971 218 3011 (a).
362 2971 402 3003 30
423 2972 567 3003 animum
589 2971 786 3002 aduerteret
806 2969 858 3010 (a)
880 2970 910 3009 b,
937 2980 1004 3001 non
1026 2969 1197 3002 animadu.

1678 569 1695 599 5

1686 906 1722 937 10

1684 1245 1721 1276 15

1680 1583 1722 1614 ‘20
