<?xml version="1.0" encoding="UTF-8"?>
<!DOCTYPE html PUBLIC "-//W3C//DTD XHTML 1.0 Transitional//EN"
    "http://www.w3.org/TR/xhtml1/DTD/xhtml1-transitional.dtd">
<html xmlns="http://www.w3.org/1999/xhtml" xml:lang="en" lang="en">
 <head>
  <title>
</title>
<meta http-equiv="Content-Type" content="text/html;charset=utf-8" />
  <meta name='ocr-system' content='tesseract 3.04.00' />
  <meta name='ocr-capabilities' content='ocr_page ocr_carea ocr_par ocr_line ocrx_word'/>
</head>
<body>
  <div class='ocr_page' id='page_1' title='image "./commentarii00caesuoft_0171.png"; bbox 0 0 1835 3240; ppageno 0'>
   <div class='ocr_carea' id='block_1_1' title="bbox 699 145 1122 185">
    <p class='ocr_par' dir='ltr' id='par_1_1' title="bbox 699 145 1122 185">
     <span class='ocr_line' id='line_1_1' title="bbox 699 145 1122 185; baseline 0.005 -1"><span class='ocrx_word' id='word_1_1' title='bbox 699 145 1122 185; x_wconf 71' lang='lat'><strong>—161—</strong></span> 
     </span>
    </p>
   </div>
   <div class='ocr_carea' id='block_1_2' title="bbox 135 257 1661 2833">
    <p class='ocr_par' dir='ltr' id='par_1_2' title="bbox 135 257 1661 2833">
     <span class='ocr_line' id='line_1_2' title="bbox 167 257 1643 319; baseline 0.001 -14"><span class='ocrx_word' id='word_1_2' title='bbox 167 265 253 304; x_wconf 88' lang='lat' dir='ltr'><strong>loco</strong></span> <span class='ocrx_word' id='word_1_3' title='bbox 282 260 476 301; x_wconf 79' lang='lat' dir='ltr'><strong>exciderit</strong></span> <span class='ocrx_word' id='word_1_4' title='bbox 515 259 692 300; x_wconf 83' lang='lat' dir='ltr'><strong>narratio</strong></span> <span class='ocrx_word' id='word_1_5' title='bbox 727 272 860 300; x_wconf 89' lang='lat' dir='ltr'><strong>rerum</strong></span> <span class='ocrx_word' id='word_1_6' title='bbox 892 274 915 300; x_wconf 86' lang='lat' dir='ltr'><strong>a</strong></span> <span class='ocrx_word' id='word_1_7' title='bbox 945 257 1102 300; x_wconf 90' lang='lat' dir='ltr'><strong>Libone</strong></span> <span class='ocrx_word' id='word_1_8' title='bbox 1133 266 1171 300; x_wconf 91' lang='lat' dir='ltr'><strong>et</strong></span> <span class='ocrx_word' id='word_1_9' title='bbox 1203 258 1373 302; x_wconf 87' lang='lat' dir='ltr'><strong>Octauio</strong></span> <span class='ocrx_word' id='word_1_10' title='bbox 1412 263 1453 303; x_wconf 87' lang='lat' dir='ltr'><strong>in</strong></span> <span class='ocrx_word' id='word_1_11' title='bbox 1484 263 1643 319; x_wconf 89' lang='lat' dir='ltr'><strong>Illyrico</strong></span> 
     </span>
     <span class='ocr_line' id='line_1_3' title="bbox 165 325 1644 384; baseline 0.002 -14"><span class='ocrx_word' id='word_1_12' title='bbox 165 336 388 384; x_wconf 86' lang='lat' dir='ltr'><strong>gestarum,</strong></span> <span class='ocrx_word' id='word_1_13' title='bbox 423 341 516 380; x_wconf 86' lang='lat' dir='ltr'><strong>quas</strong></span> <span class='ocrx_word' id='word_1_14' title='bbox 546 327 661 381; x_wconf 88' lang='lat' dir='ltr'><strong>paulo</strong></span> <span class='ocrx_word' id='word_1_15' title='bbox 690 334 807 367; x_wconf 86' lang='lat' dir='ltr'><strong>antea</strong></span> <span class='ocrx_word' id='word_1_16' title='bbox 839 327 1157 368; x_wconf 88' lang='lat' dir='ltr'><strong>commemoraui.</strong></span> <span class='ocrx_word' id='word_1_17' title='bbox 1198 325 1257 368; x_wconf 86' lang='lat' dir='ltr'><strong>Ita</strong></span> <span class='ocrx_word' id='word_1_18' title='bbox 1283 329 1400 369; x_wconf 88' lang='lat' dir='ltr'><strong>uerba</strong></span> <span class='ocrx_word' id='word_1_19' title='bbox 1422 331 1535 371; x_wconf 91' lang='lat' dir='ltr'><strong>initio</strong></span> <span class='ocrx_word' id='word_1_20' title='bbox 1559 348 1593 372; x_wconf 89' lang='lat' dir='ltr'><strong>c.</strong></span> <span class='ocrx_word' id='word_1_21' title='bbox 1618 332 1644 373; x_wconf 84' lang='lat'><strong>9</strong></span> 
     </span>
     <span class='ocr_line' id='line_1_4' title="bbox 163 394 1645 450; baseline 0.001 -14"><span class='ocrx_word' id='word_1_22' title='bbox 163 397 287 450; x_wconf 88' lang='lat' dir='ltr'><strong>posita</strong></span> <span class='ocrx_word' id='word_1_23' title='bbox 321 403 330 418; x_wconf 89' lang='lat'>‘</span> <span class='ocrx_word' id='word_1_24' title='bbox 346 396 523 435; x_wconf 83' lang='lat' dir='ltr'><strong>discessu</strong></span> <span class='ocrx_word' id='word_1_25' title='bbox 546 394 831 445; x_wconf 83' lang='lat' dir='ltr'><strong>Liburnarum&#39;</strong></span> <span class='ocrx_word' id='word_1_26' title='bbox 856 403 944 449; x_wconf 87' lang='lat' dir='ltr'><strong>apte</strong></span> <span class='ocrx_word' id='word_1_27' title='bbox 966 397 1194 436; x_wconf 85' lang='lat' dir='ltr'><strong>referuntur</strong></span> <span class='ocrx_word' id='word_1_28' title='bbox 1215 397 1262 436; x_wconf 89' lang='lat' dir='ltr'><strong>ad</strong></span> <span class='ocrx_word' id='word_1_29' title='bbox 1285 397 1499 437; x_wconf 79' lang='lat' dir='ltr'><strong>discessum</strong></span> <span class='ocrx_word' id='word_1_30' title='bbox 1522 397 1645 439; x_wconf 89' lang='lat' dir='ltr'><strong>Libo-</strong></span> 
     </span>
     <span class='ocr_line' id='line_1_5' title="bbox 160 461 1645 517; baseline 0.002 -13"><span class='ocrx_word' id='word_1_31' title='bbox 160 465 236 504; x_wconf 91' lang='lat' dir='ltr'><strong>nis.</strong></span> <span class='ocrx_word' id='word_1_32' title='bbox 278 462 370 504; x_wconf 85' lang='lat' dir='ltr'><strong>Illas</strong></span> <span class='ocrx_word' id='word_1_33' title='bbox 394 470 523 503; x_wconf 91' lang='lat' dir='ltr'><strong>autem</strong></span> <span class='ocrx_word' id='word_1_34' title='bbox 546 477 609 503; x_wconf 91' lang='lat' dir='ltr'><strong>res</strong></span> <span class='ocrx_word' id='word_1_35' title='bbox 631 463 671 503; x_wconf 91' lang='lat' dir='ltr'><strong>in</strong></span> <span class='ocrx_word' id='word_1_36' title='bbox 692 461 850 517; x_wconf 81' lang='lat' dir='ltr'><strong>Illyrico</strong></span> <span class='ocrx_word' id='word_1_37' title='bbox 882 470 1015 517; x_wconf 89' lang='lat' dir='ltr'><strong>gestas</strong></span> <span class='ocrx_word' id='word_1_38' title='bbox 1038 464 1085 504; x_wconf 93' lang='lat' dir='ltr'><strong>ab</strong></span> <span class='ocrx_word' id='word_1_39' title='bbox 1110 477 1152 503; x_wconf 89' lang='grc'><strong>56</strong></span> <span class='ocrx_word' id='word_1_40' title='bbox 1176 471 1356 504; x_wconf 88' lang='lat' dir='ltr'><strong>narratas</strong></span> <span class='ocrx_word' id='word_1_41' title='bbox 1379 478 1469 505; x_wconf 89' lang='lat' dir='ltr'><strong>esse</strong></span> <span class='ocrx_word' id='word_1_42' title='bbox 1492 462 1645 507; x_wconf 88' lang='lat' dir='ltr'><strong>Caesar</strong></span> 
     </span>
     <span class='ocr_line' id='line_1_6' title="bbox 158 528 1644 588; baseline 0.002 -16"><span class='ocrx_word' id='word_1_43' title='bbox 158 547 193 572; x_wconf 91' lang='grc'><strong>6.</strong></span> <span class='ocrx_word' id='word_1_44' title='bbox 217 530 287 579; x_wconf 83' lang='grc'><strong>67,</strong></span> <span class='ocrx_word' id='word_1_45' title='bbox 313 531 336 570; x_wconf 81' lang='grc'>5</span> <span class='ocrx_word' id='word_1_46' title='bbox 360 531 568 585; x_wconf 87' lang='lat' dir='ltr'><strong>significat,</strong></span> <span class='ocrx_word' id='word_1_47' title='bbox 595 531 660 571; x_wconf 91' lang='lat' dir='ltr'><strong>ubi</strong></span> <span class='ocrx_word' id='word_1_48' title='bbox 681 545 724 572; x_wconf 91' lang='lat' dir='ltr'><strong>se</strong></span> <span class='ocrx_word' id='word_1_49' title='bbox 747 532 966 572; x_wconf 81' lang='lat' dir='ltr'><strong>exercitum</strong></span> <span class='ocrx_word' id='word_1_50' title='bbox 989 528 1038 571; x_wconf 89' lang='lat' dir='ltr'><strong>C.</strong></span> <span class='ocrx_word' id='word_1_51' title='bbox 1063 530 1230 572; x_wconf 80' lang='lat' dir='ltr'>Antonii</span> <span class='ocrx_word' id='word_1_52' title='bbox 1254 546 1274 572; x_wconf 89' lang='lat' dir='ltr'><strong>a</strong></span> <span class='ocrx_word' id='word_1_53' title='bbox 1296 531 1343 572; x_wconf 89' lang='grc' dir='ltr'><strong>Τ.</strong></span> <span class='ocrx_word' id='word_1_54' title='bbox 1366 530 1534 573; x_wconf 84' lang='grc' dir='ltr'><strong>Ρ11116116</strong></span> <span class='ocrx_word' id='word_1_55' title='bbox 1556 548 1644 588; x_wconf 92' lang='lat' dir='ltr'><strong>pro-</strong></span> 
     </span>
     <span class='ocr_line' id='line_1_7' title="bbox 157 597 1642 653; baseline 0.001 -13"><span class='ocrx_word' id='word_1_56' title='bbox 157 600 277 641; x_wconf 89' lang='lat' dir='ltr'><strong>ditum</strong></span> <span class='ocrx_word' id='word_1_57' title='bbox 300 601 593 640; x_wconf 79' lang='lat' dir='ltr'><strong>demonstrasse</strong></span> <span class='ocrx_word' id='word_1_58' title='bbox 611 599 762 648; x_wconf 87' lang='lat' dir='ltr'><strong>scribit,</strong></span> <span class='ocrx_word' id='word_1_59' title='bbox 789 599 1042 653; x_wconf 85' lang='lat' dir='ltr'><strong>eiusdemque</strong></span> <span class='ocrx_word' id='word_1_60' title='bbox 1065 599 1122 639; x_wconf 91' lang='lat' dir='ltr'><strong>rei</strong></span> <span class='ocrx_word' id='word_1_61' title='bbox 1146 614 1180 639; x_wconf 91' lang='grc'><strong>6.</strong></span> <span class='ocrx_word' id='word_1_62' title='bbox 1199 597 1265 650; x_wconf 86' lang='grc'><strong>10,</strong></span> <span class='ocrx_word' id='word_1_63' title='bbox 1291 598 1315 640; x_wconf 86' lang='grc'>5</span> <span class='ocrx_word' id='word_1_64' title='bbox 1339 600 1527 640; x_wconf 80' lang='lat' dir='ltr'><strong>meminit:</strong></span> <span class='ocrx_word' id='word_1_65' title='bbox 1556 602 1642 641; x_wconf 89' lang='lat' dir='ltr'><strong>‘mi-</strong></span> 
     </span>
     <span class='ocr_line' id='line_1_8' title="bbox 155 665 1639 721; baseline 0.003 -15"><span class='ocrx_word' id='word_1_66' title='bbox 155 667 264 707; x_wconf 87' lang='lat' dir='ltr'><strong>litum</strong></span> <span class='ocrx_word' id='word_1_67' title='bbox 287 668 483 709; x_wconf 89' lang='lat' dir='ltr'><strong>deditione</strong></span> <span class='ocrx_word' id='word_1_68' title='bbox 504 668 552 708; x_wconf 87' lang='lat' dir='ltr'><strong>ad</strong></span> <span class='ocrx_word' id='word_1_69' title='bbox 565 666 811 721; x_wconf 84' lang='lat' dir='ltr'><strong>Corcyram&#39;.</strong></span> <span class='ocrx_word' id='word_1_70' title='bbox 845 667 977 720; x_wconf 87' lang='lat' dir='ltr'><strong>Atque</strong></span> <span class='ocrx_word' id='word_1_71' title='bbox 991 665 1189 707; x_wconf 78' lang='lat' dir='ltr'><strong>excidisse</strong></span> <span class='ocrx_word' id='word_1_72' title='bbox 1202 667 1341 707; x_wconf 87' lang='lat' dir='ltr'><strong>alicubi</strong></span> <span class='ocrx_word' id='word_1_73' title='bbox 1356 668 1493 709; x_wconf 90' lang='lat' dir='ltr'><strong>harum</strong></span> <span class='ocrx_word' id='word_1_74' title='bbox 1511 684 1639 710; x_wconf 87' lang='lat' dir='ltr'><strong>rerum</strong></span> 
     </span>
     <span class='ocr_line' id='line_1_9' title="bbox 155 734 1641 789; baseline 0.003 -15"><span class='ocrx_word' id='word_1_75' title='bbox 155 736 422 776; x_wconf 73' lang='lat' dir='ltr'><strong>narrationem</strong></span> <span class='ocrx_word' id='word_1_76' title='bbox 445 736 681 789; x_wconf 81' lang='lat' dir='ltr'><strong>interpretes</strong></span> <span class='ocrx_word' id='word_1_77' title='bbox 705 737 914 786; x_wconf 86' lang='lat' dir='ltr'><strong>uiderunt,</strong></span> <span class='ocrx_word' id='word_1_78' title='bbox 951 735 1018 775; x_wconf 89' lang='lat' dir='ltr'><strong>sed</strong></span> <span class='ocrx_word' id='word_1_79' title='bbox 1037 734 1165 775; x_wconf 90' lang='lat' dir='ltr'><strong>minus</strong></span> <span class='ocrx_word' id='word_1_80' title='bbox 1188 742 1297 776; x_wconf 85' lang='lat' dir='ltr'><strong>recte</strong></span> <span class='ocrx_word' id='word_1_81' title='bbox 1319 735 1357 775; x_wconf 95' lang='lat' dir='ltr'><strong>in</strong></span> <span class='ocrx_word' id='word_1_82' title='bbox 1381 737 1457 777; x_wconf 87' lang='lat' dir='ltr'><strong>fine</strong></span> <span class='ocrx_word' id='word_1_83' title='bbox 1478 739 1641 778; x_wconf 89' lang='lat' dir='ltr'><strong>secundi</strong></span> 
     </span>
     <span class='ocr_line' id='line_1_10' title="bbox 154 802 1641 846; baseline 0.001 -2"><span class='ocrx_word' id='word_1_84' title='bbox 154 804 424 844; x_wconf 83' lang='lat' dir='ltr'><strong>commentarii</strong></span> <span class='ocrx_word' id='word_1_85' title='bbox 447 804 519 843; x_wconf 88' lang='grc'><strong>1166</strong></span> <span class='ocrx_word' id='word_1_86' title='bbox 543 804 687 843; x_wconf 81' lang='lat' dir='ltr'><strong>factum</strong></span> <span class='ocrx_word' id='word_1_87' title='bbox 711 805 1060 845; x_wconf 88' lang='lat' dir='ltr'><strong>existimauerunt.</strong></span> <span class='ocrx_word' id='word_1_88' title='bbox 1102 802 1208 843; x_wconf 87' lang='lat' dir='ltr'><strong>Nam</strong></span> <span class='ocrx_word' id='word_1_89' title='bbox 1240 804 1313 844; x_wconf 90' lang='lat' dir='ltr'><strong>etsi</strong></span> <span class='ocrx_word' id='word_1_90' title='bbox 1347 804 1442 844; x_wconf 86' lang='lat' dir='ltr'><strong>haec</strong></span> <span class='ocrx_word' id='word_1_91' title='bbox 1474 818 1521 844; x_wconf 94' lang='lat' dir='ltr'><strong>eo</strong></span> <span class='ocrx_word' id='word_1_92' title='bbox 1544 812 1641 846; x_wconf 87' lang='lat' dir='ltr'><strong>tem-</strong></span> 
     </span>
     <span class='ocr_line' id='line_1_11' title="bbox 154 869 1639 926; baseline 0.003 -16"><span class='ocrx_word' id='word_1_93' title='bbox 154 885 246 924; x_wconf 88' lang='lat' dir='ltr'><strong>pore</strong></span> <span class='ocrx_word' id='word_1_94' title='bbox 268 879 381 925; x_wconf 87' lang='lat' dir='ltr'><strong>gesta</strong></span> <span class='ocrx_word' id='word_1_95' title='bbox 403 879 510 921; x_wconf 89' lang='lat' dir='ltr'><strong>sunt,</strong></span> <span class='ocrx_word' id='word_1_96' title='bbox 547 886 622 924; x_wconf 91' lang='lat' dir='ltr'><strong>quo</strong></span> <span class='ocrx_word' id='word_1_97' title='bbox 646 869 799 911; x_wconf 84' lang='lat' dir='ltr'><strong>Caesar</strong></span> <span class='ocrx_word' id='word_1_98' title='bbox 819 873 858 912; x_wconf 90' lang='lat' dir='ltr'><strong>in</strong></span> <span class='ocrx_word' id='word_1_99' title='bbox 881 871 1075 925; x_wconf 83' lang='lat' dir='ltr'><strong>Hispania</strong></span> <span class='ocrx_word' id='word_1_100' title='bbox 1097 880 1206 922; x_wconf 88' lang='lat' dir='ltr'><strong>erat,</strong></span> <span class='ocrx_word' id='word_1_101' title='bbox 1239 872 1277 912; x_wconf 90' lang='lat' dir='ltr'><strong>id</strong></span> <span class='ocrx_word' id='word_1_102' title='bbox 1300 871 1401 926; x_wconf 88' lang='lat' dir='ltr'><strong>quod</strong></span> <span class='ocrx_word' id='word_1_103' title='bbox 1424 886 1476 912; x_wconf 87' lang='lat' dir='ltr'><strong>ex</strong></span> <span class='ocrx_word' id='word_1_104' title='bbox 1498 870 1639 914; x_wconf 90' lang='lat' dir='ltr'><strong>Dionis</strong></span> 
     </span>
     <span class='ocr_line' id='line_1_12' title="bbox 151 938 1639 994; baseline 0.002 -15"><span class='ocrx_word' id='word_1_105' title='bbox 151 940 191 979; x_wconf 92' lang='grc'><strong>11.</strong></span> <span class='ocrx_word' id='word_1_106' title='bbox 218 941 301 980; x_wconf 88' lang='lat' dir='ltr'><strong>citt.</strong></span> <span class='ocrx_word' id='word_1_107' title='bbox 328 948 367 981; x_wconf 87' lang='lat' dir='ltr'><strong>et</strong></span> <span class='ocrx_word' id='word_1_108' title='bbox 386 940 556 993; x_wconf 88' lang='lat' dir='ltr'><strong>Appian.</strong></span> <span class='ocrx_word' id='word_1_109' title='bbox 581 940 619 979; x_wconf 89' lang='lat' dir='ltr'><strong>b.</strong></span> <span class='ocrx_word' id='word_1_110' title='bbox 646 940 722 980; x_wconf 78' lang='lat' dir='ltr'><strong>eiu.</strong></span> <span class='ocrx_word' id='word_1_111' title='bbox 748 939 802 990; x_wconf 88' lang='lat' dir='ltr'><strong>Il,</strong></span> <span class='ocrx_word' id='word_1_112' title='bbox 827 939 882 981; x_wconf 84' lang='lat'><strong>47</strong></span> <span class='ocrx_word' id='word_1_113' title='bbox 904 947 1081 994; x_wconf 87' lang='lat' dir='ltr'><strong>apparet,</strong></span> <span class='ocrx_word' id='word_1_114' title='bbox 1107 947 1238 980; x_wconf 85' lang='lat' dir='ltr'><strong>tamen</strong></span> <span class='ocrx_word' id='word_1_115' title='bbox 1262 953 1324 979; x_wconf 89' lang='lat' dir='ltr'><strong>res</strong></span> <span class='ocrx_word' id='word_1_116' title='bbox 1348 954 1368 979; x_wconf 89' lang='lat' dir='ltr'><strong>a</strong></span> <span class='ocrx_word' id='word_1_117' title='bbox 1389 938 1639 994; x_wconf 84' lang='lat' dir='ltr'><strong>Pompeianis</strong></span> 
     </span>
     <span class='ocr_line' id='line_1_13' title="bbox 150 1005 1640 1062; baseline 0.003 -16"><span class='ocrx_word' id='word_1_118' title='bbox 150 1007 189 1047; x_wconf 91' lang='lat' dir='ltr'><strong>in</strong></span> <span class='ocrx_word' id='word_1_119' title='bbox 204 1005 372 1048; x_wconf 84' lang='lat' dir='ltr'><strong>Graecia</strong></span> <span class='ocrx_word' id='word_1_120' title='bbox 395 1014 531 1062; x_wconf 83' lang='lat' dir='ltr'><strong>gestae</strong></span> <span class='ocrx_word' id='word_1_121' title='bbox 554 1016 593 1048; x_wconf 89' lang='lat' dir='ltr'><strong>et</strong></span> <span class='ocrx_word' id='word_1_122' title='bbox 615 1008 734 1048; x_wconf 91' lang='lat' dir='ltr'><strong>multo</strong></span> <span class='ocrx_word' id='word_1_123' title='bbox 758 1009 886 1061; x_wconf 86' lang='lat' dir='ltr'><strong>aptius</strong></span> <span class='ocrx_word' id='word_1_124' title='bbox 909 1008 999 1048; x_wconf 88' lang='grc'><strong>111116</strong></span> <span class='ocrx_word' id='word_1_125' title='bbox 1021 1009 1108 1048; x_wconf 88' lang='grc'><strong>1066</strong></span> <span class='ocrx_word' id='word_1_126' title='bbox 1132 1007 1458 1058; x_wconf 80' lang='lat' dir='ltr'><strong>reseruabantur,</strong></span> <span class='ocrx_word' id='word_1_127' title='bbox 1483 1005 1640 1050; x_wconf 88' lang='lat' dir='ltr'><strong>utCae-</strong></span> 
     </span>
     <span class='ocr_line' id='line_1_14' title="bbox 149 1076 1635 1130; baseline 0.002 -15"><span class='ocrx_word' id='word_1_128' title='bbox 149 1089 230 1125; x_wconf 86' lang='lat' dir='ltr'><strong>sar,</strong></span> <span class='ocrx_word' id='word_1_129' title='bbox 255 1090 366 1128; x_wconf 88' lang='lat' dir='ltr'><strong>quem</strong></span> <span class='ocrx_word' id='word_1_130' title='bbox 390 1082 536 1116; x_wconf 86' lang='lat' dir='ltr'><strong>statum</strong></span> <span class='ocrx_word' id='word_1_131' title='bbox 558 1090 689 1117; x_wconf 89' lang='lat' dir='ltr'><strong>rerum</strong></span> <span class='ocrx_word' id='word_1_132' title='bbox 712 1078 811 1130; x_wconf 89' lang='lat' dir='ltr'><strong>apud</strong></span> <span class='ocrx_word' id='word_1_133' title='bbox 835 1076 1088 1118; x_wconf 85' lang='lat' dir='ltr'><strong>aduersarios</strong></span> <span class='ocrx_word' id='word_1_134' title='bbox 1111 1077 1283 1116; x_wconf 81' lang='lat' dir='ltr'><strong>aduente</strong></span> <span class='ocrx_word' id='word_1_135' title='bbox 1304 1090 1375 1116; x_wconf 92' lang='lat' dir='ltr'><strong>suo</strong></span> <span class='ocrx_word' id='word_1_136' title='bbox 1389 1077 1635 1128; x_wconf 82' lang='lat' dir='ltr'><strong>offendisset,</strong></span> 
     </span>
     <span class='ocr_line' id='line_1_15' title="bbox 149 1143 1636 1199; baseline 0.003 -16"><span class='ocrx_word' id='word_1_137' title='bbox 149 1143 454 1194; x_wconf 75' lang='lat' dir='ltr'><strong>demonstraret,</strong></span> <span class='ocrx_word' id='word_1_138' title='bbox 489 1151 528 1184; x_wconf 85' lang='lat' dir='ltr'><strong>et</strong></span> <span class='ocrx_word' id='word_1_139' title='bbox 550 1144 610 1184; x_wconf 91' lang='lat' dir='ltr'><strong>hic</strong></span> <span class='ocrx_word' id='word_1_140' title='bbox 632 1144 715 1199; x_wconf 88' lang='lat' dir='ltr'><strong>ipse</strong></span> <span class='ocrx_word' id='word_1_141' title='bbox 736 1145 849 1185; x_wconf 87' lang='lat' dir='ltr'><strong>locus</strong></span> <span class='ocrx_word' id='word_1_142' title='bbox 863 1145 1060 1185; x_wconf 78' lang='lat' dir='ltr'><strong>excidisse</strong></span> <span class='ocrx_word' id='word_1_143' title='bbox 1073 1143 1417 1198; x_wconf 83' lang='lat' dir='ltr'><strong>quaedamindicio</strong></span> <span class='ocrx_word' id='word_1_144' title='bbox 1436 1152 1511 1195; x_wconf 90' lang='lat' dir='ltr'><strong>est,</strong></span> <span class='ocrx_word' id='word_1_145' title='bbox 1538 1161 1636 1199; x_wconf 88' lang='lat' dir='ltr'><strong>quae</strong></span> 
     </span>
     <span class='ocr_line' id='line_1_16' title="bbox 147 1211 1636 1267; baseline 0.003 -16"><span class='ocrx_word' id='word_1_146' title='bbox 147 1211 224 1251; x_wconf 86' lang='lat' dir='ltr'><strong>alia</strong></span> <span class='ocrx_word' id='word_1_147' title='bbox 245 1225 334 1252; x_wconf 88' lang='lat' dir='ltr'><strong>esse</strong></span> <span class='ocrx_word' id='word_1_148' title='bbox 356 1226 434 1252; x_wconf 90' lang='lat' dir='ltr'><strong>non</strong></span> <span class='ocrx_word' id='word_1_149' title='bbox 445 1219 671 1265; x_wconf 81' lang='lat' dir='ltr'><strong>potuerunt.</strong></span> <span class='ocrx_word' id='word_1_150' title='bbox 704 1212 849 1266; x_wconf 91' lang='lat' dir='ltr'><strong>Neque</strong></span> <span class='ocrx_word' id='word_1_151' title='bbox 872 1220 1033 1253; x_wconf 90' lang='lat' dir='ltr'><strong>nostrae</strong></span> <span class='ocrx_word' id='word_1_152' title='bbox 1056 1212 1277 1253; x_wconf 86' lang='lat' dir='ltr'><strong>sententiae</strong></span> <span class='ocrx_word' id='word_1_153' title='bbox 1300 1220 1508 1266; x_wconf 80' lang='lat' dir='ltr'><strong>repugnat,</strong></span> <span class='ocrx_word' id='word_1_154' title='bbox 1535 1215 1636 1267; x_wconf 90' lang='lat' dir='ltr'><strong>quod</strong></span> 
     </span>
     <span class='ocr_line' id='line_1_17' title="bbox 149 1279 1636 1335; baseline 0.002 -16"><span class='ocrx_word' id='word_1_155' title='bbox 149 1280 224 1319; x_wconf 91' lang='lat' dir='ltr'><strong>iam</strong></span> <span class='ocrx_word' id='word_1_156' title='bbox 248 1295 282 1319; x_wconf 88' lang='grc'><strong>6.</strong></span> <span class='ocrx_word' id='word_1_157' title='bbox 307 1279 333 1319; x_wconf 87' lang='grc'>4</span> <span class='ocrx_word' id='word_1_158' title='bbox 355 1280 395 1319; x_wconf 83' lang='grc'><strong>111</strong></span> <span class='ocrx_word' id='word_1_159' title='bbox 418 1293 583 1321; x_wconf 87' lang='lat' dir='ltr'><strong>recensu</strong></span> <span class='ocrx_word' id='word_1_160' title='bbox 606 1281 804 1334; x_wconf 85' lang='lat' dir='ltr'><strong>copiarum</strong></span> <span class='ocrx_word' id='word_1_161' title='bbox 826 1279 1003 1335; x_wconf 89' lang='lat' dir='ltr'><strong>Pompeii</strong></span> <span class='ocrx_word' id='word_1_162' title='bbox 1027 1281 1122 1321; x_wconf 85' lang='lat' dir='ltr'><strong>haec</strong></span> <span class='ocrx_word' id='word_1_163' title='bbox 1145 1281 1354 1334; x_wconf 87' lang='lat' dir='ltr'><strong>leguntur:</strong></span> <span class='ocrx_word' id='word_1_164' title='bbox 1384 1286 1393 1304; x_wconf 88' lang='lat'>‘</span> <span class='ocrx_word' id='word_1_165' title='bbox 1412 1280 1484 1321; x_wconf 86' lang='lat' dir='ltr'><strong>His</strong></span> <span class='ocrx_word' id='word_1_166' title='bbox 1506 1280 1636 1323; x_wconf 91' lang='lat' dir='ltr'><strong>Anto-</strong></span> 
     </span>
     <span class='ocr_line' id='line_1_18' title="bbox 149 1347 1635 1403; baseline 0.003 -17"><span class='ocrx_word' id='word_1_167' title='bbox 149 1348 288 1387; x_wconf 87' lang='lat' dir='ltr'><strong>nianos</strong></span> <span class='ocrx_word' id='word_1_168' title='bbox 310 1348 452 1388; x_wconf 84' lang='lat' dir='ltr'><strong>milites</strong></span> <span class='ocrx_word' id='word_1_169' title='bbox 475 1348 775 1388; x_wconf 82' lang='lat' dir='ltr'><strong>admiscuerat&#39;.</strong></span> <span class='ocrx_word' id='word_1_170' title='bbox 814 1347 873 1388; x_wconf 92' lang='lat' dir='ltr'><strong>Ibi</strong></span> <span class='ocrx_word' id='word_1_171' title='bbox 906 1349 1009 1389; x_wconf 90' lang='lat' dir='ltr'><strong>enim</strong></span> <span class='ocrx_word' id='word_1_172' title='bbox 1041 1363 1178 1389; x_wconf 90' lang='lat' dir='ltr'><strong>omnes</strong></span> <span class='ocrx_word' id='word_1_173' title='bbox 1209 1349 1345 1403; x_wconf 87' lang='lat' dir='ltr'><strong>copiae</strong></span> <span class='ocrx_word' id='word_1_174' title='bbox 1366 1352 1635 1393; x_wconf 82' lang='lat' dir='ltr'><strong>recensendae</strong></span> 
     </span>
     <span class='ocr_line' id='line_1_19' title="bbox 149 1413 1634 1470; baseline 0.003 -16"><span class='ocrx_word' id='word_1_175' title='bbox 149 1422 277 1464; x_wconf 86' lang='lat' dir='ltr'><strong>erant,</strong></span> <span class='ocrx_word' id='word_1_176' title='bbox 301 1429 397 1468; x_wconf 91' lang='lat' dir='ltr'><strong>quas</strong></span> <span class='ocrx_word' id='word_1_177' title='bbox 419 1414 629 1469; x_wconf 89' lang='lat' dir='ltr'><strong>Pompeius</strong></span> <span class='ocrx_word' id='word_1_178' title='bbox 652 1416 824 1456; x_wconf 91' lang='lat' dir='ltr'><strong>aduentu</strong></span> <span class='ocrx_word' id='word_1_179' title='bbox 847 1413 1033 1456; x_wconf 79' lang='lat' dir='ltr'><strong>Caesaris</strong></span> <span class='ocrx_word' id='word_1_180' title='bbox 1057 1416 1238 1466; x_wconf 88' lang='lat' dir='ltr'><strong>habebat,</strong></span> <span class='ocrx_word' id='word_1_181' title='bbox 1268 1431 1395 1470; x_wconf 84' lang='lat' dir='ltr'><strong>neque</strong></span> <span class='ocrx_word' id='word_1_182' title='bbox 1417 1419 1634 1459; x_wconf 87' lang='lat' dir='ltr'><strong>uerendum</strong></span> 
     </span>
     <span class='ocr_line' id='line_1_20' title="bbox 148 1483 1661 1543; baseline 0.004 -22"><span class='ocrx_word' id='word_1_183' title='bbox 148 1491 246 1532; x_wconf 80' lang='lat' dir='ltr'><strong>erat,</strong></span> <span class='ocrx_word' id='word_1_184' title='bbox 281 1497 329 1523; x_wconf 89' lang='grc'><strong>116</strong></span> <span class='ocrx_word' id='word_1_185' title='bbox 351 1483 528 1536; x_wconf 87' lang='lat' dir='ltr'><strong>legentes</strong></span> <span class='ocrx_word' id='word_1_186' title='bbox 551 1484 598 1524; x_wconf 90' lang='lat' dir='ltr'><strong>iis</strong></span> <span class='ocrx_word' id='word_1_187' title='bbox 621 1483 752 1524; x_wconf 86' lang='lat' dir='ltr'><strong>uerbis</strong></span> <span class='ocrx_word' id='word_1_188' title='bbox 775 1484 1119 1537; x_wconf 83' lang='lat' dir='ltr'><strong>perturbarentur,</strong></span> <span class='ocrx_word' id='word_1_189' title='bbox 1154 1485 1385 1538; x_wconf 90' lang='lat' dir='ltr'><strong>praesertim</strong></span> <span class='ocrx_word' id='word_1_190' title='bbox 1410 1500 1495 1526; x_wconf 88' lang='lat' dir='ltr'><strong>eum</strong></span> <span class='ocrx_word' id='word_1_191' title='bbox 1518 1487 1633 1540; x_wconf 87' lang='lat' dir='ltr'><strong>paulo</strong></span> <span class='ocrx_word' id='word_1_192' title='bbox 1652 1542 1661 1543; x_wconf 18' lang='grc' dir='ltr'><strong><em>ἶ</em></strong></span> 
     </span>
     <span class='ocr_line' id='line_1_21' title="bbox 147 1550 1635 1605; baseline 0.006 -18"><span class='ocrx_word' id='word_1_193' title='bbox 147 1557 233 1602; x_wconf 88' lang='lat' dir='ltr'><strong>post</strong></span> <span class='ocrx_word' id='word_1_194' title='bbox 255 1551 301 1590; x_wconf 92' lang='lat' dir='ltr'><strong>de</strong></span> <span class='ocrx_word' id='word_1_195' title='bbox 325 1551 382 1590; x_wconf 91' lang='lat' dir='ltr'><strong>his</strong></span> <span class='ocrx_word' id='word_1_196' title='bbox 402 1551 521 1590; x_wconf 89' lang='lat' dir='ltr'><strong>rebus</strong></span> <span class='ocrx_word' id='word_1_197' title='bbox 544 1552 822 1592; x_wconf 82' lang='lat' dir='ltr'><strong>edocerentur.</strong></span> <span class='ocrx_word' id='word_1_198' title='bbox 863 1550 1009 1605; x_wconf 88' lang='lat' dir='ltr'><strong>Neque</strong></span> <span class='ocrx_word' id='word_1_199' title='bbox 1038 1552 1197 1592; x_wconf 84' lang='lat' dir='ltr'><strong>omnino</strong></span> <span class='ocrx_word' id='word_1_200' title='bbox 1231 1559 1307 1592; x_wconf 88' lang='lat' dir='ltr'><strong>tam</strong></span> <span class='ocrx_word' id='word_1_201' title='bbox 1336 1554 1457 1594; x_wconf 84' lang='lat' dir='ltr'><strong>anxie</strong></span> <span class='ocrx_word' id='word_1_202' title='bbox 1480 1551 1635 1596; x_wconf 84' lang='lat' dir='ltr'><strong>Caesar</strong></span> 
     </span>
     <span class='ocr_line' id='line_1_22' title="bbox 143 1616 1632 1676; baseline 0.006 -21"><span class='ocrx_word' id='word_1_203' title='bbox 143 1617 351 1671; x_wconf 81' lang='lat' dir='ltr'><strong>scripsisse</strong></span> <span class='ocrx_word' id='word_1_204' title='bbox 375 1618 499 1657; x_wconf 87' lang='lat' dir='ltr'><strong>uideri</strong></span> <span class='ocrx_word' id='word_1_205' title='bbox 522 1618 649 1658; x_wconf 86' lang='lat' dir='ltr'><strong>debet.</strong></span> <span class='ocrx_word' id='word_1_206' title='bbox 679 1616 880 1659; x_wconf 87' lang='lat' dir='ltr'><strong>Subiciam</strong></span> <span class='ocrx_word' id='word_1_207' title='bbox 893 1627 1039 1669; x_wconf 89' lang='lat' dir='ltr'><strong>autem,</strong></span> <span class='ocrx_word' id='word_1_208' title='bbox 1065 1634 1163 1673; x_wconf 91' lang='lat' dir='ltr'><strong>quae</strong></span> <span class='ocrx_word' id='word_1_209' title='bbox 1179 1634 1240 1660; x_wconf 91' lang='lat' dir='ltr'><strong>res</strong></span> <span class='ocrx_word' id='word_1_210' title='bbox 1257 1627 1414 1673; x_wconf 87' lang='lat' dir='ltr'><strong>praeter</strong></span> <span class='ocrx_word' id='word_1_211' title='bbox 1426 1635 1510 1672; x_wconf 86' lang='lat' dir='ltr'><strong>eas,</strong></span> <span class='ocrx_word' id='word_1_212' title='bbox 1535 1637 1632 1676; x_wconf 89' lang='lat' dir='ltr'><strong>quas</strong></span> 
     </span>
     <span class='ocr_line' id='line_1_23' title="bbox 144 1685 1632 1744; baseline 0.005 -21"><span class='ocrx_word' id='word_1_213' title='bbox 144 1685 256 1724; x_wconf 91' lang='lat' dir='ltr'><strong>modo</strong></span> <span class='ocrx_word' id='word_1_214' title='bbox 279 1685 595 1734; x_wconf 89' lang='lat' dir='ltr'><strong>commemoraui,</strong></span> <span class='ocrx_word' id='word_1_215' title='bbox 622 1699 675 1725; x_wconf 84' lang='lat' dir='ltr'><strong>ex</strong></span> <span class='ocrx_word' id='word_1_216' title='bbox 697 1686 755 1726; x_wconf 92' lang='lat' dir='ltr'><strong>his</strong></span> <span class='ocrx_word' id='word_1_217' title='bbox 779 1688 1072 1728; x_wconf 88' lang='lat' dir='ltr'><strong>commentariis</strong></span> <span class='ocrx_word' id='word_1_218' title='bbox 1095 1688 1293 1728; x_wconf 86' lang='lat' dir='ltr'><strong>excidisse</strong></span> <span class='ocrx_word' id='word_1_219' title='bbox 1316 1695 1354 1728; x_wconf 91' lang='lat' dir='ltr'><strong>et</strong></span> <span class='ocrx_word' id='word_1_220' title='bbox 1375 1703 1451 1741; x_wconf 93' lang='lat' dir='ltr'><strong>quo</strong></span> <span class='ocrx_word' id='word_1_221' title='bbox 1465 1690 1551 1730; x_wconf 90' lang='lat' dir='ltr'><strong>loco</strong></span> <span class='ocrx_word' id='word_1_222' title='bbox 1565 1705 1632 1744; x_wconf 86' lang='lat' dir='ltr'><strong>po—</strong></span> 
     </span>
     <span class='ocr_line' id='line_1_24' title="bbox 143 1752 1631 1809; baseline 0.005 -18"><span class='ocrx_word' id='word_1_223' title='bbox 143 1753 241 1792; x_wconf 86' lang='lat' dir='ltr'><strong>sitae</strong></span> <span class='ocrx_word' id='word_1_224' title='bbox 264 1752 384 1793; x_wconf 89' lang='lat' dir='ltr'><strong>fuisse</strong></span> <span class='ocrx_word' id='word_1_225' title='bbox 407 1753 631 1793; x_wconf 88' lang='lat' dir='ltr'><strong>uideantur.</strong></span> <span class='ocrx_word' id='word_1_226' title='bbox 674 1752 850 1794; x_wconf 86' lang='lat' dir='ltr'><strong>Primum</strong></span> <span class='ocrx_word' id='word_1_227' title='bbox 881 1756 980 1808; x_wconf 89' lang='lat' dir='ltr'><strong>quod</strong></span> <span class='ocrx_word' id='word_1_228' title='bbox 1011 1756 1189 1797; x_wconf 85' lang='lat' dir='ltr'><strong>nonnulli</strong></span> <span class='ocrx_word' id='word_1_229' title='bbox 1211 1756 1358 1809; x_wconf 84' lang='lat' dir='ltr'><strong>opinati</strong></span> <span class='ocrx_word' id='word_1_230' title='bbox 1380 1764 1473 1797; x_wconf 93' lang='lat' dir='ltr'><strong>sunt</strong></span> <span class='ocrx_word' id='word_1_231' title='bbox 1493 1772 1631 1799; x_wconf 86' lang='lat' dir='ltr'><strong>narra-</strong></span> 
     </span>
     <span class='ocr_line' id='line_1_25' title="bbox 142 1820 1632 1877; baseline 0.005 -18"><span class='ocrx_word' id='word_1_232' title='bbox 142 1820 285 1860; x_wconf 84' lang='lat' dir='ltr'><strong>tionem</strong></span> <span class='ocrx_word' id='word_1_233' title='bbox 310 1820 515 1861; x_wconf 88' lang='lat' dir='ltr'><strong>seditionis</strong></span> <span class='ocrx_word' id='word_1_234' title='bbox 537 1820 700 1861; x_wconf 87' lang='lat' dir='ltr'><strong>militum</strong></span> <span class='ocrx_word' id='word_1_235' title='bbox 723 1824 822 1876; x_wconf 91' lang='lat' dir='ltr'><strong>apud</strong></span> <span class='ocrx_word' id='word_1_236' title='bbox 844 1822 1114 1874; x_wconf 79' lang='lat' dir='ltr'><strong>Placentiam,</strong></span> <span class='ocrx_word' id='word_1_237' title='bbox 1151 1838 1250 1877; x_wconf 86' lang='lat' dir='ltr'><strong>quae</strong></span> <span class='ocrx_word' id='word_1_238' title='bbox 1281 1824 1354 1865; x_wconf 91' lang='lat' dir='ltr'><strong>sub</strong></span> <span class='ocrx_word' id='word_1_239' title='bbox 1385 1826 1554 1866; x_wconf 87' lang='lat' dir='ltr'><strong>reditum</strong></span> <span class='ocrx_word' id='word_1_240' title='bbox 1579 1840 1632 1867; x_wconf 83' lang='lat' dir='ltr'><strong>ex</strong></span> 
     </span>
     <span class='ocr_line' id='line_1_26' title="bbox 142 1886 1630 1946; baseline 0.006 -19"><span class='ocrx_word' id='word_1_241' title='bbox 142 1886 334 1942; x_wconf 82' lang='lat' dir='ltr'><strong>Hispania</strong></span> <span class='ocrx_word' id='word_1_242' title='bbox 357 1886 543 1930; x_wconf 85' lang='lat' dir='ltr'><strong>Caesaris</strong></span> <span class='ocrx_word' id='word_1_243' title='bbox 565 1890 730 1940; x_wconf 85' lang='lat' dir='ltr'><strong>accidit,</strong></span> <span class='ocrx_word' id='word_1_244' title='bbox 770 1891 811 1931; x_wconf 90' lang='lat' dir='ltr'><strong>in</strong></span> <span class='ocrx_word' id='word_1_245' title='bbox 835 1891 894 1932; x_wconf 93' lang='lat' dir='ltr'><strong>his</strong></span> <span class='ocrx_word' id='word_1_246' title='bbox 916 1892 1026 1933; x_wconf 86' lang='lat' dir='ltr'><strong>libris</strong></span> <span class='ocrx_word' id='word_1_247' title='bbox 1050 1892 1222 1946; x_wconf 89' lang='lat' dir='ltr'><strong>perisse,</strong></span> <span class='ocrx_word' id='word_1_248' title='bbox 1258 1906 1344 1932; x_wconf 89' lang='lat' dir='ltr'><strong>eam</strong></span> <span class='ocrx_word' id='word_1_249' title='bbox 1369 1906 1451 1934; x_wconf 88' lang='lat' dir='ltr'><strong>rem</strong></span> <span class='ocrx_word' id='word_1_250' title='bbox 1481 1908 1503 1934; x_wconf 87' lang='lat' dir='ltr'><strong>a</strong></span> <span class='ocrx_word' id='word_1_251' title='bbox 1527 1893 1630 1936; x_wconf 84' lang='lat' dir='ltr'><strong>Cae-</strong></span> 
     </span>
     <span class='ocr_line' id='line_1_27' title="bbox 142 1957 1628 2011; baseline 0.007 -17"><span class='ocrx_word' id='word_1_252' title='bbox 142 1968 231 1995; x_wconf 88' lang='lat' dir='ltr'><strong>sare</strong></span> <span class='ocrx_word' id='word_1_253' title='bbox 263 1957 427 1997; x_wconf 86' lang='lat' dir='ltr'><strong>relatam</strong></span> <span class='ocrx_word' id='word_1_254' title='bbox 459 1972 547 1998; x_wconf 89' lang='lat' dir='ltr'><strong>esse</strong></span> <span class='ocrx_word' id='word_1_255' title='bbox 578 1959 792 2000; x_wconf 89' lang='lat' dir='ltr'><strong>uerisimile</strong></span> <span class='ocrx_word' id='word_1_256' title='bbox 824 1974 904 2000; x_wconf 92' lang='lat' dir='ltr'><strong>non</strong></span> <span class='ocrx_word' id='word_1_257' title='bbox 935 1967 1009 2002; x_wconf 87' lang='lat' dir='ltr'><strong>est.</strong></span> <span class='ocrx_word' id='word_1_258' title='bbox 1063 1959 1143 2002; x_wconf 91' lang='lat' dir='ltr'><strong>Sed</strong></span> <span class='ocrx_word' id='word_1_259' title='bbox 1173 1975 1208 2000; x_wconf 89' lang='grc'><strong>6.</strong></span> <span class='ocrx_word' id='word_1_260' title='bbox 1233 1959 1304 2011; x_wconf 84' lang='grc'><strong>88,</strong></span> <span class='ocrx_word' id='word_1_261' title='bbox 1337 1960 1364 2000; x_wconf 80' lang='lat'><strong>2</strong></span> <span class='ocrx_word' id='word_1_262' title='bbox 1386 1961 1494 2002; x_wconf 87' lang='lat' dir='ltr'><strong>tertii</strong></span> <span class='ocrx_word' id='word_1_263' title='bbox 1515 1962 1628 2005; x_wconf 90' lang='lat' dir='ltr'><strong>huius</strong></span> 
     </span>
     <span class='ocr_line' id='line_1_28' title="bbox 141 2025 1629 2083; baseline 0.006 -20"><span class='ocrx_word' id='word_1_264' title='bbox 141 2025 411 2065; x_wconf 88' lang='lat' dir='ltr'><strong>commentarii</strong></span> <span class='ocrx_word' id='word_1_265' title='bbox 442 2026 624 2066; x_wconf 89' lang='lat' dir='ltr'><strong>cohortes</strong></span> <span class='ocrx_word' id='word_1_266' title='bbox 656 2026 855 2082; x_wconf 90' lang='lat' dir='ltr'><strong>Hispanas</strong></span> <span class='ocrx_word' id='word_1_267' title='bbox 887 2029 934 2068; x_wconf 91' lang='lat' dir='ltr'><strong>ab</strong></span> <span class='ocrx_word' id='word_1_268' title='bbox 958 2029 1126 2070; x_wconf 87' lang='lat' dir='ltr'><strong>Afranio</strong></span> <span class='ocrx_word' id='word_1_269' title='bbox 1155 2029 1202 2069; x_wconf 88' lang='lat' dir='ltr'><strong>ad</strong></span> <span class='ocrx_word' id='word_1_270' title='bbox 1235 2027 1466 2083; x_wconf 90' lang='lat' dir='ltr'><strong>Pompeium</strong></span> <span class='ocrx_word' id='word_1_271' title='bbox 1495 2032 1629 2072; x_wconf 82' lang='lat' dir='ltr'><strong>tradu-</strong></span> 
     </span>
     <span class='ocr_line' id='line_1_29' title="bbox 139 2090 1627 2153; baseline 0.006 -23"><span class='ocrx_word' id='word_1_272' title='bbox 139 2097 223 2131; x_wconf 86' lang='lat' dir='ltr'><strong>ctas</strong></span> <span class='ocrx_word' id='word_1_273' title='bbox 256 2105 343 2133; x_wconf 89' lang='lat' dir='ltr'><strong>esse</strong></span> <span class='ocrx_word' id='word_1_274' title='bbox 366 2090 518 2135; x_wconf 88' lang='lat' dir='ltr'><strong>Caesar</strong></span> <span class='ocrx_word' id='word_1_275' title='bbox 548 2108 592 2137; x_wconf 91' lang='lat' dir='ltr'><strong>se</strong></span> <span class='ocrx_word' id='word_1_276' title='bbox 615 2096 797 2137; x_wconf 89' lang='lat' dir='ltr'><strong>docuisse</strong></span> <span class='ocrx_word' id='word_1_277' title='bbox 818 2096 979 2147; x_wconf 85' lang='lat' dir='ltr'><strong>scribit,</strong></span> <span class='ocrx_word' id='word_1_278' title='bbox 1014 2097 1061 2138; x_wconf 87' lang='lat' dir='ltr'><strong>de</strong></span> <span class='ocrx_word' id='word_1_279' title='bbox 1085 2112 1161 2150; x_wconf 90' lang='lat' dir='ltr'><strong>qua</strong></span> <span class='ocrx_word' id='word_1_280' title='bbox 1182 2110 1224 2137; x_wconf 85' lang='lat' dir='ltr'><strong>re</strong></span> <span class='ocrx_word' id='word_1_281' title='bbox 1247 2111 1439 2153; x_wconf 81' lang='lat' dir='ltr'><strong>nusquam</strong></span> <span class='ocrx_word' id='word_1_282' title='bbox 1461 2099 1627 2140; x_wconf 85' lang='lat' dir='ltr'><strong>relatum</strong></span> 
     </span>
     <span class='ocr_line' id='line_1_30' title="bbox 138 2157 1629 2222; baseline 0.007 -24"><span class='ocrx_word' id='word_1_283' title='bbox 138 2166 211 2199; x_wconf 90' lang='lat' dir='ltr'><strong>est.</strong></span> <span class='ocrx_word' id='word_1_284' title='bbox 246 2157 412 2212; x_wconf 84' lang='lat' dir='ltr'><strong>Quando</strong></span> <span class='ocrx_word' id='word_1_285' title='bbox 424 2161 616 2204; x_wconf 85' lang='lat' dir='ltr'><strong>Afranius</strong></span> <span class='ocrx_word' id='word_1_286' title='bbox 638 2164 686 2204; x_wconf 87' lang='lat' dir='ltr'><strong>ad</strong></span> <span class='ocrx_word' id='word_1_287' title='bbox 699 2163 928 2219; x_wconf 90' lang='lat' dir='ltr'><strong>Pompeium</strong></span> <span class='ocrx_word' id='word_1_288' title='bbox 950 2165 1192 2219; x_wconf 89' lang='lat' dir='ltr'><strong>peruenerit,</strong></span> <span class='ocrx_word' id='word_1_289' title='bbox 1218 2166 1432 2216; x_wconf 89' lang='lat' dir='ltr'><strong>nescimus,</strong></span> <span class='ocrx_word' id='word_1_290' title='bbox 1456 2167 1525 2207; x_wconf 89' lang='lat' dir='ltr'><strong>sed</strong></span> <span class='ocrx_word' id='word_1_291' title='bbox 1538 2174 1629 2222; x_wconf 85' lang='lat' dir='ltr'><strong>post</strong></span> 
     </span>
     <span class='ocr_line' id='line_1_31' title="bbox 136 2227 1627 2289; baseline 0.007 -23"><span class='ocrx_word' id='word_1_292' title='bbox 136 2227 339 2268; x_wconf 86' lang='lat' dir='ltr'><strong>traiectum</strong></span> <span class='ocrx_word' id='word_1_293' title='bbox 365 2229 404 2269; x_wconf 93' lang='lat' dir='ltr'><strong>in</strong></span> <span class='ocrx_word' id='word_1_294' title='bbox 427 2228 637 2272; x_wconf 89' lang='lat' dir='ltr'><strong>Graeciam</strong></span> <span class='ocrx_word' id='word_1_295' title='bbox 656 2229 844 2275; x_wconf 85' lang='lat' dir='ltr'><strong>Caesaris</strong></span> <span class='ocrx_word' id='word_1_296' title='bbox 866 2234 905 2274; x_wconf 93' lang='lat' dir='ltr'><strong>id</strong></span> <span class='ocrx_word' id='word_1_297' title='bbox 928 2233 1119 2273; x_wconf 89' lang='lat' dir='ltr'><strong>accidisse</strong></span> <span class='ocrx_word' id='word_1_298' title='bbox 1141 2233 1233 2274; x_wconf 90' lang='lat' dir='ltr'><strong>inde</strong></span> <span class='ocrx_word' id='word_1_299' title='bbox 1256 2241 1405 2275; x_wconf 88' lang='lat' dir='ltr'><strong>certum</strong></span> <span class='ocrx_word' id='word_1_300' title='bbox 1423 2242 1499 2285; x_wconf 87' lang='lat' dir='ltr'><strong>est,</strong></span> <span class='ocrx_word' id='word_1_301' title='bbox 1523 2237 1627 2289; x_wconf 89' lang='lat' dir='ltr'><strong>quod</strong></span> 
     </span>
     <span class='ocr_line' id='line_1_32' title="bbox 135 2294 1626 2356; baseline 0.008 -22"><span class='ocrx_word' id='word_1_302' title='bbox 135 2308 170 2334; x_wconf 92' lang='grc'><strong>6.</strong></span> <span class='ocrx_word' id='word_1_303' title='bbox 194 2294 220 2335; x_wconf 84' lang='grc'>4</span> <span class='ocrx_word' id='word_1_304' title='bbox 242 2296 280 2335; x_wconf 90' lang='grc'><strong>111</strong></span> <span class='ocrx_word' id='word_1_305' title='bbox 303 2299 600 2340; x_wconf 91' lang='lat' dir='ltr'><strong>enumeratione</strong></span> <span class='ocrx_word' id='word_1_306' title='bbox 622 2300 838 2354; x_wconf 89' lang='lat' dir='ltr'><strong>copiarum,</strong></span> <span class='ocrx_word' id='word_1_307' title='bbox 865 2315 961 2354; x_wconf 85' lang='lat' dir='ltr'><strong>quas</strong></span> <span class='ocrx_word' id='word_1_308' title='bbox 983 2300 1197 2356; x_wconf 89' lang='lat' dir='ltr'><strong>Pompeius</strong></span> <span class='ocrx_word' id='word_1_309' title='bbox 1219 2301 1259 2341; x_wconf 91' lang='lat' dir='ltr'><strong>in</strong></span> <span class='ocrx_word' id='word_1_310' title='bbox 1280 2303 1453 2344; x_wconf 88' lang='lat' dir='ltr'><strong>aduentu</strong></span> <span class='ocrx_word' id='word_1_311' title='bbox 1476 2302 1626 2346; x_wconf 83' lang='lat' dir='ltr'><strong>Caesa-</strong></span> 
     </span>
     <span class='ocr_line' id='line_1_33' title="bbox 138 2362 1625 2426; baseline 0.007 -24"><span class='ocrx_word' id='word_1_312' title='bbox 138 2362 191 2402; x_wconf 91' lang='lat' dir='ltr'><strong>ris</strong></span> <span class='ocrx_word' id='word_1_313' title='bbox 214 2363 347 2405; x_wconf 89' lang='lat' dir='ltr'><strong>habuit</strong></span> <span class='ocrx_word' id='word_1_314' title='bbox 362 2395 371 2412; x_wconf 88' lang='lat'>‚</span> <span class='ocrx_word' id='word_1_315' title='bbox 403 2365 607 2421; x_wconf 86' lang='lat' dir='ltr'><strong>Hispanae</strong></span> <span class='ocrx_word' id='word_1_316' title='bbox 629 2368 719 2408; x_wconf 81' lang='lat' dir='ltr'><strong>illac</strong></span> <span class='ocrx_word' id='word_1_317' title='bbox 742 2369 927 2410; x_wconf 88' lang='lat' dir='ltr'><strong>cohortes</strong></span> <span class='ocrx_word' id='word_1_318' title='bbox 951 2384 1029 2410; x_wconf 93' lang='lat' dir='ltr'><strong>non</strong></span> <span class='ocrx_word' id='word_1_319' title='bbox 1058 2378 1434 2411; x_wconf 88' lang='lat' dir='ltr'><strong>commemorantur.</strong></span> <span class='ocrx_word' id='word_1_320' title='bbox 1486 2370 1625 2426; x_wconf 89' lang='lat' dir='ltr'><strong>Itaque</strong></span> 
     </span>
     <span class='ocr_line' id='line_1_34' title="bbox 138 2431 1623 2491; baseline 0.008 -22"><span class='ocrx_word' id='word_1_321' title='bbox 138 2443 186 2470; x_wconf 90' lang='lat' dir='ltr'><strong>ne</strong></span> <span class='ocrx_word' id='word_1_322' title='bbox 207 2431 310 2472; x_wconf 90' lang='lat' dir='ltr'><strong>inter</strong></span> <span class='ocrx_word' id='word_1_323' title='bbox 340 2440 522 2475; x_wconf 85' lang='lat' dir='ltr'><strong>octauum</strong></span> <span class='ocrx_word' id='word_1_324' title='bbox 553 2436 707 2490; x_wconf 88' lang='lat' dir='ltr'><strong>quidem</strong></span> <span class='ocrx_word' id='word_1_325' title='bbox 737 2442 775 2476; x_wconf 90' lang='lat' dir='ltr'><strong>et</strong></span> <span class='ocrx_word' id='word_1_326' title='bbox 806 2450 952 2477; x_wconf 92' lang='lat' dir='ltr'><strong>nonum</strong></span> <span class='ocrx_word' id='word_1_327' title='bbox 985 2444 1101 2491; x_wconf 90' lang='lat' dir='ltr'><strong>caput</strong></span> <span class='ocrx_word' id='word_1_328' title='bbox 1130 2438 1225 2478; x_wconf 82' lang='lat' dir='ltr'><strong>haee</strong></span> <span class='ocrx_word' id='word_1_329' title='bbox 1253 2453 1318 2479; x_wconf 89' lang='lat' dir='ltr'><strong>res</strong></span> <span class='ocrx_word' id='word_1_330' title='bbox 1350 2447 1512 2480; x_wconf 84' lang='lat' dir='ltr'><strong>narrata</strong></span> <span class='ocrx_word' id='word_1_331' title='bbox 1534 2455 1623 2482; x_wconf 89' lang='lat' dir='ltr'><strong>esse</strong></span> 
     </span>
     <span class='ocr_line' id='line_1_35' title="bbox 139 2503 1621 2564; baseline 0.008 -27"><span class='ocrx_word' id='word_1_332' title='bbox 139 2506 287 2549; x_wconf 88' lang='lat' dir='ltr'><strong>potest:</strong></span> <span class='ocrx_word' id='word_1_333' title='bbox 315 2515 411 2554; x_wconf 89' lang='lat' dir='ltr'><strong>quae</strong></span> <span class='ocrx_word' id='word_1_334' title='bbox 435 2503 535 2542; x_wconf 89' lang='lat' dir='ltr'><strong>enim</strong></span> <span class='ocrx_word' id='word_1_335' title='bbox 558 2503 612 2543; x_wconf 91' lang='lat' dir='ltr'><strong>ibi</strong></span> <span class='ocrx_word' id='word_1_336' title='bbox 634 2503 757 2544; x_wconf 88' lang='lat' dir='ltr'><strong>relata</strong></span> <span class='ocrx_word' id='word_1_337' title='bbox 779 2505 953 2555; x_wconf 86' lang='lat' dir='ltr'><strong>fuerunt,</strong></span> <span class='ocrx_word' id='word_1_338' title='bbox 979 2512 1071 2546; x_wconf 89' lang='lat' dir='ltr'><strong>ante</strong></span> <span class='ocrx_word' id='word_1_339' title='bbox 1085 2503 1272 2547; x_wconf 91' lang='lat' dir='ltr'><strong>Caesaris</strong></span> <span class='ocrx_word' id='word_1_340' title='bbox 1286 2508 1495 2548; x_wconf 89' lang='lat' dir='ltr'><strong>aduentum</strong></span> <span class='ocrx_word' id='word_1_341' title='bbox 1509 2515 1621 2564; x_wconf 90' lang='lat' dir='ltr'><strong>gesta</strong></span> 
     </span>
     <span class='ocr_line' id='line_1_36' title="bbox 138 2568 1622 2618; baseline 0.009 -15"><span class='ocrx_word' id='word_1_342' title='bbox 138 2578 224 2606; x_wconf 72' lang='lat' dir='ltr'><strong>esse</strong></span> <span class='ocrx_word' id='word_1_343' title='bbox 246 2568 371 2609; x_wconf 83' lang='lat' dir='ltr'><strong>docui.</strong></span> <span class='ocrx_word' id='word_1_344' title='bbox 411 2568 578 2611; x_wconf 89' lang='lat' dir='ltr'><strong>Praeter</strong></span> <span class='ocrx_word' id='word_1_345' title='bbox 609 2571 710 2611; x_wconf 89' lang='lat' dir='ltr'><strong>hunc</strong></span> <span class='ocrx_word' id='word_1_346' title='bbox 741 2579 872 2612; x_wconf 87' lang='lat' dir='ltr'><strong>autem</strong></span> <span class='ocrx_word' id='word_1_347' title='bbox 890 2573 1016 2618; x_wconf 85' lang='lat' dir='ltr'><strong>locum</strong></span> <span class='ocrx_word' id='word_1_348' title='bbox 1039 2588 1118 2614; x_wconf 91' lang='lat' dir='ltr'><strong>uno</strong></span> <span class='ocrx_word' id='word_1_349' title='bbox 1141 2589 1175 2614; x_wconf 89' lang='grc'><strong>6.</strong></span> <span class='ocrx_word' id='word_1_350' title='bbox 1201 2572 1256 2615; x_wconf 87' lang='lat'><strong>50</strong></span> <span class='ocrx_word' id='word_1_351' title='bbox 1278 2582 1458 2616; x_wconf 89' lang='lat' dir='ltr'><strong>extremo</strong></span> <span class='ocrx_word' id='word_1_352' title='bbox 1479 2576 1622 2617; x_wconf 84' lang='lat' dir='ltr'><strong>lacuna</strong></span> 
     </span>
     <span class='ocr_line' id='line_1_37' title="bbox 139 2636 1619 2691; baseline 0.008 -18"><span class='ocrx_word' id='word_1_353' title='bbox 139 2640 222 2682; x_wconf 81' lang='lat' dir='ltr'><strong>est,</strong></span> <span class='ocrx_word' id='word_1_354' title='bbox 257 2636 325 2677; x_wconf 89' lang='lat' dir='ltr'><strong>sed</strong></span> <span class='ocrx_word' id='word_1_355' title='bbox 355 2637 405 2677; x_wconf 84' lang='lat' dir='ltr'><strong>ibi</strong></span> <span class='ocrx_word' id='word_1_356' title='bbox 436 2639 625 2691; x_wconf 86' lang='lat' dir='ltr'><strong>permulta</strong></span> <span class='ocrx_word' id='word_1_357' title='bbox 654 2640 904 2681; x_wconf 89' lang='lat' dir='ltr'><strong>exciderunt.</strong></span> <span class='ocrx_word' id='word_1_358' title='bbox 947 2640 1098 2682; x_wconf 90' lang='lat' dir='ltr'><strong>Earum</strong></span> <span class='ocrx_word' id='word_1_359' title='bbox 1128 2655 1261 2683; x_wconf 88' lang='lat' dir='ltr'><strong>rerum</strong></span> <span class='ocrx_word' id='word_1_360' title='bbox 1291 2650 1474 2685; x_wconf 83' lang='lat' dir='ltr'><strong>extrema</strong></span> <span class='ocrx_word' id='word_1_361' title='bbox 1496 2645 1619 2686; x_wconf 86' lang='lat' dir='ltr'><strong>fuisse</strong></span> 
     </span>
     <span class='ocr_line' id='line_1_38' title="bbox 136 2703 1618 2767; baseline 0.009 -28"><span class='ocrx_word' id='word_1_362' title='bbox 136 2703 462 2754; x_wconf 87' lang='lat' dir='ltr'><strong>oppugnationem</strong></span> <span class='ocrx_word' id='word_1_363' title='bbox 485 2703 724 2760; x_wconf 84' lang='lat' dir='ltr'><strong>Dyrrhachii</strong></span> <span class='ocrx_word' id='word_1_364' title='bbox 747 2705 957 2749; x_wconf 89' lang='lat' dir='ltr'><strong>aCaesare</strong></span> <span class='ocrx_word' id='word_1_365' title='bbox 980 2716 1207 2764; x_wconf 85' lang='lat' dir='ltr'><strong>temptatam</strong></span> <span class='ocrx_word' id='word_1_366' title='bbox 1229 2718 1268 2751; x_wconf 89' lang='lat' dir='ltr'><strong>et</strong></span> <span class='ocrx_word' id='word_1_367' title='bbox 1290 2712 1618 2767; x_wconf 83' lang='lat' dir='ltr'><strong>oppugnationem</strong></span> 
     </span>
     <span class='ocr_line' id='line_1_39' title="bbox 136 2765 1617 2833; baseline 0.01 -27"><span class='ocrx_word' id='word_1_368' title='bbox 136 2765 322 2808; x_wconf 87' lang='lat' dir='ltr'><strong>Caesaris</strong></span> <span class='ocrx_word' id='word_1_369' title='bbox 345 2778 560 2812; x_wconf 83' lang='lat' dir='ltr'><strong>castrorum</strong></span> <span class='ocrx_word' id='word_1_370' title='bbox 582 2774 763 2817; x_wconf 88' lang='lat' dir='ltr'><strong>discessu</strong></span> <span class='ocrx_word' id='word_1_371' title='bbox 785 2777 870 2818; x_wconf 89' lang='lat' dir='ltr'><strong>eius</strong></span> <span class='ocrx_word' id='word_1_372' title='bbox 892 2791 915 2817; x_wconf 91' lang='lat' dir='ltr'><strong>a</strong></span> <span class='ocrx_word' id='word_1_373' title='bbox 931 2776 1121 2832; x_wconf 88' lang='lat' dir='ltr'><strong>Pompeio</strong></span> <span class='ocrx_word' id='word_1_374' title='bbox 1144 2778 1360 2819; x_wconf 89' lang='lat' dir='ltr'><strong>institutam</strong></span> <span class='ocrx_word' id='word_1_375' title='bbox 1383 2781 1503 2833; x_wconf 82' lang='lat' dir='ltr'><strong>&lt;quae</strong></span> <span class='ocrx_word' id='word_1_376' title='bbox 1526 2794 1617 2820; x_wconf 89' lang='lat' dir='ltr'><strong>nar-</strong></span> 
     </span>
    </p>
   </div>
   <div class='ocr_carea' id='block_1_3' title="bbox 134 2836 1614 2953">
    <p class='ocr_par' dir='ltr' id='par_1_3' title="bbox 134 2836 1614 2953">
     <span class='ocr_line' id='line_1_40' title="bbox 134 2836 1614 2901; baseline 0.013 -28"><span class='ocrx_word' id='word_1_377' title='bbox 134 2842 273 2875; x_wconf 86' lang='lat' dir='ltr'><strong>rantur</strong></span> <span class='ocrx_word' id='word_1_378' title='bbox 294 2837 393 2889; x_wconf 89' lang='lat' dir='ltr'><strong>apud</strong></span> <span class='ocrx_word' id='word_1_379' title='bbox 415 2836 529 2880; x_wconf 90' lang='lat' dir='ltr'><strong>Cass.</strong></span> <span class='ocrx_word' id='word_1_380' title='bbox 548 2839 668 2883; x_wconf 90' lang='lat' dir='ltr'><strong>Dion.</strong></span> <span class='ocrx_word' id='word_1_381' title='bbox 693 2841 809 2894; x_wconf 90' lang='lat' dir='ltr'><strong>XLI,</strong></span> <span class='ocrx_word' id='word_1_382' title='bbox 834 2843 906 2898; x_wconf 84' lang='lat'><strong>50)</strong></span> <span class='ocrx_word' id='word_1_383' title='bbox 930 2859 982 2886; x_wconf 85' lang='lat' dir='ltr'><strong>ex</strong></span> <span class='ocrx_word' id='word_1_384' title='bbox 1004 2846 1116 2886; x_wconf 90' lang='lat' dir='ltr'><strong>initio</strong></span> <span class='ocrx_word' id='word_1_385' title='bbox 1140 2861 1176 2887; x_wconf 93' lang='grc'><strong>6.</strong></span> <span class='ocrx_word' id='word_1_386' title='bbox 1195 2846 1243 2886; x_wconf 79' lang='lat'><strong>51</strong></span> <span class='ocrx_word' id='word_1_387' title='bbox 1268 2848 1518 2901; x_wconf 86' lang='lat' dir='ltr'><strong>perspicitur·</strong></span> <span class='ocrx_word' id='word_1_388' title='bbox 1554 2845 1614 2887; x_wconf 81' lang='lat' dir='ltr'><strong>Eo</strong></span> 
     </span>
     <span class='ocr_line' id='line_1_41' title="bbox 172 2902 1336 2953; baseline 0.025 -28"><span class='ocrx_word' id='word_1_389' title='bbox 172 2903 291 2936; x_wconf 50' lang='lat' dir='ltr'><strong>‹nn-sar,</strong></span> <span class='ocrx_word' id='word_1_390' title='bbox 314 2902 357 2929; x_wconf 72' lang='lat' dir='ltr'><strong>ed.</strong></span> <span class='ocrx_word' id='word_1_391' title='bbox 383 2904 521 2940; x_wconf 73' lang='lat' dir='ltr'><strong>Nipperd,</strong></span> <span class='ocrx_word' id='word_1_392' title='bbox 1287 2913 1336 2953; x_wconf 91' lang='lat'><strong>11</strong></span> 
     </span>
    </p>
   </div>
  </div>
 </body>
</html>
