1835 3240
84 173 166 217 564
644 171 720 214 DE
751 170 940 214 BELLO
973 168 1149 212 CIVILI

163 303 216 329 ex
238 287 507 329 saluberrimis
531 285 684 326 Galliae
708 293 747 325 et
769 284 984 338 Hispaniae
1006 283 1230 337 regionibus
1253 298 1403 324 omnem
1419 283 1639 324 exercitum

162 357 387 398 ualetudine
410 361 684 408 teinptauerat.

116 425 143 469 3
280 423 488 477 Pompeius
521 435 689 460 annuum
723 420 889 473 spatium
921 420 968 459 ad
1001 418 1282 472 comparandas
1314 419 1443 472 copias
1477 425 1637 467 nactus,

164 493 265 546 quod
290 505 452 531 uacuum
476 504 496 529 a
520 489 620 528 bello
644 495 761 540 atque
793 488 839 527 ab
865 488 976 527 hoste
999 487 1167 526 otiosum
1195 488 1344 535 fuerat,
1378 499 1556 538 magnam
1589 499 1642 525 ex

161 561 261 601 Asia
284 558 599 613 Cycladibusque
621 556 776 604 insulis,
804 552 981 609 Corcyra
997 586 1006 604 ,
1033 554 1199 594 Athenis
1216 586 1225 604 ‚
1249 552 1404 603 Ponto,
1430 551 1637 609 Bithynia,

168 626 301 681 Syria,
317 626 472 673 Cilicia,
489 623 701 673 Phoenice,
718 625 898 677 Aegypto
914 623 1077 663 classem
1093 627 1293 676 coegerat,
1318 635 1498 673 magnam
1522 621 1644 661 omni-

115 696 144 738 2
165 697 236 736 bus
262 695 356 735 loeis
381 693 658 733 aedilicandam
684 698 916 741 curaueratg
943 705 1122 743 magnam
1145 690 1372 743 imperatam
1396 688 1544 738 Asiae,
1570 687 1644 743 Sy-

164 766 246 805 riae
270 762 509 815 regibusque
533 761 712 800 omnibus
737 767 774 799 et
797 759 972 813 dynastis
995 766 1033 798 et
1056 758 1263 798 tetrarchis
1287 765 1324 797 et
1358 757 1490 798 liberis
1513 757 1645 798 Acha-

163 834 225 872 iae
248 830 398 884 populis
422 829 625 883 pecuniam
649 834 866 880 exegerat,
898 840 1076 879 maguam
1099 826 1311 865 societates
1334 839 1466 865 earum
1491 825 1647 879 prouin-

116 901 144 944 4
166 901 337 948 ciarum,
372 912 465 951 quas
489 897 570 951 ipse
594 896 818 945 obtinebat,
853 895 927 934 sibi
951 908 1159 934 numerare
1182 898 1383 946 coegerat.
1445 891 1647 946 Legiones

164 968 353 1008 effecerat
375 966 515 1006 ciuium
541 963 807 1003 Romanorum
831 970 946 1002 vlltt:
981 969 1010 1002 V
1032 976 1083 1002 ex
1107 960 1245 1011 ltalia,
1270 976 1364 1014 quas
1388 962 1645 1012 traduxerat3

163 1050 278 1076 unam
303 1049 354 1074 ex
378 1031 519 1073 Cilicia
544 1039 787 1081 ueteranum,
813 1046 924 1084 quam
950 1031 1089 1070 factam
1113 1044 1165 1071 ex
1187 1029 1333 1069 duabus
1355 1029 1557 1083 gemellam
1581 1043 1647 1081 ap-

163 1103 354 1158 pellabat3
380 1116 493 1141 unam
519 1115 568 1140 ex
595 1098 716 1140 Creta
739 1107 778 1139 et
799 1098 1036 1139 Macedonia
1060 1113 1110 1138 ex
1134 1096 1331 1137 ueteranis
1354 1096 1557 1146 militibus,
1584 1096 1648 1149 qui

165 1171 313 1211 dimissi
328 1185 349 1209 a
367 1169 637 1223 superioribus
660 1167 962 1220 imperatoribus
985 1167 1024 1205 in
1049 1166 1107 1205 bis
1121 1165 1336 1218 prouinciis
1360 1164 1644 1214 consederant3

148 1240 261 1279 duas
294 1252 343 1277 ex
377 1238 500 1285 Asia,
545 1250 642 1288 quas
674 1234 870 1274 Lentulus
902 1234 1041 1273 consul
1073 1232 1379 1272 conscribendas
1422 1239 1645 1271 curauerat.

117 1309 144 1350 2
164 1305 380 1346 Praeterea
404 1318 584 1357 magnum
609 1316 812 1342 numerum
837 1316 885 1341 ex
909 1301 1135 1350 Thessalia,
1162 1298 1324 1339 Boeotia
1344 1330 1354 1349 ,
1378 1298 1530 1338 Achaia
1553 1296 1650 1352 Epi-

164 1387 285 1427 roque
309 1372 567 1426 supplementi
598 1371 756 1411 nomine
789 1370 828 1408 in
865 1370 1041 1423 legiones
1065 1368 1339 1408 distribuerat:
1374 1367 1431 1407 his
1455 1366 1650 1406 Antonia-

121 1441 146 1482 3
169 1456 241 1482 nos
264 1442 406 1481 milites
429 1440 706 1479 admiscuerat.
750 1436 918 1478 Praeter
940 1438 1008 1477 has
1032 1436 1268 1490 expectabat
1290 1450 1374 1475 cum
1392 1432 1576 1488 Scipione
1599 1448 1650 1474 ex

166 1508 285 1564 Syria
307 1509 486 1561 legiones
512 1515 554 1547 tt.
599 1506 838 1560 Sagittarios
863 1503 1000 1554 Creta,
1027 1503 1343 1553 Lacedaemone,
1370 1517 1422 1542 ex
1442 1501 1569 1542 Ponto
1592 1509 1651 1542 at-

166 1592 240 1631 que
263 1575 380 1631 Syria
404 1576 641 1629 reliquisque
665 1574 886 1615 ciuitatibus
910 1581 955 1613 111
978 1573 1081 1612 milia
1105 1587 1266 1612 numero
1299 1571 1488 1620 habebat,
1526 1570 1652 1610 sundi-

166 1653 292 1686 torum
319 1645 501 1685 cobortes
525 1643 781 1684 sexcenarias
805 1650 855 1690 H,
889 1642 1060 1694 equitum
1080 1648 1140 1680 Vtt
1165 1641 1283 1680 milia.
1348 1639 1412 1679 Ex
1435 1639 1572 1691 quibus
1593 1645 1649 1679 DC

168 1712 305 1755 Gallos
327 1712 542 1753 Deiotarus
567 1712 812 1760 adduxerat,
854 1718 879 1749 D
901 1709 1198 1749 Ariobarzanes
1222 1723 1272 1748 ex
1296 1705 1568 1761 Cappadocia3
1604 1705 1652 1745 ad

169 1782 332 1821 eundem
357 1794 560 1820 numerum
585 1777 710 1834 Cotys
733 1794 785 1818 ex
807 1778 981 1817 Thracia
1005 1777 1166 1816 dederat
1187 1774 1417 1816 etSadalam
1441 1774 1557 1814 filium
1580 1773 1651 1812 mi-

121 1850 147 1889 4
170 1856 302 1898 serat3
329 1846 694 1888 exMacedoniaCC
708 1854 834 1894 erant,
861 1845 998 1899 quibus
1012 1843 1274 1898 Rhascypolis
1298 1849 1493 1896 praeerat,
1519 1841 1653 1881 excel-

169 1918 266 1958 lenti
291 1917 457 1967 uirtute3
482 1925 509 1956 D
533 1930 583 1956 ex
607 1914 839 1955 Gabinianis
864 1913 1109 1952 Alexandria
1127 1943 1137 1961 ,
1175 1910 1311 1951 Gallos
1335 1910 1651 1962 Germanosque,

171 1999 268 2039 quos
291 1985 340 2024 ibi
365 1983 416 2024 A.
444 1983 636 2024 Gabinius
659 1982 846 2037 praesidii
882 1995 998 2022 causa
1022 1980 1121 2035 apud
1143 1994 1276 2033 regem
1299 1976 1570 2019 Ptolemaeum
1591 1989 1654 2017 re-

313 2160 332 2192 2
354 2158 542 2191 ualitudine
562 2168 582 2188 a
605 2158 700 2188 ‘mssa
717 2157 881 2198 plerique
899 2166 939 2186 ae
957 2154 1118 2195 semper'.
1302 2153 1320 2184 4
1344 2152 1432 2183 bello
1452 2156 1486 2182 et
1505 2151 1600 2181 hoste
1621 2151 1653 2180 b.

317 2212 334 2241 5
353 2209 618 2249 Cieladibusque
638 2218 670 2238 a.
814 2206 955 2237 Coi-cira
974 2215 1006 2235 ιι.
1148 2203 1294 2234 Bithinia
1315 2213 1348 2233 a.
1497 2201 1515 2232 6
1536 2200 1656 2232 Sicilia

175 2265 205 2295 b.
348 2262 495 2293 Foeuice
514 2271 546 2300 a,
569 2259 693 2291 Feniee
715 2259 744 2289 b.
888 2257 1008 2298 Egipto
1029 2266 1060 2287 a.
1206 2255 1221 2286 7
1244 2255 1354 2285 Siriae
1373 2264 1406 2284 a.
1565 2253 1585 2283 8
1604 2261 1656 2282 re-

173 2314 271 2354 gibus
291 2312 443 2343 omnibus
465 2312 493 2343 h.
661 2309 806 2341 dinastis
827 2313 859 2339 et
878 2307 1085 2339 teti-harenis
1105 2317 1138 2337 a.
1315 2306 1333 2337 9
1352 2313 1505 2343 magnam
1524 2303 1652 2340 Aldus,

172 2374 312 2404 magnas
331 2374 351 2394 a
372 2365 465 2393 ‘mse
488 2361 674 2403 plerique&
846 2359 883 2390 lt)
903 2359 1097 2389 obtinuerat
1118 2358 1148 2389 b.
1315 2356 1354 2387 12
1374 2355 1494 2386 Cilicia
1515 2356 1657 2385 l'iaeeo-

171 2420 266 2454 vius,
289 2415 404 2445 Sicilia
426 2413 525 2445 codd.
549 2413 587 2444 Ρ.
613 2413 687 2444 157.
831 2410 870 2441 14
890 2410 982 2440 missi
1006 2409 1036 2440 b.
1176 2407 1226 2438 his
1246 2417 1266 2437 (ι
1285 2406 1362 2438 edd.
1379 2408 1535 2447 priores,
1554 2405 1596 2436 iis
1615 2405 1654 2436 P.

173 2467 361 2499 Blanulius
382 2477 416 2496 ll.
559 2462 760 2506 prouinciis]
781 2462 975 2501 regionibus
997 2461 1027 2492 b.
1194 2458 1233 2490 16
1253 2457 1457 2489 Thaessalia
1478 2469 1509 2489 a.

174 2516 293 2547 Boetia
315 2525 334 2545 α
357 2516 452 2545 ''nis-s.
475 2519 512 2545 ll!
530 2515 690 2556 semper'.
834 2512 1020 2555 Epirosque
1040 2522 1058 2541 (1
1073 2512 1103 2541 b.
1248 2511 1286 2542 17
1306 2511 1465 2552 plementi
1479 2521 1511 2541 (1.

176 2569 218 2602 18
236 2567 435 2609 expectabat
456 2578 489 2597 a.
638 2566 673 2598 19
688 2566 775 2597 Siria
796 2576 829 2596 α.
973 2563 1074 2594 Creta
1092 2573 1112 2594 a
1125 2563 1222 2594 ‘ms-s,
1243 2561 1285 2602 ἐφ’,
1308 2573 1346 2593 ex
1363 2562 1464 2594 Creta
1478 2573 1511 2593 ιι.

175 2619 412 2652 Lacedemone
431 2628 464 2649 a.
609 2628 648 2649 ex
669 2617 774 2648 Ponto
793 2627 814 2647 a
836 2617 930 2647 ‘mssa
948 2613 1134 2657 plerique',
1156 2612 1262 2645 Ponto
1282 2625 1317 2645 11.
1457 2614 1500 2647 20
1514 2613 1602 2645 Siria
1621 2623 1655 2645 a.

320 2671 413 2701 milia
434 2680 501 2700 om.
521 2680 554 2701 α.
720 2669 759 2701 21
783 2679 822 2700 ex
842 2668 963 2710 quibus
982 2677 1050 2699 om.
1072 2666 1103 2696 b.
1267 2665 1308 2699 23
1328 2665 1431 2708 Cotys
1453 2665 1660 2697 Oudendor-

175 2725 269 2764 pins,
291 2721 394 2753 Cotus
414 2721 515 2752 codd.
656 2719 804 2751 Trachia
823 2729 856 2749 a.
1020 2716 1177 2748 Sadalam
1200 2716 1482 2759 Offendor-pius,
1503 2715 1657 2747 Sasatam

178 2775 279 2806 codd.
420 2774 463 2808 24
483 2777 581 2804 erant
599 2782 667 2803 om.
691 2773 721 2803 b.
877 2768 1102 2810 Rhascypolis
1124 2767 1406 2810 Oudendovpz'us,
1428 2767 1618 2809 Rascipolis
1637 2776 1659 2797 a

177 2826 255 2857 edd.
276 2828 359 2856 ante
378 2835 421 2856 u:
445 2825 540 2855 ‘mssa
563 2825 704 2855 omnino
725 2832 843 2855 omnes
862 2823 1089 2852 consentiunt
1109 2822 1142 2850 in
1166 2820 1291 2851 lc'ttera
1312 2820 1346 2852 l'.
1504 2820 1546 2855 25
1567 2817 1659 2851 Gati-

178 2877 279 2910 lianis
298 2888 317 2909 α
332 2887 360 2918 e,
383 2875 594 2909 Galieuianis
615 2876 645 2907 b.
802 2874 844 2909 26
865 2873 1071 2905 ptolomeum
1090 2882 1124 2904 a.
