1835 3240
74 924 114 957 10

79 1263 118 1296 15

550 185 734 230 COMM.
759 185 839 229 VII
861 183 984 227 CAP.
1009 183 1213 227 70—72.
1617 184 1699 225 447

147 305 420 349 existimantes
443 302 488 343 ad
512 316 620 343 arma
643 302 912 353 conclamant3
948 298 1122 341 nonnulli
1152 296 1350 352 perterriti
1383 297 1422 336 in
1445 297 1624 352 oppidum

144 376 385 426 inrumpunt.
411 368 723 425 Vercingetorix
744 370 851 410 iubet
871 376 1005 424 portas
1022 366 1162 416 claudi,
1189 379 1237 406 ne
1262 371 1388 405 castra
1412 365 1622 406 nudentur.
1647 367 1673 407 7

144 441 281 483 Multis
302 440 540 490 interfectis,
565 439 813 493 conpluribus
835 438 943 491 equis
957 436 1080 491 captis
1094 433 1282 476 Germani
1305 446 1393 473 sese
1414 432 1624 486 recipiunt.

144 508 484 561 Vercingetorix,
520 508 742 562 priusquam
774 506 1014 546 munitiones
1045 504 1091 544 ab
1123 501 1316 543 Romanis
1348 500 1625 555 perficiantur,
1650 503 1702 546 ‘71

147 577 351 617 consilium
375 577 501 629 capit,
527 589 679 616 omnem
704 573 750 614 ab
773 587 815 613 se
839 573 1052 626 equitatum
1076 578 1193 611 noctu
1215 570 1425 610 dimittere.
1488 567 1629 609 Disce-
1650 570 1677 610 2

144 645 325 685 dentibus
349 645 530 694 mandat,
567 649 609 683 ut
639 655 747 682 suam
771 641 934 694 quisque
958 654 1091 680 eorum
1115 639 1313 679 ciuitatem
1337 637 1452 677 adeat
1474 650 1630 677 omnes-

146 727 244 766 que,
281 713 347 765 qui
369 726 438 766 per
459 717 627 751 aetatem
651 723 756 749 arma
780 710 885 749 ferre
907 707 1083 762 possint,
1108 707 1155 746 ad
1179 706 1320 746 bellum
1344 712 1502 758 cogant.
1548 701 1630 744 Sua
1652 704 1677 745 3

144 782 184 822 iu
206 781 294 821 illos
308 780 448 820 merita
470 778 650 833 proponit
672 777 983 829 obtestaturque,
1008 782 1050 815 ut
1071 788 1165 814 suae
1187 773 1324 813 salutis
1347 773 1538 813 rationem
1562 773 1630 813 ha-

145 849 263 889 beant
294 862 369 888 neu
399 861 442 887 se
473 846 617 900 optime
649 846 694 886 de
728 844 922 885 communi
945 843 1128 883 libertate
1150 842 1328 881 meritum
1352 841 1392 880 in
1416 841 1630 880 cruciatum

147 916 325 957 hostibus
349 915 506 955 dedant.
552 911 668 966 Quod
699 913 733 953 si
755 912 1070 965 indiligentiores
1094 909 1263 959 suerint,
1296 909 1402 949 milia
1431 908 1632 948 hominum

148 985 299 1025 delecta
321 983 520 1036 octoginta
543 995 620 1021 una
643 995 775 1022 secum
798 980 1010 1020 interitura
1033 979 1292 1019 demonstrat.
1332 975 1505 1016 Ratione
1534 975 1631 1016 inita
1654 975 1680 1015 4

147 1066 190 1092 se
213 1052 357 1106 exigue
381 1051 529 1091 dierum
551 1049 712 1102 triginta
736 1049 879 1088 habere
902 1049 1156 1095 frumentum,
1184 1045 1253 1085 sed
1276 1044 1388 1098 paulo
1411 1045 1527 1084 etiam
1550 1044 1634 1083 lon-

148 1121 235 1174 gius
259 1119 420 1159 tolerari
443 1132 560 1172 posse
583 1118 794 1171 parcendo.
841 1115 914 1156 His
938 1116 1038 1155 datis
1060 1113 1254 1154 mandatis
1271 1143 1280 1159 ,
1316 1126 1391 1166 qua
1423 1125 1519 1165 opus
1552 1118 1637 1151 erat
1658 1109 1683 1151 5

149 1188 433 1236 intermissum,
458 1186 632 1226 secunda
655 1186 788 1239 uigilia
811 1184 968 1225 silentio
992 1183 1202 1236 equitatum
1216 1181 1351 1221 mittit.
1376 1178 1637 1220 Frumentum
1659 1178 1685 1219 6

152 1269 267 1296 omne
289 1255 335 1295 ad
357 1268 399 1294 se
422 1255 562 1294 referri
594 1254 724 1304 iubet3
756 1253 894 1307 capitis
918 1265 1083 1307 poenam
1107 1251 1177 1299 iis,
1212 1249 1276 1303 qui
1309 1263 1386 1289 non
1418 1247 1635 1302 paruerint,

153 1323 378 1363 constituit:
404 1335 539 1375 pecus,
565 1322 676 1362 cuius
698 1336 837 1376 magna
861 1328 946 1361 erat
968 1320 1080 1373 copia
1103 1318 1149 1359 ab
1171 1316 1399 1358 Mandubiis
1422 1315 1636 1369 compulsa,
1661 1314 1687 1355 7

154 1391 299 1431 uiritim
324 1390 543 1441 distribuit;
578 1391 816 1430 frumentum
849 1403 966 1444 parce
998 1396 1038 1429 et
1068 1387 1251 1441 paulatim
1286 1384 1415 1425 metiri
1447 1382 1635 1424 instituit.
1660 1381 1687 1423 8

156 1457 300 1512 Copias
324 1473 459 1498 omnes
475 1489 485 1508 ,
511 1472 607 1511 quas
632 1472 699 1512 pro
723 1458 862 1512 oppido
886 1457 1173 1504 collocauerat‚
1208 1455 1246 1494 in
1271 1453 1449 1507 oppidum
1472 1451 1636 1504 recepit.

154 1526 227 1567 His
257 1527 478 1567 rationibus
510 1527 659 1567 auxilia
682 1524 836 1566 Galliae
868 1532 1081 1579 expectare
1113 1531 1152 1564 et
1179 1522 1321 1562 bellum
1345 1526 1457 1574 parat
1477 1518 1641 1558 admini-
1662 1517 1689 1558 9

153 1602 296 1635 strare.
341 1593 492 1647 Quibus
515 1594 631 1634 rebus
654 1594 823 1647 cognitis
848 1608 899 1634 ex
923 1592 1097 1648 perfugis
1121 1598 1158 1632 et
1181 1589 1348 1644 captiuis
1370 1586 1524 1629 Caesar
1546 1586 1641 1626 haec
1663 1585 1719 1630 '72

155 1676 302 1718 genera
326 1662 554 1702 munitionis
577 1662 764 1702 instituit.
812 1660 979 1702 Fossam
1003 1661 1141 1714 pedum
1163 1657 1302 1712 uiginti
1326 1655 1486 1696 directis
1509 1654 1643 1694 lateri-

156 1731 227 1771 bus
250 1730 389 1780 duxit,
414 1738 455 1771 ut
476 1731 560 1770 eius
585 1731 715 1771 fossae
737 1731 861 1771 solum
886 1729 1116 1770 tantundem
1138 1732 1307 1782 pateret,
1333 1730 1519 1777 quantum
1540 1736 1645 1762 sum-

301 1903 321 1933 2
340 1901 536 1944 inrumpunt
553 1902 596 1933 B.
746 1902 840 1933 iubet
859 1906 974 1944 portas
994 1901 1024 1932 B
1042 1899 1121 1931 edd.
1141 1901 1224 1930 ante
1244 1907 1278 1937 η,
1300 1899 1415 1938 portus
1436 1893 1529 1925 iubet
1548 1893 1595 1933 (e)
1614 1896 1649 1924 et

158 1955 234 1984 sine
252 1954 488 1983 annotatione
506 1962 540 1983 ll.
705 1952 723 1984 3
744 1952 966 1994 conpluribus
986 1951 1027 1982 B.
1197 1949 1213 1980 5
1234 1947 1413 1978 demittere
1432 1945 1462 1976 B
1482 1944 1579 1975 (71153.
1601 1943 1645 1975 3‘.

303 2004 583 2036 discendentibus
597 2003 626 2034 B
638 2004 676 2044 C,
700 2004 1009 2036 conscendentibus
1020 2002 1065 2033 D.
1209 2000 1226 2032 6
1241 2008 1358 2031 omnes
1371 1996 1459 2039 quib
1473 2006 1502 2026 e.

160 2059 178 2091 7
198 2062 337 2100 possent
353 2057 383 2089 B
402 2057 499 2088 (11135.
525 2056 588 2089 Μ’.
750 2058 770 2089 8
789 2058 987 2089 obtestatur
1002 2060 1086 2086 ute.
1240 2053 1258 2084 ‘J
1279 2051 1402 2093 optime
1423 2049 1463 2080 de
1483 2048 1651 2080 communi

163 2110 320 2141 libertate
338 2108 368 2139 B
383 2108 454 2139 CD
474 2107 549 2139 edd.
569 2111 652 2139 ante
670 2107 777 2143 Alsa,
810 2108 850 2139 (16
877 2106 1044 2139 communi
1072 2104 1233 2137 libertate
1254 2102 1378 2144 optime
1398 2099 1460 2141 (e)
1478 2100 1594 2131 Aldus
1613 2110 1649 2132 u.

307 2159 346 2192 10
362 2159 447 2201 quod
461 2159 531 2190 siA
544 2159 604 2199 (B)
621 2159 691 2190 CD
707 2159 736 2199 b,
759 2159 814 2200 qui
834 2159 861 2189 si
876 2169 903 2190 e.
1049 2155 1319 2194 indulgentiores
1334 2154 1365 2184 b.
1510 2151 1545 2182 11
1564 2161 1651 2182 cxxx

162 2210 233 2252 (B).
389 2220 455 2242 una
474 2221 542 2242 om.
562 2221 592 2241 e.
758 2210 891 2241 ratione
912 2209 996 2240 inita
1017 2218 1053 2239 se
1073 2207 1196 2247 exigue
1217 2205 1347 2236 dierum
1366 2202 1506 2243 triginta
1527 2202 1652 2233 habere

164 2262 365 2294 frumentum
384 2263 427 2302 A,
449 2261 581 2293 ratione
602 2261 685 2292 inita
704 2261 826 2301 exigue
846 2261 977 2292 dierum
996 2259 1141 2300 triginta
1160 2256 1365 2288 frumentum
1386 2254 1544 2296 (omissis
1563 2263 1600 2284 56
1620 2254 1653 2282 et

164 2316 309 2356 habere)
326 2315 356 2347 B
371 2315 398 2347 C
425 2313 651 2356 ‘plerz'que“;
679 2314 812 2345 ratione
833 2313 917 2344 inita
938 2311 1144 2343 frumentum
1164 2319 1199 2341 se
1220 2308 1342 2348 exigue
1361 2306 1491 2338 dierum
1511 2305 1652 2345 triginta

167 2368 292 2399 habere
311 2367 417 2398 bede
436 2366 518 2407 (xxx
537 2365 627 2406 (B)).
789 2364 827 2395 13
848 2363 989 2395 tolerari
1008 2362 1037 2394 B
1056 2362 1153 2392 ‘mss.
1179 2358 1339 2398 11’30111.
1362 2357 1392 2396 b,
1415 2357 1565 2387 tolerare
1586 2365 1650 2386 eu.

308 2418 359 2449 1115
379 2418 469 2449 datis
488 2415 671 2457 mandatis]
693 2416 742 2447 his
764 2415 865 2447 dictis
885 2425 905 2445 a
919 2425 947 2444 e.
1146 2420 1244 2453 quam
1264 2418 1344 2450 opus
1365 2413 1439 2439 erat
1458 2408 1487 2439 B
1503 2408 1594 2447 CD,
1622 2410 1655 2438 el

171 2470 280 2510 ‘quam
299 2469 358 2500 uel
375 2469 452 2511 quia
472 2468 532 2499 uel
550 2477 612 2510 qua
634 2477 716 2509 opus
736 2470 811 2497 erat
829 2476 913 2496 mss,
931 2463 1140 2506 plerique'5
1161 2471 1225 2504 qua
1241 2464 1315 2491 erat
1330 2463 1481 2490 nostrum
1494 2468 1577 2500 opus
1591 2468 1651 2489 eu.

316 2520 352 2551 14
370 2523 452 2551 ante
471 2519 658 2561 equitatum
677 2517 749 2549 add
782 2516 971 2549 exercitum
993 2515 1024 2546 Ι).
1191 2511 1296 2543 mittit
1313 2510 1345 2542 A
1359 2510 1389 2541 B
1403 2510 1472 2541 CD
1486 2534 1496 2550 ,
1517 2509 1658 2540 dimittit

170 2580 185 2599 e
202 2579 234 2599 ιι.
376 2570 415 2601 vlt}
435 2570 531 2611 copia
551 2570 590 2601 ab
610 2568 724 2601 Manu.
745 2568 915 2610 compulsa
930 2567 960 2598 B
981 2567 1076 2597 (71155.
1096 2563 1216 2603 multi,
1238 2564 1273 2594 in
1294 2561 1423 2603 quibus
1442 2562 1552 2591 etiam
1564 2559 1657 2591 Man-

171 2619 466 2661 duuiis'(11titen1
487 2621 524 2651 in
542 2620 607 2660 B;,-
627 2621 667 2651 ab
687 2618 801 2651 Mand.
824 2617 998 2660 compulsa
1017 2616 1115 2658 copia
1132 2614 1247 2647 Aldus
1267 2624 1301 2644 11.
1468 2611 1508 2643 18
1527 2609 1658 2652 recepit

174 2670 201 2701 B
223 2670 317 2700 ‘mss.
340 2667 406 2710 11‘,
425 2670 547 2712 recipit
565 2680 628 2701 eu.
788 2668 827 2701 ’19
848 2673 1033 2711 expectare
1053 2668 1096 2699 B.
1253 2668 1353 2707 parat
1370 2662 1610 2694 administrare
1628 2660 1658 2692 B

175 2723 270 2753 ‘ms-s,
294 2720 358 2760 11',
379 2721 617 2752 administrare
636 2725 735 2763 parat
752 2720 866 2752 Aldus
884 2731 917 2751 u.
1092 2717 1135 2753 20
1155 2716 1301 2756 cognitis
1321 2725 1361 2746 ex
1381 2712 1533 2756 perfugis
1552 2717 1586 2743 et
1604 2722 1660 2743 ca-

172 2773 275 2816 ptiuis
288 2773 317 2804 R
332 2772 519 2813 etreliqua
541 2783 580 2803 ex
601 2772 753 2814 perfugis
773 2776 807 2803 et
825 2771 971 2814 captiuis
991 2768 1167 2810 cognitisb
1182 2767 1229 2808 (is
1247 2764 1416 2808 profugis)
1429 2763 1523 2795 And.
1543 2762 1657 2794 Oxou.

315 2823 352 2855 21
376 2834 421 2854 xx
441 2823 512 2865 (B).
670 2824 819 2855 derectis
835 2823 986 2855 ABCe.
1143 2820 1187 2854 22
1206 2820 1279 2850 eius
1301 2817 1413 2849 fossae
1433 2816 1505 2847 AB
1522 2818 1556 2846 et
1573 2815 1658 2847 reli-

174 2878 247 2916 qui.
270 2874 342 2906 eius
362 2873 384 2905 d
397 2875 454 2915 cs.
595 2873 701 2905 solum
721 2884 791 2906 om.
811 2874 854 2905 Α.
997 2879 1146 2902 summac
1167 2868 1279 2900 fossae
1300 2867 1395 2899 labra
1413 2865 1443 2897 B
1456 2865 1660 2908 reliquique
