<?xml version="1.0" encoding="UTF-8"?>
<!DOCTYPE html PUBLIC "-//W3C//DTD XHTML 1.0 Transitional//EN"
    "http://www.w3.org/TR/xhtml1/DTD/xhtml1-transitional.dtd">
<html xmlns="http://www.w3.org/1999/xhtml" xml:lang="en" lang="en">
 <head>
  <title>
</title>
<meta http-equiv="Content-Type" content="text/html;charset=utf-8" />
  <meta name='ocr-system' content='tesseract 3.04.00' />
  <meta name='ocr-capabilities' content='ocr_page ocr_carea ocr_par ocr_line ocrx_word'/>
</head>
<body>
  <div class='ocr_page' id='page_1' title='image "./commentarii00caesuoft_0785.png"; bbox 0 0 1835 3240; ppageno 0'>
   <div class='ocr_carea' id='block_1_1' title="bbox 742 181 1721 226">
    <p class='ocr_par' dir='ltr' id='par_1_1' title="bbox 742 181 1721 226">
     <span class='ocr_line' id='line_1_1' title="bbox 742 181 1721 226; baseline 0.001 -2"><span class='ocrx_word' id='word_1_1' title='bbox 742 181 1062 226; x_wconf 85' lang='lat' dir='ltr'>EPISTOLAE</span> <span class='ocrx_word' id='word_1_2' title='bbox 1639 183 1721 225; x_wconf 85' lang='lat'>775</span> 
     </span>
    </p>
   </div>
   <div class='ocr_carea' id='block_1_2' title="bbox 87 296 1658 2659">
    <p class='ocr_par' dir='ltr' id='par_1_2' title="bbox 162 296 1647 417">
     <span class='ocr_line' id='line_1_2' title="bbox 166 296 1647 350; baseline 0.001 -12"><span class='ocrx_word' id='word_1_3' title='bbox 166 299 296 350; x_wconf 86' lang='lat' dir='ltr'>Atque</span> <span class='ocrx_word' id='word_1_4' title='bbox 318 297 356 336; x_wconf 92' lang='lat' dir='ltr'>id</span> <span class='ocrx_word' id='word_1_5' title='bbox 379 298 528 350; x_wconf 82' lang='lat' dir='ltr'>ipsum,</span> <span class='ocrx_word' id='word_1_6' title='bbox 562 297 661 350; x_wconf 88' lang='lat' dir='ltr'>quod</span> <span class='ocrx_word' id='word_1_7' title='bbox 685 297 748 336; x_wconf 90' lang='lat' dir='ltr'>isti</span> <span class='ocrx_word' id='word_1_8' title='bbox 770 298 880 337; x_wconf 89' lang='lat' dir='ltr'>aiunt</span> <span class='ocrx_word' id='word_1_9' title='bbox 901 297 1005 337; x_wconf 88' lang='lat' dir='ltr'>illum</span> <span class='ocrx_word' id='word_1_10' title='bbox 1029 296 1229 343; x_wconf 87' lang='lat' dir='ltr'>scribere,</span> <span class='ocrx_word' id='word_1_11' title='bbox 1263 308 1304 334; x_wconf 86' lang='lat' dir='ltr'>se</span> <span class='ocrx_word' id='word_1_12' title='bbox 1328 296 1403 335; x_wconf 86' lang='lat' dir='ltr'>nisi</span> <span class='ocrx_word' id='word_1_13' title='bbox 1425 298 1647 339; x_wconf 81' lang='lat' dir='ltr'>constitutis</span> 
     </span>
     <span class='ocr_line' id='line_1_3' title="bbox 162 362 1620 417; baseline -0.001 -11"><span class='ocrx_word' id='word_1_14' title='bbox 162 366 279 406; x_wconf 85' lang='lat' dir='ltr'>rebus</span> <span class='ocrx_word' id='word_1_15' title='bbox 303 380 379 405; x_wconf 87' lang='lat' dir='ltr'>non</span> <span class='ocrx_word' id='word_1_16' title='bbox 402 365 544 404; x_wconf 87' lang='lat' dir='ltr'>iturum</span> <span class='ocrx_word' id='word_1_17' title='bbox 567 366 606 405; x_wconf 93' lang='lat' dir='ltr'>in</span> <span class='ocrx_word' id='word_1_18' title='bbox 629 363 813 412; x_wconf 86' lang='lat' dir='ltr'>Parthos,</span> <span class='ocrx_word' id='word_1_19' title='bbox 840 364 939 404; x_wconf 84' lang='lat' dir='ltr'>idem</span> <span class='ocrx_word' id='word_1_20' title='bbox 964 378 1037 417; x_wconf 87' lang='lat' dir='ltr'>ego</span> <span class='ocrx_word' id='word_1_21' title='bbox 1060 363 1267 404; x_wconf 82' lang='lat' dir='ltr'>suadebam</span> <span class='ocrx_word' id='word_1_22' title='bbox 1291 363 1331 402; x_wconf 90' lang='lat' dir='ltr'>in</span> <span class='ocrx_word' id='word_1_23' title='bbox 1353 362 1417 403; x_wconf 89' lang='lat' dir='ltr'>illa</span> <span class='ocrx_word' id='word_1_24' title='bbox 1443 365 1620 416; x_wconf 85' lang='lat' dir='ltr'>epistola.</span> 
     </span>
    </p>

    <p class='ocr_par' dir='ltr' id='par_1_3' title="bbox 165 429 1649 553">
     <span class='ocr_line' id='line_1_4' title="bbox 276 429 1643 483; baseline 0 -11"><span class='ocrx_word' id='word_1_25' title='bbox 276 432 389 472; x_wconf 79' lang='lat' dir='ltr'>Idem</span> <span class='ocrx_word' id='word_1_26' title='bbox 411 432 509 472; x_wconf 70' lang='lat' dir='ltr'>ibid.</span> <span class='ocrx_word' id='word_1_27' title='bbox 535 431 614 481; x_wconf 79' lang='lat'>46,</span> <span class='ocrx_word' id='word_1_28' title='bbox 640 432 688 471; x_wconf 79' lang='lat'>2:</span> <span class='ocrx_word' id='word_1_29' title='bbox 735 431 901 471; x_wconf 84' lang='lat' dir='ltr'>Balbum</span> <span class='ocrx_word' id='word_1_30' title='bbox 934 432 1117 472; x_wconf 88' lang='lat' dir='ltr'>conueni.</span> <span class='ocrx_word' id='word_1_31' title='bbox 1162 430 1225 470; x_wconf 70' lang='lat' dir='ltr'>Ex</span> <span class='ocrx_word' id='word_1_32' title='bbox 1259 444 1304 470; x_wconf 86' lang='lat' dir='ltr'>eo</span> <span class='ocrx_word' id='word_1_33' title='bbox 1337 429 1432 469; x_wconf 81' lang='lat' dir='ltr'>hacc</span> <span class='ocrx_word' id='word_1_34' title='bbox 1456 431 1643 483; x_wconf 85' lang='lat' dir='ltr'>primum:</span> 
     </span>
     <span class='ocr_line' id='line_1_5' title="bbox 165 498 1649 553; baseline -0.001 -13"><span class='ocrx_word' id='word_1_35' title='bbox 165 498 287 540; x_wconf 87' lang='lat' dir='ltr'>Paulo</span> <span class='ocrx_word' id='word_1_36' title='bbox 311 507 402 540; x_wconf 88' lang='lat' dir='ltr'>ante</span> <span class='ocrx_word' id='word_1_37' title='bbox 425 513 651 553; x_wconf 75' lang='lat' dir='ltr'>acceperam</span> <span class='ocrx_word' id='word_1_38' title='bbox 675 513 742 539; x_wconf 89' lang='lat' dir='ltr'>eas</span> <span class='ocrx_word' id='word_1_39' title='bbox 765 500 917 539; x_wconf 85' lang='lat' dir='ltr'>litteras</span> <span class='ocrx_word' id='word_1_40' title='bbox 934 530 944 548; x_wconf 83' lang='lat'>‚</span> <span class='ocrx_word' id='word_1_41' title='bbox 977 500 1017 538; x_wconf 92' lang='lat' dir='ltr'>in</span> <span class='ocrx_word' id='word_1_42' title='bbox 1040 500 1179 551; x_wconf 87' lang='lat' dir='ltr'>quibus</span> <span class='ocrx_word' id='word_1_43' title='bbox 1203 512 1344 552; x_wconf 82' lang='lat' dir='ltr'>magno</span> <span class='ocrx_word' id='word_1_44' title='bbox 1367 511 1485 550; x_wconf 85' lang='lat' dir='ltr'>opere</span> <span class='ocrx_word' id='word_1_45' title='bbox 1508 500 1649 539; x_wconf 86' lang='lat' dir='ltr'>confir—</span> 
     </span>
    </p>

    <p class='ocr_par' dir='ltr' id='par_1_4' title="bbox 117 562 1650 743">
     <span class='ocr_line' id='line_1_6' title="bbox 117 562 1646 620; baseline -0.001 -13"><span class='ocrx_word' id='word_1_46' title='bbox 117 576 135 607; x_wconf 86' lang='lat'>5</span> <span class='ocrx_word' id='word_1_47' title='bbox 168 575 247 607; x_wconf 83' lang='lat' dir='ltr'>mat</span> <span class='ocrx_word' id='word_1_48' title='bbox 269 575 360 607; x_wconf 88' lang='lat' dir='ltr'>ante</span> <span class='ocrx_word' id='word_1_49' title='bbox 383 568 494 607; x_wconf 89' lang='lat' dir='ltr'>ludos</span> <span class='ocrx_word' id='word_1_50' title='bbox 516 566 735 607; x_wconf 85' lang='lat' dir='ltr'>Romanos.</span> <span class='ocrx_word' id='word_1_51' title='bbox 770 566 869 620; x_wconf 80' lang='lat' dir='ltr'>Legi</span> <span class='ocrx_word' id='word_1_52' title='bbox 894 566 1114 620; x_wconf 89' lang='lat' dir='ltr'>epistolam.</span> <span class='ocrx_word' id='word_1_53' title='bbox 1151 566 1277 607; x_wconf 89' lang='lat' dir='ltr'>Multa</span> <span class='ocrx_word' id='word_1_54' title='bbox 1300 567 1344 606; x_wconf 94' lang='lat' dir='ltr'>de</span> <span class='ocrx_word' id='word_1_55' title='bbox 1368 578 1453 605; x_wconf 88' lang='lat' dir='ltr'>meo</span> <span class='ocrx_word' id='word_1_56' title='bbox 1477 562 1646 616; x_wconf 86' lang='lat' dir='ltr'>Catone,</span> 
     </span>
     <span class='ocr_line' id='line_1_7' title="bbox 164 630 1650 689; baseline 0 -15"><span class='ocrx_word' id='word_1_57' title='bbox 164 650 238 688; x_wconf 89' lang='lat' dir='ltr'>quo</span> <span class='ocrx_word' id='word_1_58' title='bbox 261 635 488 688; x_wconf 84' lang='lat' dir='ltr'>saepissime</span> <span class='ocrx_word' id='word_1_59' title='bbox 511 636 677 689; x_wconf 86' lang='lat' dir='ltr'>legendo</span> <span class='ocrx_word' id='word_1_60' title='bbox 700 648 742 674; x_wconf 88' lang='lat' dir='ltr'>se</span> <span class='ocrx_word' id='word_1_61' title='bbox 766 634 859 674; x_wconf 85' lang='lat' dir='ltr'>dicit</span> <span class='ocrx_word' id='word_1_62' title='bbox 881 635 1139 689; x_wconf 80' lang='lat' dir='ltr'>copiosiorem</span> <span class='ocrx_word' id='word_1_63' title='bbox 1164 636 1333 684; x_wconf 81' lang='lat' dir='ltr'>factum3</span> <span class='ocrx_word' id='word_1_64' title='bbox 1359 631 1473 673; x_wconf 82' lang='lat' dir='ltr'>Bruti</span> <span class='ocrx_word' id='word_1_65' title='bbox 1496 630 1650 674; x_wconf 87' lang='lat' dir='ltr'>Catone</span> 
     </span>
     <span class='ocr_line' id='line_1_8' title="bbox 163 703 801 743; baseline -0.003 0"><span class='ocrx_word' id='word_1_66' title='bbox 163 703 265 743; x_wconf 89' lang='lat' dir='ltr'>lecto</span> <span class='ocrx_word' id='word_1_67' title='bbox 288 717 330 743; x_wconf 92' lang='lat' dir='ltr'>se</span> <span class='ocrx_word' id='word_1_68' title='bbox 353 703 426 743; x_wconf 92' lang='lat' dir='ltr'>sibi</span> <span class='ocrx_word' id='word_1_69' title='bbox 448 703 573 743; x_wconf 91' lang='lat' dir='ltr'>uisum</span> <span class='ocrx_word' id='word_1_70' title='bbox 598 703 801 742; x_wconf 79' lang='lat' dir='ltr'>disertum,</span> 
     </span>
    </p>

    <p class='ocr_par' dir='ltr' id='par_1_5' title="bbox 758 785 1048 817">
     <span class='ocr_line' id='line_1_9' title="bbox 758 785 1048 817; baseline 0.003 -8"><span class='ocrx_word' id='word_1_71' title='bbox 758 786 807 809; x_wconf 71' lang='lat' dir='ltr'>An</span> <span class='ocrx_word' id='word_1_72' title='bbox 830 787 865 817; x_wconf 86' lang='lat' dir='ltr'>Q.</span> <span class='ocrx_word' id='word_1_73' title='bbox 889 785 1048 811; x_wconf 76' lang='lat' dir='ltr'>pEmvm.</span> 
     </span>
    </p>

    <p class='ocr_par' dir='ltr' id='par_1_6' title="bbox 275 836 1648 894">
     <span class='ocr_line' id='line_1_10' title="bbox 275 836 1648 894; baseline 0 -16"><span class='ocrx_word' id='word_1_74' title='bbox 275 840 335 891; x_wconf 84' lang='lat' dir='ltr'>(a.</span> <span class='ocrx_word' id='word_1_75' title='bbox 360 837 437 894; x_wconf 82' lang='lat'>49)</span> <span class='ocrx_word' id='word_1_76' title='bbox 455 838 541 878; x_wconf 60' lang='lat' dir='ltr'>Clo.</span> <span class='ocrx_word' id='word_1_77' title='bbox 558 837 717 878; x_wconf 78' lang='lat' dir='ltr'>adAtt.</span> <span class='ocrx_word' id='word_1_78' title='bbox 734 839 816 888; x_wconf 70' lang='lat' dir='ltr'>IA&#39;,</span> <span class='ocrx_word' id='word_1_79' title='bbox 839 838 914 888; x_wconf 80' lang='lat'>14,</span> <span class='ocrx_word' id='word_1_80' title='bbox 935 837 980 877; x_wconf 85' lang='lat' dir='ltr'>l:</span> <span class='ocrx_word' id='word_1_81' title='bbox 1017 837 1193 879; x_wconf 73' lang='lat' dir='ltr'>Litteras</span> <span class='ocrx_word' id='word_1_82' title='bbox 1216 840 1348 893; x_wconf 85' lang='lat' dir='ltr'>accepi</span> <span class='ocrx_word' id='word_1_83' title='bbox 1370 839 1417 879; x_wconf 86' lang='lat' dir='ltr'>ab</span> <span class='ocrx_word' id='word_1_84' title='bbox 1441 836 1492 891; x_wconf 80' lang='lat' dir='ltr'>Q.</span> <span class='ocrx_word' id='word_1_85' title='bbox 1508 836 1648 889; x_wconf 88' lang='lat' dir='ltr'>Pedio,</span> 
     </span>
    </p>

    <p class='ocr_par' dir='ltr' id='par_1_7' title="bbox 90 904 1652 1231">
     <span class='ocr_line' id='line_1_11' title="bbox 90 904 1650 961; baseline 0.001 -16"><span class='ocrx_word' id='word_1_86' title='bbox 90 914 129 946; x_wconf 80' lang='lat'>10</span> <span class='ocrx_word' id='word_1_87' title='bbox 161 904 375 947; x_wconf 81' lang='lat' dir='ltr'>Caesarem</span> <span class='ocrx_word' id='word_1_88' title='bbox 399 908 445 946; x_wconf 87' lang='lat' dir='ltr'>ad</span> <span class='ocrx_word' id='word_1_89' title='bbox 468 921 511 947; x_wconf 87' lang='lat' dir='ltr'>se</span> <span class='ocrx_word' id='word_1_90' title='bbox 534 906 656 960; x_wconf 83' lang='lat' dir='ltr'>pridie</span> <span class='ocrx_word' id='word_1_91' title='bbox 680 904 736 945; x_wconf 88' lang='lat' dir='ltr'>Id.</span> <span class='ocrx_word' id='word_1_92' title='bbox 762 904 887 946; x_wconf 83' lang='lat' dir='ltr'>Mart.</span> <span class='ocrx_word' id='word_1_93' title='bbox 913 906 1069 946; x_wconf 84' lang='lat' dir='ltr'>misisse</span> <span class='ocrx_word' id='word_1_94' title='bbox 1093 907 1165 946; x_wconf 90' lang='lat' dir='ltr'>hoc</span> <span class='ocrx_word' id='word_1_95' title='bbox 1188 908 1392 960; x_wconf 82' lang='lat' dir='ltr'>exemplo:</span> <span class='ocrx_word' id='word_1_96' title='bbox 1423 905 1650 961; x_wconf 75' lang='lat' dir='ltr'>‘Pompeius</span> 
     </span>
     <span class='ocr_line' id='line_1_12' title="bbox 163 972 1650 1028; baseline 0.001 -14"><span class='ocrx_word' id='word_1_97' title='bbox 163 988 205 1014; x_wconf 88' lang='lat' dir='ltr'>se</span> <span class='ocrx_word' id='word_1_98' title='bbox 235 975 373 1028; x_wconf 89' lang='lat' dir='ltr'>oppido</span> <span class='ocrx_word' id='word_1_99' title='bbox 407 982 523 1015; x_wconf 87' lang='lat' dir='ltr'>tenet.</span> <span class='ocrx_word' id='word_1_100' title='bbox 555 973 645 1014; x_wconf 88' lang='lat' dir='ltr'>Nos</span> <span class='ocrx_word' id='word_1_101' title='bbox 678 974 725 1014; x_wconf 88' lang='lat' dir='ltr'>ad</span> <span class='ocrx_word' id='word_1_102' title='bbox 758 981 891 1027; x_wconf 88' lang='lat' dir='ltr'>portas</span> <span class='ocrx_word' id='word_1_103' title='bbox 924 982 1054 1014; x_wconf 87' lang='lat' dir='ltr'>castra</span> <span class='ocrx_word' id='word_1_104' title='bbox 1079 973 1281 1014; x_wconf 86' lang='lat' dir='ltr'>habemus.</span> <span class='ocrx_word' id='word_1_105' title='bbox 1329 972 1532 1014; x_wconf 89' lang='lat' dir='ltr'>Conamur</span> <span class='ocrx_word' id='word_1_106' title='bbox 1554 988 1650 1028; x_wconf 87' lang='lat' dir='ltr'>opus</span> 
     </span>
     <span class='ocr_line' id='line_1_13' title="bbox 163 1042 1652 1096; baseline 0.001 -16"><span class='ocrx_word' id='word_1_107' title='bbox 163 1056 344 1095; x_wconf 86' lang='lat' dir='ltr'>magnum</span> <span class='ocrx_word' id='word_1_108' title='bbox 369 1050 408 1083; x_wconf 89' lang='lat' dir='ltr'>et</span> <span class='ocrx_word' id='word_1_109' title='bbox 430 1044 638 1082; x_wconf 83' lang='lat' dir='ltr'>multorum</span> <span class='ocrx_word' id='word_1_110' title='bbox 662 1043 813 1082; x_wconf 88' lang='lat' dir='ltr'>dierum</span> <span class='ocrx_word' id='word_1_111' title='bbox 836 1049 994 1096; x_wconf 89' lang='lat' dir='ltr'>propter</span> <span class='ocrx_word' id='word_1_112' title='bbox 1016 1042 1258 1082; x_wconf 75' lang='lat' dir='ltr'>altitudinem</span> <span class='ocrx_word' id='word_1_113' title='bbox 1279 1042 1419 1092; x_wconf 83' lang='lat' dir='ltr'>maris;</span> <span class='ocrx_word' id='word_1_114' title='bbox 1436 1043 1503 1082; x_wconf 85' lang='lat' dir='ltr'>sed</span> <span class='ocrx_word' id='word_1_115' title='bbox 1524 1050 1652 1082; x_wconf 84' lang='lat' dir='ltr'>tamen</span> 
     </span>
     <span class='ocr_line' id='line_1_14' title="bbox 164 1109 1652 1164; baseline -0.001 -15"><span class='ocrx_word' id='word_1_116' title='bbox 164 1110 259 1150; x_wconf 90' lang='lat' dir='ltr'>nihil</span> <span class='ocrx_word' id='word_1_117' title='bbox 289 1118 374 1161; x_wconf 80' lang='lat' dir='ltr'>est⁷</span> <span class='ocrx_word' id='word_1_118' title='bbox 407 1112 506 1163; x_wconf 83' lang='lat' dir='ltr'>quod</span> <span class='ocrx_word' id='word_1_119' title='bbox 541 1109 667 1164; x_wconf 87' lang='lat' dir='ltr'>potius</span> <span class='ocrx_word' id='word_1_120' title='bbox 701 1110 904 1150; x_wconf 83' lang='lat' dir='ltr'>faciamus.</span> <span class='ocrx_word' id='word_1_121' title='bbox 950 1110 1012 1149; x_wconf 91' lang='lat' dir='ltr'>Ab</span> <span class='ocrx_word' id='word_1_122' title='bbox 1037 1117 1203 1162; x_wconf 87' lang='lat' dir='ltr'>utroque</span> <span class='ocrx_word' id='word_1_123' title='bbox 1227 1116 1362 1162; x_wconf 80' lang='lat' dir='ltr'>portus</span> <span class='ocrx_word' id='word_1_124' title='bbox 1385 1123 1507 1149; x_wconf 88' lang='lat' dir='ltr'>cornu</span> <span class='ocrx_word' id='word_1_125' title='bbox 1529 1110 1652 1149; x_wconf 89' lang='lat' dir='ltr'>moles</span> 
     </span>
     <span class='ocr_line' id='line_1_15' title="bbox 162 1175 1652 1231; baseline -0.003 -11"><span class='ocrx_word' id='word_1_126' title='bbox 162 1179 327 1220; x_wconf 89' lang='lat' dir='ltr'>iacimus</span> <span class='ocrx_word' id='word_1_127' title='bbox 344 1209 353 1226; x_wconf 82' lang='grc'>,</span> <span class='ocrx_word' id='word_1_128' title='bbox 387 1186 429 1218; x_wconf 88' lang='lat' dir='ltr'>ut</span> <span class='ocrx_word' id='word_1_129' title='bbox 452 1186 519 1219; x_wconf 89' lang='lat' dir='ltr'>aut</span> <span class='ocrx_word' id='word_1_130' title='bbox 539 1178 645 1218; x_wconf 83' lang='lat' dir='ltr'>illum</span> <span class='ocrx_word' id='word_1_131' title='bbox 669 1193 781 1231; x_wconf 87' lang='lat' dir='ltr'>quam</span> <span class='ocrx_word' id='word_1_132' title='bbox 806 1179 972 1231; x_wconf 90' lang='lat' dir='ltr'>primum</span> <span class='ocrx_word' id='word_1_133' title='bbox 996 1177 1163 1218; x_wconf 78' lang='lat' dir='ltr'>traicere</span> <span class='ocrx_word' id='word_1_134' title='bbox 1187 1177 1290 1231; x_wconf 89' lang='lat' dir='ltr'>quod</span> <span class='ocrx_word' id='word_1_135' title='bbox 1313 1177 1426 1217; x_wconf 86' lang='lat' dir='ltr'>babet</span> <span class='ocrx_word' id='word_1_136' title='bbox 1446 1175 1652 1217; x_wconf 87' lang='lat' dir='ltr'>Brundisii</span> 
     </span>
    </p>

    <p class='ocr_par' dir='ltr' id='par_1_8' title="bbox 92 1245 1124 1301">
     <span class='ocr_line' id='line_1_16' title="bbox 92 1245 1124 1301; baseline -0.002 -14"><span class='ocrx_word' id='word_1_137' title='bbox 92 1256 130 1287; x_wconf 83' lang='lat'>15</span> <span class='ocrx_word' id='word_1_138' title='bbox 162 1247 362 1301; x_wconf 87' lang='lat' dir='ltr'>copiarum</span> <span class='ocrx_word' id='word_1_139' title='bbox 386 1261 571 1301; x_wconf 82' lang='lat' dir='ltr'>cogamus</span> <span class='ocrx_word' id='word_1_140' title='bbox 594 1253 662 1286; x_wconf 89' lang='lat' dir='ltr'>aut</span> <span class='ocrx_word' id='word_1_141' title='bbox 683 1247 796 1286; x_wconf 81' lang='lat' dir='ltr'>exitu</span> <span class='ocrx_word' id='word_1_142' title='bbox 818 1245 1124 1299; x_wconf 74' lang='lat' dir='ltr'>prohibeamus&#39;.</span> 
     </span>
    </p>

    <p class='ocr_par' dir='ltr' id='par_1_9' title="bbox 753 1327 1060 1354">
     <span class='ocr_line' id='line_1_17' title="bbox 753 1327 1060 1354; baseline -0.007 -1"><span class='ocrx_word' id='word_1_143' title='bbox 753 1329 801 1353; x_wconf 82' lang='lat' dir='ltr'>AD</span> <span class='ocrx_word' id='word_1_144' title='bbox 825 1330 859 1354; x_wconf 85' lang='lat' dir='ltr'>L.</span> <span class='ocrx_word' id='word_1_145' title='bbox 883 1327 1060 1353; x_wconf 78' lang='lat' dir='ltr'>1’1SONEM.</span> 
     </span>
    </p>

    <p class='ocr_par' dir='ltr' id='par_1_10' title="bbox 166 1378 1652 1491">
     <span class='ocr_line' id='line_1_18' title="bbox 280 1378 1652 1436; baseline -0.002 -13"><span class='ocrx_word' id='word_1_146' title='bbox 280 1382 444 1423; x_wconf 76' lang='lat' dir='ltr'>Charis.</span> <span class='ocrx_word' id='word_1_147' title='bbox 462 1397 510 1436; x_wconf 76' lang='lat' dir='ltr'>p.</span> <span class='ocrx_word' id='word_1_148' title='bbox 525 1381 580 1423; x_wconf 82' lang='lat'>60</span> <span class='ocrx_word' id='word_1_149' title='bbox 596 1381 645 1422; x_wconf 90' lang='grc' dir='ltr'>Ρ.</span> <span class='ocrx_word' id='word_1_150' title='bbox 665 1399 674 1422; x_wconf 80' lang='lat' dir='ltr'><strong><em>z</em></strong></span> <span class='ocrx_word' id='word_1_151' title='bbox 711 1380 865 1422; x_wconf 88' lang='lat' dir='ltr'>Caesar</span> <span class='ocrx_word' id='word_1_152' title='bbox 886 1382 933 1422; x_wconf 89' lang='lat' dir='ltr'>ad</span> <span class='ocrx_word' id='word_1_153' title='bbox 945 1379 1129 1421; x_wconf 85' lang='lat' dir='ltr'>Pisonem</span> <span class='ocrx_word' id='word_1_154' title='bbox 1148 1399 1155 1420; x_wconf 94' lang='lat'><strong>:</strong></span> <span class='ocrx_word' id='word_1_155' title='bbox 1186 1378 1405 1421; x_wconf 88' lang='lat' dir='ltr'>‘Locellum</span> <span class='ocrx_word' id='word_1_156' title='bbox 1429 1381 1497 1421; x_wconf 89' lang='lat' dir='ltr'>tibi</span> <span class='ocrx_word' id='word_1_157' title='bbox 1519 1380 1652 1435; x_wconf 85' lang='lat' dir='ltr'>signa-</span> 
     </span>
     <span class='ocr_line' id='line_1_19' title="bbox 166 1449 430 1491; baseline -0.004 0"><span class='ocrx_word' id='word_1_158' title='bbox 166 1459 245 1491; x_wconf 89' lang='lat' dir='ltr'>tum</span> <span class='ocrx_word' id='word_1_159' title='bbox 266 1449 430 1491; x_wconf 84' lang='lat' dir='ltr'>remisi&#39;.</span> 
     </span>
    </p>

    <p class='ocr_par' dir='ltr' id='par_1_11' title="bbox 745 1533 1064 1560">
     <span class='ocr_line' id='line_1_20' title="bbox 745 1533 1064 1560; baseline -0.003 -2"><span class='ocrx_word' id='word_1_160' title='bbox 745 1534 792 1558; x_wconf 75' lang='lat' dir='ltr'>An</span> <span class='ocrx_word' id='word_1_161' title='bbox 823 1535 857 1560; x_wconf 86' lang='lat' dir='ltr'>P.</span> <span class='ocrx_word' id='word_1_162' title='bbox 881 1533 1064 1559; x_wconf 65' lang='lat' dir='ltr'>cromvm.</span> 
     </span>
    </p>

    <p class='ocr_par' dir='ltr' id='par_1_12' title="bbox 87 1585 1654 1913">
     <span class='ocr_line' id='line_1_21' title="bbox 87 1585 1649 1641; baseline -0.001 -14"><span class='ocrx_word' id='word_1_163' title='bbox 87 1594 130 1627; x_wconf 77' lang='lat'>20</span> <span class='ocrx_word' id='word_1_164' title='bbox 276 1590 335 1638; x_wconf 77' lang='lat' dir='ltr'>(a.</span> <span class='ocrx_word' id='word_1_165' title='bbox 363 1587 435 1639; x_wconf 84' lang='lat'>58)</span> <span class='ocrx_word' id='word_1_166' title='bbox 463 1587 550 1629; x_wconf 68' lang='lat' dir='ltr'>Cic.</span> <span class='ocrx_word' id='word_1_167' title='bbox 573 1601 650 1641; x_wconf 76' lang='lat' dir='ltr'>pro</span> <span class='ocrx_word' id='word_1_168' title='bbox 674 1587 789 1627; x_wconf 83' lang='lat' dir='ltr'>domo</span> <span class='ocrx_word' id='word_1_169' title='bbox 812 1585 853 1636; x_wconf 80' lang='grc'>9,</span> <span class='ocrx_word' id='word_1_170' title='bbox 874 1586 954 1628; x_wconf 76' lang='lat'>22:</span> <span class='ocrx_word' id='word_1_171' title='bbox 987 1586 1164 1626; x_wconf 81' lang='lat' dir='ltr'>Litteras</span> <span class='ocrx_word' id='word_1_172' title='bbox 1186 1586 1227 1626; x_wconf 94' lang='lat' dir='ltr'>in</span> <span class='ocrx_word' id='word_1_173' title='bbox 1249 1586 1434 1625; x_wconf 88' lang='lat' dir='ltr'>contione</span> <span class='ocrx_word' id='word_1_174' title='bbox 1457 1585 1649 1636; x_wconf 78' lang='lat' dir='ltr'>recitasti,</span> 
     </span>
     <span class='ocr_line' id='line_1_22' title="bbox 165 1651 1652 1708; baseline -0.001 -14"><span class='ocrx_word' id='word_1_175' title='bbox 165 1669 261 1708; x_wconf 89' lang='lat' dir='ltr'>quas</span> <span class='ocrx_word' id='word_1_176' title='bbox 296 1655 363 1694; x_wconf 89' lang='lat' dir='ltr'>tibi</span> <span class='ocrx_word' id='word_1_177' title='bbox 397 1669 417 1695; x_wconf 86' lang='lat' dir='ltr'>a</span> <span class='ocrx_word' id='word_1_178' title='bbox 451 1652 499 1695; x_wconf 87' lang='lat' dir='ltr'>C.</span> <span class='ocrx_word' id='word_1_179' title='bbox 527 1653 702 1695; x_wconf 77' lang='lat' dir='ltr'>Caesare</span> <span class='ocrx_word' id='word_1_180' title='bbox 734 1655 879 1695; x_wconf 84' lang='lat' dir='ltr'>missas</span> <span class='ocrx_word' id='word_1_181' title='bbox 912 1654 1089 1694; x_wconf 82' lang='lat' dir='ltr'>diceres:</span> <span class='ocrx_word' id='word_1_182' title='bbox 1127 1651 1297 1693; x_wconf 81' lang='lat' dir='ltr'>‘Caesar</span> <span class='ocrx_word' id='word_1_183' title='bbox 1317 1652 1530 1703; x_wconf 79' lang='lat' dir='ltr'>Pulchro&#39;,</span> <span class='ocrx_word' id='word_1_184' title='bbox 1566 1668 1652 1693; x_wconf 89' lang='lat' dir='ltr'>cum</span> 
     </span>
     <span class='ocr_line' id='line_1_23' title="bbox 163 1721 1652 1776; baseline -0.001 -14"><span class='ocrx_word' id='word_1_185' title='bbox 163 1723 280 1762; x_wconf 85' lang='lat' dir='ltr'>etiam</span> <span class='ocrx_word' id='word_1_186' title='bbox 313 1737 355 1763; x_wconf 93' lang='lat' dir='ltr'>es</span> <span class='ocrx_word' id='word_1_187' title='bbox 387 1730 684 1776; x_wconf 85' lang='lat' dir='ltr'>argumentatus</span> <span class='ocrx_word' id='word_1_188' title='bbox 715 1724 860 1763; x_wconf 90' lang='lat' dir='ltr'>amoris</span> <span class='ocrx_word' id='word_1_189' title='bbox 890 1736 978 1762; x_wconf 88' lang='lat' dir='ltr'>esse</span> <span class='ocrx_word' id='word_1_190' title='bbox 1010 1723 1080 1761; x_wconf 88' lang='lat' dir='ltr'>hoc</span> <span class='ocrx_word' id='word_1_191' title='bbox 1103 1722 1284 1775; x_wconf 79' lang='lat' dir='ltr'>signum,</span> <span class='ocrx_word' id='word_1_192' title='bbox 1319 1735 1405 1760; x_wconf 90' lang='lat' dir='ltr'>cum</span> <span class='ocrx_word' id='word_1_193' title='bbox 1430 1721 1652 1761; x_wconf 88' lang='lat' dir='ltr'>nominibus</span> 
     </span>
     <span class='ocr_line' id='line_1_24' title="bbox 164 1788 1651 1844; baseline -0.001 -14"><span class='ocrx_word' id='word_1_194' title='bbox 164 1797 315 1830; x_wconf 85' lang='lat' dir='ltr'>tantum</span> <span class='ocrx_word' id='word_1_195' title='bbox 353 1798 534 1830; x_wconf 89' lang='lat' dir='ltr'>uteretur</span> <span class='ocrx_word' id='word_1_196' title='bbox 567 1804 693 1843; x_wconf 90' lang='lat' dir='ltr'>neque</span> <span class='ocrx_word' id='word_1_197' title='bbox 726 1791 944 1830; x_wconf 79' lang='lat' dir='ltr'>ascriberet</span> <span class='ocrx_word' id='word_1_198' title='bbox 973 1789 1185 1844; x_wconf 87' lang='lat' dir='ltr'>proconsul</span> <span class='ocrx_word' id='word_1_199' title='bbox 1216 1796 1283 1829; x_wconf 86' lang='lat' dir='ltr'>aut</span> <span class='ocrx_word' id='word_1_200' title='bbox 1315 1789 1471 1829; x_wconf 92' lang='lat' dir='ltr'>tribuno</span> <span class='ocrx_word' id='word_1_201' title='bbox 1503 1788 1651 1842; x_wconf 70' lang='lat' dir='ltr'>plebisz,</span> 
     </span>
     <span class='ocr_line' id='line_1_25' title="bbox 164 1855 1654 1913; baseline -0.001 -15"><span class='ocrx_word' id='word_1_202' title='bbox 164 1859 301 1899; x_wconf 86' lang='lat' dir='ltr'>deinde</span> <span class='ocrx_word' id='word_1_203' title='bbox 324 1859 514 1913; x_wconf 81' lang='lat' dir='ltr'>gratulari</span> <span class='ocrx_word' id='word_1_204' title='bbox 538 1859 631 1908; x_wconf 83' lang='lat' dir='ltr'>tibi,</span> <span class='ocrx_word' id='word_1_205' title='bbox 665 1859 764 1911; x_wconf 88' lang='lat' dir='ltr'>quod</span> <span class='ocrx_word' id='word_1_206' title='bbox 788 1859 906 1912; x_wconf 88' lang='lat' dir='ltr'>[idem</span> <span class='ocrx_word' id='word_1_207' title='bbox 929 1858 969 1897; x_wconf 90' lang='lat' dir='ltr'>in</span> <span class='ocrx_word' id='word_1_208' title='bbox 992 1858 1209 1912; x_wconf 89' lang='lat' dir='ltr'>posterum]</span> <span class='ocrx_word' id='word_1_209' title='bbox 1233 1855 1290 1896; x_wconf 82' lang='lat' dir='ltr'>M.</span> <span class='ocrx_word' id='word_1_210' title='bbox 1315 1856 1508 1898; x_wconf 87' lang='lat' dir='ltr'>Catonem</span> <span class='ocrx_word' id='word_1_211' title='bbox 1532 1857 1654 1896; x_wconf 89' lang='lat' dir='ltr'>tribu-</span> 
     </span>
    </p>

    <p class='ocr_par' dir='ltr' id='par_1_13' title="bbox 88 1925 1654 2250">
     <span class='ocr_line' id='line_1_26' title="bbox 88 1925 1653 1979; baseline -0.001 -13"><span class='ocrx_word' id='word_1_212' title='bbox 88 1933 130 1966; x_wconf 77' lang='lat'>25</span> <span class='ocrx_word' id='word_1_213' title='bbox 163 1934 257 1966; x_wconf 87' lang='lat' dir='ltr'>natu</span> <span class='ocrx_word' id='word_1_214' title='bbox 286 1933 352 1965; x_wconf 87' lang='lat' dir='ltr'>tuo</span> <span class='ocrx_word' id='word_1_215' title='bbox 376 1926 614 1966; x_wconf 85' lang='lat' dir='ltr'>remouisses</span> <span class='ocrx_word' id='word_1_216' title='bbox 638 1934 677 1966; x_wconf 88' lang='lat' dir='ltr'>et</span> <span class='ocrx_word' id='word_1_217' title='bbox 699 1927 799 1979; x_wconf 86' lang='lat' dir='ltr'>quod</span> <span class='ocrx_word' id='word_1_218' title='bbox 822 1926 946 1966; x_wconf 86' lang='lat' dir='ltr'>eidem</span> <span class='ocrx_word' id='word_1_219' title='bbox 971 1925 1009 1965; x_wconf 91' lang='lat' dir='ltr'>in</span> <span class='ocrx_word' id='word_1_220' title='bbox 1031 1933 1230 1979; x_wconf 90' lang='lat' dir='ltr'>posterum</span> <span class='ocrx_word' id='word_1_221' title='bbox 1253 1927 1298 1965; x_wconf 90' lang='lat' dir='ltr'>de</span> <span class='ocrx_word' id='word_1_222' title='bbox 1321 1925 1653 1965; x_wconf 67' lang='lat' dir='ltr'>extraordinariis</span> 
     </span>
     <span class='ocr_line' id='line_1_27' title="bbox 166 1993 1654 2048; baseline -0.001 -14"><span class='ocrx_word' id='word_1_223' title='bbox 166 1994 426 2048; x_wconf 76' lang='lat' dir='ltr'>potestatibus</span> <span class='ocrx_word' id='word_1_224' title='bbox 457 1993 676 2033; x_wconf 85' lang='lat' dir='ltr'>libertatem</span> <span class='ocrx_word' id='word_1_225' title='bbox 700 1994 940 2043; x_wconf 76' lang='lat' dir='ltr'>ademisses3</span> <span class='ocrx_word' id='word_1_226' title='bbox 974 2008 1069 2045; x_wconf 86' lang='lat' dir='ltr'>quas</span> <span class='ocrx_word' id='word_1_227' title='bbox 1093 2001 1158 2033; x_wconf 81' lang='lat' dir='ltr'>aut</span> <span class='ocrx_word' id='word_1_228' title='bbox 1179 2008 1387 2046; x_wconf 88' lang='lat' dir='ltr'>numquam</span> <span class='ocrx_word' id='word_1_229' title='bbox 1413 1994 1481 2032; x_wconf 90' lang='lat' dir='ltr'>tibi</span> <span class='ocrx_word' id='word_1_230' title='bbox 1504 1994 1568 2033; x_wconf 83' lang='lat' dir='ltr'>ille</span> <span class='ocrx_word' id='word_1_231' title='bbox 1591 1993 1654 2033; x_wconf 86' lang='lat' dir='ltr'>lit-</span> 
     </span>
     <span class='ocr_line' id='line_1_28' title="bbox 166 2061 1654 2112; baseline -0.001 -9"><span class='ocrx_word' id='word_1_232' title='bbox 166 2070 270 2103; x_wconf 87' lang='lat' dir='ltr'>teras</span> <span class='ocrx_word' id='word_1_233' title='bbox 294 2062 422 2112; x_wconf 84' lang='lat' dir='ltr'>misit,</span> <span class='ocrx_word' id='word_1_234' title='bbox 456 2069 523 2102; x_wconf 89' lang='lat' dir='ltr'>aut</span> <span class='ocrx_word' id='word_1_235' title='bbox 544 2061 578 2102; x_wconf 89' lang='lat' dir='ltr'>si</span> <span class='ocrx_word' id='word_1_236' title='bbox 600 2062 704 2102; x_wconf 88' lang='lat' dir='ltr'>misit</span> <span class='ocrx_word' id='word_1_237' title='bbox 723 2093 732 2111; x_wconf 90' lang='lat'>‚</span> <span class='ocrx_word' id='word_1_238' title='bbox 767 2061 806 2101; x_wconf 92' lang='lat' dir='ltr'>in</span> <span class='ocrx_word' id='word_1_239' title='bbox 829 2062 1014 2101; x_wconf 89' lang='lat' dir='ltr'>contione</span> <span class='ocrx_word' id='word_1_240' title='bbox 1036 2062 1197 2102; x_wconf 87' lang='lat' dir='ltr'>recitari</span> <span class='ocrx_word' id='word_1_241' title='bbox 1221 2062 1343 2102; x_wconf 88' lang='lat' dir='ltr'>noluit</span> <span class='ocrx_word' id='word_1_242' title='bbox 1361 2093 1371 2112; x_wconf 81' lang='lat'><strong>‚</strong></span> <span class='ocrx_word' id='word_1_243' title='bbox 1396 2068 1462 2101; x_wconf 88' lang='lat' dir='ltr'>aut</span> <span class='ocrx_word' id='word_1_244' title='bbox 1483 2061 1567 2101; x_wconf 90' lang='lat' dir='ltr'>sine</span> <span class='ocrx_word' id='word_1_245' title='bbox 1588 2061 1654 2101; x_wconf 87' lang='lat' dir='ltr'>ille</span> 
     </span>
     <span class='ocr_line' id='line_1_29' title="bbox 163 2126 1654 2180; baseline -0.001 -10"><span class='ocrx_word' id='word_1_246' title='bbox 163 2131 296 2180; x_wconf 84' lang='lat' dir='ltr'>misit,</span> <span class='ocrx_word' id='word_1_247' title='bbox 322 2131 404 2171; x_wconf 91' lang='lat' dir='ltr'>siue</span> <span class='ocrx_word' id='word_1_248' title='bbox 428 2138 469 2170; x_wconf 90' lang='lat' dir='ltr'>tu</span> <span class='ocrx_word' id='word_1_249' title='bbox 490 2129 640 2170; x_wconf 81' lang='lat' dir='ltr'>finxisti</span> <span class='ocrx_word' id='word_1_250' title='bbox 658 2161 667 2179; x_wconf 82' lang='lat'>,</span> <span class='ocrx_word' id='word_1_251' title='bbox 694 2137 800 2170; x_wconf 89' lang='lat' dir='ltr'>certe</span> <span class='ocrx_word' id='word_1_252' title='bbox 823 2129 1026 2170; x_wconf 85' lang='lat' dir='ltr'>consilium</span> <span class='ocrx_word' id='word_1_253' title='bbox 1051 2137 1159 2169; x_wconf 89' lang='lat' dir='ltr'>tuum</span> <span class='ocrx_word' id='word_1_254' title='bbox 1181 2130 1228 2170; x_wconf 90' lang='lat' dir='ltr'>de</span> <span class='ocrx_word' id='word_1_255' title='bbox 1251 2126 1414 2170; x_wconf 88' lang='lat' dir='ltr'>Catonis</span> <span class='ocrx_word' id='word_1_256' title='bbox 1439 2130 1587 2170; x_wconf 88' lang='lat' dir='ltr'>honore</span> <span class='ocrx_word' id='word_1_257' title='bbox 1609 2129 1654 2168; x_wconf 89' lang='lat' dir='ltr'>il-</span> 
     </span>
     <span class='ocr_line' id='line_1_30' title="bbox 165 2197 1148 2250; baseline -0.002 -12"><span class='ocrx_word' id='word_1_258' title='bbox 165 2199 285 2239; x_wconf 87' lang='lat' dir='ltr'>larum</span> <span class='ocrx_word' id='word_1_259' title='bbox 309 2198 531 2238; x_wconf 85' lang='lat' dir='ltr'>litterarum</span> <span class='ocrx_word' id='word_1_260' title='bbox 554 2198 788 2238; x_wconf 83' lang='lat' dir='ltr'>recitatione</span> <span class='ocrx_word' id='word_1_261' title='bbox 811 2197 1048 2250; x_wconf 88' lang='lat' dir='ltr'>patefactum</span> <span class='ocrx_word' id='word_1_262' title='bbox 1072 2204 1148 2237; x_wconf 88' lang='lat' dir='ltr'>est.</span> 
     </span>
    </p>

    <p class='ocr_par' dir='ltr' id='par_1_14' title="bbox 89 2274 1072 2307">
     <span class='ocr_line' id='line_1_31' title="bbox 89 2274 1072 2307; baseline -0.002 -1"><span class='ocrx_word' id='word_1_263' title='bbox 89 2274 131 2306; x_wconf 87' lang='grc'>30</span> <span class='ocrx_word' id='word_1_264' title='bbox 746 2280 795 2307; x_wconf 78' lang='lat' dir='ltr'>AD</span> <span class='ocrx_word' id='word_1_265' title='bbox 816 2280 858 2305; x_wconf 85' lang='lat' dir='ltr'>M.</span> <span class='ocrx_word' id='word_1_266' title='bbox 885 2279 1072 2305; x_wconf 70' lang='lat' dir='ltr'>cRAssvm.</span> 
     </span>
    </p>

    <p class='ocr_par' dir='ltr' id='par_1_15' title="bbox 165 2329 1658 2596">
     <span class='ocr_line' id='line_1_32' title="bbox 277 2329 1654 2389; baseline 0.001 -16"><span class='ocrx_word' id='word_1_267' title='bbox 277 2336 335 2384; x_wconf 72' lang='lat' dir='ltr'>(a.</span> <span class='ocrx_word' id='word_1_268' title='bbox 363 2332 434 2386; x_wconf 80' lang='lat'>55)</span> <span class='ocrx_word' id='word_1_269' title='bbox 456 2333 568 2374; x_wconf 70' lang='lat' dir='ltr'>Plat.</span> <span class='ocrx_word' id='word_1_270' title='bbox 593 2333 733 2374; x_wconf 76' lang='lat' dir='ltr'>Crass.</span> <span class='ocrx_word' id='word_1_271' title='bbox 752 2332 826 2373; x_wconf 72' lang='lat'>16:</span> <span class='ocrx_word' id='word_1_272' title='bbox 861 2331 1025 2375; x_wconf 75' lang='grc' dir='ltr'><strong><em>Καίτοι</em></strong></span> <span class='ocrx_word' id='word_1_273' title='bbox 1046 2333 1103 2389; x_wconf 79' lang='grc' dir='ltr'>τῷ</span> <span class='ocrx_word' id='word_1_274' title='bbox 1126 2332 1339 2388; x_wconf 71' lang='grc' dir='ltr'><strong><em>γραφέντι</em></strong></span> <span class='ocrx_word' id='word_1_275' title='bbox 1362 2333 1461 2388; x_wconf 75' lang='grc' dir='ltr'><strong><em>περὶ</em></strong></span> <span class='ocrx_word' id='word_1_276' title='bbox 1484 2329 1654 2375; x_wconf 77' lang='grc' dir='ltr'><strong><em>τούτων</em></strong></span> 
     </span>
     <span class='ocr_line' id='line_1_33' title="bbox 165 2395 1657 2458; baseline -0.002 -14"><span class='ocrx_word' id='word_1_277' title='bbox 165 2399 288 2458; x_wconf 65' lang='grc' dir='ltr'>νόμῳ</span> <span class='ocrx_word' id='word_1_278' title='bbox 313 2401 552 2456; x_wconf 71' lang='grc' dir='ltr'><strong><em>Παρθικὸς</em></strong></span> <span class='ocrx_word' id='word_1_279' title='bbox 573 2400 768 2456; x_wconf 77' lang='grc' dir='ltr'><strong><em>πόλεμος</em></strong></span> <span class='ocrx_word' id='word_1_280' title='bbox 791 2398 843 2442; x_wconf 80' lang='grc' dir='ltr'>οὐ</span> <span class='ocrx_word' id='word_1_281' title='bbox 865 2401 1051 2455; x_wconf 74' lang='grc' dir='ltr'><strong><em>προσῆν.</em></strong></span> <span class='ocrx_word' id='word_1_282' title='bbox 1077 2397 1295 2443; x_wconf 72' lang='grc' dir='ltr'><strong><em>’Ήιὸεσαν</em></strong></span> <span class='ocrx_word' id='word_1_283' title='bbox 1317 2399 1363 2442; x_wconf 71' lang='grc' dir='ltr'>δὲ</span> <span class='ocrx_word' id='word_1_284' title='bbox 1387 2395 1570 2447; x_wconf 71' lang='grc' dir='ltr'>πάντες,</span> <span class='ocrx_word' id='word_1_285' title='bbox 1590 2397 1657 2442; x_wconf 85' lang='grc' dir='ltr'>ὅτι</span> 
     </span>
     <span class='ocr_line' id='line_1_34' title="bbox 166 2465 1658 2524; baseline 0.001 -15"><span class='ocrx_word' id='word_1_286' title='bbox 166 2469 275 2522; x_wconf 73' lang='grc' dir='ltr'><strong><em>πρὸς</em></strong></span> <span class='ocrx_word' id='word_1_287' title='bbox 307 2471 437 2512; x_wconf 83' lang='grc' dir='ltr'><strong><em>τοῦτο</em></strong></span> <span class='ocrx_word' id='word_1_288' title='bbox 464 2468 672 2524; x_wconf 66' lang='grc' dir='ltr'><strong><em>Κράσσος</em></strong></span> <span class='ocrx_word' id='word_1_289' title='bbox 704 2465 944 2524; x_wconf 62' lang='grc' dir='ltr'><strong><em>ἐπτόηται·</em></strong></span> <span class='ocrx_word' id='word_1_290' title='bbox 971 2470 1041 2511; x_wconf 80' lang='grc' dir='ltr'>καὶ</span> <span class='ocrx_word' id='word_1_291' title='bbox 1075 2471 1253 2523; x_wconf 82' lang='grc' dir='ltr'><strong><em>Καῖσαρ</em></strong></span> <span class='ocrx_word' id='word_1_292' title='bbox 1285 2472 1330 2510; x_wconf 79' lang='grc' dir='ltr'>ἐκ</span> <span class='ocrx_word' id='word_1_293' title='bbox 1354 2468 1580 2514; x_wconf 72' lang='grc' dir='ltr'>Γαλατίας</span> <span class='ocrx_word' id='word_1_294' title='bbox 1610 2471 1658 2510; x_wconf 76' lang='grc' dir='ltr'>ἔ-</span> 
     </span>
     <span class='ocr_line' id='line_1_35' title="bbox 167 2533 1655 2596; baseline -0.001 -17"><span class='ocrx_word' id='word_1_295' title='bbox 167 2547 342 2591; x_wconf 67' lang='grc' dir='ltr'><strong><em>γραψεν</em></strong></span> <span class='ocrx_word' id='word_1_296' title='bbox 365 2535 478 2596; x_wconf 76' lang='grc' dir='ltr'><strong><em>αὐτῷ</em></strong></span> <span class='ocrx_word' id='word_1_297' title='bbox 501 2538 584 2593; x_wconf 64' lang='grc' dir='ltr'>τήν</span> <span class='ocrx_word' id='word_1_298' title='bbox 606 2535 755 2594; x_wconf 65' lang='grc' dir='ltr'><strong><em>ὁρμήν</em></strong></span> <span class='ocrx_word' id='word_1_299' title='bbox 778 2537 978 2579; x_wconf 75' lang='grc' dir='ltr'>ἐπαινῶν</span> <span class='ocrx_word' id='word_1_300' title='bbox 1002 2537 1073 2579; x_wconf 78' lang='grc' dir='ltr'>καὶ</span> <span class='ocrx_word' id='word_1_301' title='bbox 1095 2533 1356 2591; x_wconf 74' lang='grc' dir='ltr'><strong><em>παροξύνων</em></strong></span> <span class='ocrx_word' id='word_1_302' title='bbox 1380 2537 1451 2578; x_wconf 78' lang='grc' dir='ltr'>ἐπὶ</span> <span class='ocrx_word' id='word_1_303' title='bbox 1475 2536 1553 2579; x_wconf 76' lang='grc' dir='ltr'>τὸν</span> <span class='ocrx_word' id='word_1_304' title='bbox 1572 2534 1655 2577; x_wconf 75' lang='grc' dir='ltr'>πό-</span> 
     </span>
    </p>

    <p class='ocr_par' dir='ltr' id='par_1_16' title="bbox 93 2605 319 2659">
     <span class='ocr_line' id='line_1_36' title="bbox 93 2605 319 2659; baseline 0 -16"><span class='ocrx_word' id='word_1_305' title='bbox 93 2611 134 2643; x_wconf 87' lang='lat'>35</span> <span class='ocrx_word' id='word_1_306' title='bbox 168 2605 319 2659; x_wconf 69' lang='grc' dir='ltr'><strong><em>λεμον.</em></strong></span> 
     </span>
    </p>
   </div>
   <div class='ocr_carea' id='block_1_3' title="bbox 165 2680 1662 2931">
    <p class='ocr_par' dir='ltr' id='par_1_17' title="bbox 165 2680 1662 2931">
     <span class='ocr_line' id='line_1_37' title="bbox 312 2680 1657 2722; baseline -0.002 -10"><span class='ocrx_word' id='word_1_307' title='bbox 312 2680 331 2712; x_wconf 79' lang='grc'><strong>6</strong></span> <span class='ocrx_word' id='word_1_308' title='bbox 345 2690 409 2721; x_wconf 89' lang='lat' dir='ltr'>quo</span> <span class='ocrx_word' id='word_1_309' title='bbox 429 2681 505 2712; x_wconf 84' lang='lat' dir='ltr'>eod.</span> <span class='ocrx_word' id='word_1_310' title='bbox 525 2681 715 2720; x_wconf 76' lang='lat' dir='ltr'>Lambini;</span> <span class='ocrx_word' id='word_1_311' title='bbox 737 2691 801 2722; x_wconf 85' lang='lat' dir='ltr'>que</span> <span class='ocrx_word' id='word_1_312' title='bbox 816 2680 1009 2721; x_wconf 66' lang='lat' dir='ltr'>Medieeus,</span> <span class='ocrx_word' id='word_1_313' title='bbox 1031 2691 1116 2722; x_wconf 89' lang='lat' dir='ltr'>quae</span> <span class='ocrx_word' id='word_1_314' title='bbox 1136 2680 1214 2712; x_wconf 80' lang='lat' dir='ltr'>edd.</span> <span class='ocrx_word' id='word_1_315' title='bbox 1231 2683 1373 2721; x_wconf 70' lang='lat' dir='ltr'>primae</span> <span class='ocrx_word' id='word_1_316' title='bbox 1386 2693 1395 2711; x_wconf 93' lang='lat'><em>:</em></span> <span class='ocrx_word' id='word_1_317' title='bbox 1417 2690 1514 2721; x_wconf 79' lang='lat' dir='ltr'>quenl</span> <span class='ocrx_word' id='word_1_318' title='bbox 1527 2681 1657 2710; x_wconf 72' lang='lat' dir='ltr'>Ascen-</span> 
     </span>
     <span class='ocr_line' id='line_1_38' title="bbox 168 2730 1655 2773; baseline 0 -11"><span class='ocrx_word' id='word_1_319' title='bbox 168 2734 272 2763; x_wconf 77' lang='grc' dir='ltr'><strong><em>είαηα</em></strong></span> <span class='ocrx_word' id='word_1_320' title='bbox 288 2734 421 2773; x_wconf 79' lang='lat' dir='ltr'>prima.</span> <span class='ocrx_word' id='word_1_321' title='bbox 595 2733 633 2765; x_wconf 84' lang='lat'>15</span> <span class='ocrx_word' id='word_1_322' title='bbox 655 2733 783 2764; x_wconf 84' lang='lat' dir='ltr'>exitum</span> <span class='ocrx_word' id='word_1_323' title='bbox 802 2732 995 2763; x_wconf 71' lang='lat' dir='ltr'>Medz‘ceus.</span> <span class='ocrx_word' id='word_1_324' title='bbox 1173 2732 1210 2763; x_wconf 90' lang='grc'>17</span> <span class='ocrx_word' id='word_1_325' title='bbox 1231 2732 1359 2762; x_wconf 82' lang='lat' dir='ltr'>Caesar</span> <span class='ocrx_word' id='word_1_326' title='bbox 1379 2732 1417 2762; x_wconf 86' lang='lat' dir='ltr'>de</span> <span class='ocrx_word' id='word_1_327' title='bbox 1437 2731 1559 2762; x_wconf 81' lang='lat' dir='ltr'>Pisone</span> <span class='ocrx_word' id='word_1_328' title='bbox 1580 2730 1655 2762; x_wconf 74' lang='lat' dir='ltr'>cod.</span> 
     </span>
     <span class='ocr_line' id='line_1_39' title="bbox 312 2782 1662 2825; baseline -0.001 -10"><span class='ocrx_word' id='word_1_329' title='bbox 312 2784 354 2817; x_wconf 79' lang='lat'>23</span> <span class='ocrx_word' id='word_1_330' title='bbox 368 2783 570 2824; x_wconf 86' lang='lat' dir='ltr'>proconsule</span> <span class='ocrx_word' id='word_1_331' title='bbox 582 2784 806 2815; x_wconf 66' lang='lat' dir='ltr'>Francianus</span> <span class='ocrx_word' id='word_1_332' title='bbox 820 2786 975 2825; x_wconf 69' lang='lat' dir='ltr'>primus.</span> <span class='ocrx_word' id='word_1_333' title='bbox 1117 2784 1160 2815; x_wconf 75' lang='lat'>24</span> <span class='ocrx_word' id='word_1_334' title='bbox 1174 2784 1257 2814; x_wconf 85' lang='lat' dir='ltr'>idem</span> <span class='ocrx_word' id='word_1_335' title='bbox 1280 2783 1310 2813; x_wconf 91' lang='lat' dir='ltr'>in</span> <span class='ocrx_word' id='word_1_336' title='bbox 1333 2787 1505 2824; x_wconf 86' lang='lat' dir='ltr'>posterum</span> <span class='ocrx_word' id='word_1_337' title='bbox 1526 2782 1662 2813; x_wconf 72' lang='lat' dir='ltr'>deleuit</span> 
     </span>
     <span class='ocr_line' id='line_1_40' title="bbox 169 2832 1659 2877; baseline -0.002 -9"><span class='ocrx_word' id='word_1_338' title='bbox 169 2834 380 2868; x_wconf 74' lang='lat' dir='ltr'>Lambinus.</span> <span class='ocrx_word' id='word_1_339' title='bbox 513 2836 554 2869; x_wconf 81' lang='lat'>25</span> <span class='ocrx_word' id='word_1_340' title='bbox 568 2836 676 2868; x_wconf 80' lang='lat' dir='ltr'>eidem</span> <span class='ocrx_word' id='word_1_341' title='bbox 689 2836 856 2876; x_wconf 77' lang='lat' dir='ltr'>l·’rsz·nus‚</span> <span class='ocrx_word' id='word_1_342' title='bbox 871 2836 958 2867; x_wconf 89' lang='lat' dir='ltr'>idem</span> <span class='ocrx_word' id='word_1_343' title='bbox 970 2835 1070 2867; x_wconf 77' lang='lat' dir='ltr'>codd.</span> <span class='ocrx_word' id='word_1_344' title='bbox 1206 2835 1249 2867; x_wconf 78' lang='lat'>32</span> <span class='ocrx_word' id='word_1_345' title='bbox 1262 2832 1450 2877; x_wconf 71' lang='grc' dir='ltr'><strong><em>Παρθικὸς</em></strong></span> <span class='ocrx_word' id='word_1_346' title='bbox 1458 2834 1659 2876; x_wconf 73' lang='lat' dir='ltr'>pseudoap-</span> 
     </span>
     <span class='ocr_line' id='line_1_41' title="bbox 165 2883 1655 2931; baseline -0.002 -11"><span class='ocrx_word' id='word_1_347' title='bbox 165 2890 311 2930; x_wconf 71' lang='lat' dir='ltr'>pinnas,</span> <span class='ocrx_word' id='word_1_348' title='bbox 325 2884 496 2931; x_wconf 79' lang='grc' dir='ltr'><strong><em>πάροικος</em></strong></span> <span class='ocrx_word' id='word_1_349' title='bbox 508 2887 605 2920; x_wconf 81' lang='lat' dir='ltr'>codd.</span> <span class='ocrx_word' id='word_1_350' title='bbox 726 2888 768 2920; x_wconf 85' lang='lat'>33</span> <span class='ocrx_word' id='word_1_351' title='bbox 778 2884 932 2929; x_wconf 81' lang='grc' dir='ltr'><strong><em>ἐπτόητο</em></strong></span> <span class='ocrx_word' id='word_1_352' title='bbox 943 2887 1274 2928; x_wconf 69' lang='grc' dir='ltr'>Ρεοιιιίοαρμτάηιιε.</span> <span class='ocrx_word' id='word_1_353' title='bbox 1391 2883 1541 2929; x_wconf 68' lang='grc' dir='ltr'>ἔγραφεν</span> <span class='ocrx_word' id='word_1_354' title='bbox 1552 2885 1655 2918; x_wconf 74' lang='lat' dir='ltr'>idem.</span> 
     </span>
    </p>
   </div>
  </div>
 </body>
</html>
