1835 3240
75 185 159 227 492
360 185 432 227 DE
456 185 505 227 Β.
533 185 699 228 GALL.
727 185 909 228 COMM.
935 183 1034 227 VIII
1057 182 1179 226 CAP.
1206 184 1403 227 54—55.

151 298 269 338 animi
291 299 537 340 inimieorum
561 297 763 347 Caesaris,
789 298 857 338 sed
879 297 1203 348 admonebantur,
1228 314 1302 352 quo
1325 299 1494 339 maiores
1516 312 1630 352 para·

151 373 242 405 rent
263 368 540 414 necessitates,
566 367 701 420 quihus
725 365 812 418 cogi
835 373 970 419 posset
990 373 1152 406 senatus
1174 366 1212 406 id
1234 367 1416 419 probare,
1441 366 1539 421 quod
1557 365 1630 419 ipsi

75 431 132 478 54
154 434 467 474 constituissent.
512 432 579 474 Fit
601 434 740 473 deinde
762 434 1163 484 senatusconsultum,
1189 441 1230 473 ut
1250 434 1297 474 ad
1319 434 1460 474 bellum
1474 433 1630 474 Parthi-

151 515 236 541 cum
261 502 362 555 legio
387 515 461 541 una
493 515 514 540 a
538 499 614 540 Cn.
639 500 853 555 Pompeio,
889 501 1013 541 altera
1045 516 1067 541 a
1090 499 1138 542 C.
1174 498 1351 542 Caesare
1382 503 1628 551 mitteretur,

99 567 130 610 2
151 583 278 622 neque
301 570 466 608 obscure
489 569 586 609 dnae
607 568 784 623 legiones
807 570 872 608 uni
896 569 1173 608 detrahuntur.
1235 568 1337 609 Nam
1362 566 1438 609 Cn.
1463 567 1628 623 Pompe-

150 637 212 677 ius
235 637 427 689 legionem
452 636 613 689 primam
630 668 640 686 ,
676 651 787 690 qnam
812 638 859 677 ad
883 635 1097 677 Caesarem
1121 637 1307 686 miserat,
1340 637 1556 676 confectam
1579 649 1631 677 ex

151 704 303 744 delectu
327 704 554 757 prouinciae
577 702 764 745 Caesaris
780 736 790 753 ,
828 718 913 745 eam
936 712 1131 758 tamquam
1155 719 1208 745 ex
1229 719 1298 744 sno
1322 717 1485 744 numero
1508 703 1628 743 dedit.

104 769 130 810 3
153 768 305 812 Cacsar
326 778 472 818 tamen,
498 786 583 811 eum
607 773 653 812 de
676 773 878 813 uoluntate
901 773 1058 812 minime
1081 773 1234 812 dubium
1259 780 1364 812 esset
1386 771 1634 812 aduersario-

150 853 235 878 rum
259 853 432 887 suorum,
458 838 645 893 Pompeio
668 840 860 893 legionem
883 841 1037 880 remisit
1058 847 1097 880 ct
1118 854 1189 880 suo
1212 840 1370 880 nomine
1392 838 1634 893 quintamde-

151 907 287 946 cimam
305 938 315 956 ,
341 921 453 959 quam
476 907 516 946 in
539 906 670 947 Gallia
693 908 876 949 citeriore
899 909 1112 956 habuerat,
1139 922 1191 948 ex
1212 907 1555 948 senatusconsulto
1576 906 1636 946 iu-

151 973 216 1014 bet
237 974 352 1013 tradi.
396 972 443 1014 In
465 975 548 1015 eius
571 976 697 1015 locum
720 977 1068 1016 tertiamdeeimam
1091 976 1284 1030 legionem
1307 976 1347 1015 in
1370 973 1522 1015 Italiam
1547 974 1634 1014 mit-

150 1041 222 1089 tit,
257 1056 355 1094 quae
386 1043 580 1096 praesidia
612 1051 810 1093 tueretur,
856 1059 908 1085 ex
939 1045 1080 1100 quibus
1111 1044 1315 1098 praesidiis
1348 1042 1635 1096 quintadecima

103 1107 131 1147 4
153 1108 431 1150 deducebatur.
467 1109 555 1165 Ipse
570 1113 766 1153 exercitui
789 1113 988 1153 distribuit
1009 1112 1194 1152 hiberna:
1221 1109 1522 1152 C.Trebouium
1547 1124 1633 1150 cum

151 1176 373 1229 legionibus
397 1186 583 1231 quattuor
603 1181 642 1220 in
664 1178 803 1234 Belgio
826 1181 1016 1229 collocat,
1042 1178 1089 1220 C.
1117 1178 1281 1219 Fabium
1305 1193 1390 1218 cum
1414 1179 1573 1218 totidem
1594 1177 1635 1217 in

105 1243 130 1283 5
152 1243 337 1284 Haeduos
362 1247 529 1286 deducit.
594 1246 661 1287 Sic
684 1248 787 1287 enim
811 1248 1063 1288 existimabat
1086 1248 1319 1286 tutissimam
1345 1248 1426 1285 fore
1450 1244 1633 1293 Galliam,

151 1313 184 1351 si
215 1311 388 1366 Belgae,
424 1328 586 1366 quorum
618 1316 792 1355 maxima
824 1317 975 1365 uirtus,
1011 1315 1189 1363 Haedui,
1224 1328 1388 1366 quorum
1420 1311 1635 1352 auctoritas

150 1392 301 1419 summa
324 1388 445 1429 esset,
471 1383 714 1423 exercitibus
737 1384 1053 1423 continerentur.
1098 1380 1186 1435 Ipse
1209 1380 1411 1421 inItaliam
1437 1381 1635 1434 profectus

75 1446 132 1491 55
151 1454 226 1487 est.
261 1446 361 1499 'Quo
385 1463 469 1488 enm
494 1450 684 1500 uenisset,
712 1452 917 1505 cognoscit
937 1465 1005 1505 per
1027 1448 1076 1491 C.
1103 1449 1335 1490 Marcellum
1359 1447 1558 1488 consulem
1581 1447 1636 1486 le-

150 1515 287 1567 giones
312 1516 406 1556 duas
431 1518 476 1557 ab
499 1532 542 1558 se
565 1519 778 1570 remissas,
814 1533 914 1573 qnae
936 1533 987 1559 ex
1009 1518 1354 1559 senatusconsulto
1378 1516 1567 1556 deberent
1588 1515 1635 1554 ad

149 1580 376 1623 Parthicum
401 1585 541 1625 bellum
567 1587 675 1635 duci,
711 1584 787 1627 Cn.
813 1586 1000 1641 Pompeio
1023 1587 1186 1627 traditas
1217 1593 1333 1639 atque
1364 1585 1404 1624 in
1427 1583 1541 1624 Italia
1573 1596 1637 1622 re-

101 1648 129 1690 2
150 1657 279 1690 tentas
312 1665 415 1691 esse.
479 1651 566 1693 Hoc
599 1656 701 1694 facto
734 1669 962 1709 quamquam
994 1655 1089 1695 nulli
1119 1661 1206 1694 erat
1236 1653 1415 1702 dubium,
1451 1651 1634 1706 quidnam

149 1727 286 1759 contra
310 1716 524 1760 Caesarem
560 1730 789 1773 pararetur.
829 1730 957 1764 tamen
991 1720 1144 1763 Caesar
1173 1721 1303 1761 omnia
1335 1720 1516 1766 patienda
1546 1732 1634 1759 esse

296 1926 309 1958 1
332 1927 602 1960 admonebantur
619 1939 647 1960 e.
790 1930 868 1973 quo]
888 1935 925 1962 ut
945 1931 976 1962 b.
1118 1932 1280 1971 parerent
1296 1937 1330 1967 e,
1352 1929 1529 1968 sperarent
1547 1923 1605 1955 Db
1620 1935 1637 1955 c

149 1978 196 2014 et,
218 1978 282 2016 qm*
297 1984 460 2018 pararent
477 1990 546 2010 see.
566 1990 610 2010 m.
632 1982 668 2011 in
687 1990 817 2022 marg„
838 1982 881 2013 B.
1097 1981 1118 2013 2
1139 1979 1367 2010 necessitates
1385 1977 1415 2008 B
1430 1976 1498 2009 CD
1517 1978 1553 2007 ec
1567 1985 1633 2018 pro

149 2035 228 2058 var.
251 2027 329 2059 lect.
350 2030 392 2069 A,
416 2032 690 2063 necessitudines
709 2043 769 2064 en.
933 2032 952 2065 3
973 2032 1208 2064 instituissent
1227 2032 1258 2061 b.
1422 2030 1441 2061 4
1460 2038 1478 2059 a
1498 2027 1576 2069 Cn.]
1596 2038 1635 2059 ac

149 2086 213 2108 non
232 2078 274 2109 B.
510 2082 705 2113 mitteretur
723 2083 781 2123 (B)
796 2093 812 2113 e
829 2082 982 2125 reliqui,
1012 2083 1233 2114 mitterentur
1250 2082 1283 2113 A
1303 2080 1439 2122 {forsan
1459 2082 1496 2110 et
1511 2078 1576 2109 ed'
1595 2088 1630 2109 u.

293 2131 310 2162 5
331 2131 417 2163 dnae
435 2133 465 2164 B
487 2134 583 2165 ‘msa
605 2134 648 2174 δ’,
671 2135 733 2166 hae
754 2135 840 2166 duae
861 2145 924 2166 eu.
1088 2133 1146 2165 uni
1164 2133 1195 2164 B
1216 2133 1310 2163 ‘mss.
1332 2131 1375 2167 θ’,
1398 2129 1541 2161 Caesari
1561 2129 1631 2168 be,-

148 2179 205 2210 uni
224 2179 364 2213 Caesari
384 2193 418 2214 u.
560 2184 623 2216 Gn.
645 2185 687 2217 B.
830 2185 848 2217 6
867 2186 1032 2217 miserant
1048 2185 1094 2216 D.
1237 2183 1255 2215 7
1277 2182 1404 2213 dilectu
1420 2182 1487 2213 Cb.

150 2230 309 2265 Caesaris
327 2245 347 2265 α
361 2237 419 2275 be,
441 2235 581 2267 Caesari
603 2237 629 2267 B
648 2240 682 2267 et
699 2237 845 2277 reliqui.
1008 2241 1167 2277 tanquam
1188 2235 1257 2274 (B).
1420 2233 1440 2264 8
1459 2231 1547 2273 cum]
1568 2231 1632 2263 etsi

146 2284 193 2316 D.
336 2287 376 2318 de
397 2289 574 2319 uoluntate
594 2289 729 2320 minime
750 2290 886 2320 dubium
906 2294 999 2320 esset
1018 2287 1294 2319 aduersariorum
1315 2294 1450 2316 suornm
1476 2283 1506 2315 B
1527 2284 1629 2314 ‘tn-ss.

143 2333 342 2377 plerique}
370 2338 409 2369 ‹le
431 2340 606 2372 uoluntate
627 2340 906 2372 aduersariorum
925 2351 961 2371 se
981 2339 1121 2381 spoliari
1142 2337 1264 2368 nemini
1286 2336 1420 2366 dubium
1442 2338 1533 2366 esset
1552 2335 1569 2364 b
1589 2336 1631 2373 (is

149 2387 246 2426 nulli)
267 2387 359 2419 ecIA
377 2393 423 2428 εί,
446 2392 511 2430 quz'
526 2401 560 2421 se
580 2391 777 2432 exspoliari,
797 2402 824 2422 e.
968 2391 986 2423 9
1008 2389 1163 2431 Pompeio
1178 2389 1207 2420 B
1221 2389 1316 2418 ‘mss.
1332 2385 1516 2427 plarimt',
1537 2384 1633 2416 Pom-

131 2439 215 2481 ⁴peii
238 2440 286 2477 (Ι,-
307 2440 367 2471 Cn.
388 2440 546 2484 Pompeio
568 2454 599 2474 u.
798 2443 836 2476 10
856 2443 905 2474 SC
920 2467 927 2481 ,
947 2443 1195 2484 suprascripto
1213 2449 1281 2470 see.
1302 2448 1348 2469 m.
1369 2441 1504 2475 senatu,
1524 2438 1581 2467 bie
1598 2440 1636 2468 et

147 2490 245 2531 ¹''lsra
263 2491 305 2522 B.
515 2494 606 2525 iubet
627 2495 712 2526 tradi
741 2495 798 2535 (B)
817 2505 834 2525 e
851 2495 967 2526 Ilaun.
988 2504 1070 2533 see„
1091 2492 1179 2524 tradi
1200 2491 1292 2522 iubet
1314 2490 1408 2520 ‘ni-rr.
1427 2487 1633 2530 plerz'que'?

293 2542 328 2574 1l
351 2542 518 2583 legionem
539 2555 606 2575 om.
629 2556 644 2575 e
665 2545 781 2576 Owen.
964 2545 1004 2578 12
1024 2548 1177 2575 tueretur
1196 2541 1255 2582 (B)
1277 2544 1312 2570 et
1329 2539 1473 2580 reliqui,
1496 2543 1634 2569 tueatur

147 2595 180 2627 D
194 2595 251 2626 be.
441 2596 479 2627 13
500 2596 691 2628 ducebatur
707 2608 723 2627 e
746 2598 838 2628 ''nm-e.
860 2597 903 2628 3’.
1105 2592 1273 2626 exercitui
1294 2591 1471 2622 distribuit
1489 2590 1632 2622 hiberna

149 2647 180 2679 B
195 2647 339 2686 CDee,
368 2647 555 2678 exereitum
575 2648 753 2679 distribuit
771 2648 802 2679 in
823 2647 967 2679 hiberna
985 2647 1015 2678 b.
1251 2642 1289 2674 C.
1310 2653 1378 2673 om.
1399 2642 1441 2674 B.

150 2700 189 2732 14
209 2704 356 2741 quatuor
373 2699 446 2740 (B).
589 2699 644 2741 C.]
667 2699 844 2731 Caninium
862 2711 932 2732 see.
952 2710 997 2732 m.
1018 2698 1059 2730 B.
1222 2696 1261 2729 16
1282 2694 1412 2726 Haedui
1430 2693 1461 2726 B
1480 2693 1513 2724 ‘8
1530 2690 1627 2730 mei',

149 2754 185 2782 et
204 2750 334 2782 Haedui
353 2760 416 2781 eu.
631 2751 670 2782 18
689 2751 848 2791 cognouit
867 2751 898 2782 b.
1099 2746 1140 2779 G.
1161 2757 1206 2778 m.
1225 2757 1281 2788 pr.
1301 2750 1337 2778 et
1355 2744 1473 2777 Gaium
1492 2754 1560 2776 see.
1580 2742 1629 2781 B,

150 2801 195 2834 M.
215 2802 258 2834 A.
424 2801 464 2835 19
484 2801 568 2833 duas
586 2811 653 2832 om.
676 2801 706 2832 b.
870 2801 993 2833 missas
1012 2810 1028 2830 e
1049 2799 1161 2831 Oxou.
1338 2796 1380 2830 20
1399 2795 1476 2828 duci
1494 2804 1562 2827 om.
1584 2803 1630 2824 m.

150 2862 205 2894 pr.
227 2853 267 2884 B.
412 2851 518 2884 Gneio
537 2862 604 2883 sec.
626 2861 671 2882 m.
691 2854 732 2891 B,
754 2861 822 2883 om.
846 2852 904 2883 be.
1045 2850 1084 2882 21
1107 2847 1194 2890 erat]
1215 2851 1307 2879 esset
1326 2847 1356 2879 b.

1669 913 1708 945 10

1670 1251 1710 1283 15

1666 1589 1709 1623 20
