1835 3240
119 195 203 239 690
709 194 880 237 BELLI
909 192 1158 236 AFRICAE

195 311 235 350 ui
255 308 429 349 subrutis
451 308 702 361 disiectisque
724 314 840 348 nocte
862 308 1096 361 intempesta
1116 306 1273 360 ignibus
1294 307 1479 348 extinctis
1495 338 1505 358 ‚
1537 307 1670 358 rebus,

195 389 294 430 quae
325 375 373 416 ad
400 375 545 417 uictum
579 375 804 429 pertinent,
837 375 1016 415 omnibus
1047 376 1240 428 corruptis
1275 387 1342 428 per
1371 382 1500 416 castra
1528 375 1672 429 passim

194 443 441 499 uagabantur
460 443 662 495 scutisque
684 443 810 495 capita
832 442 1110 496 contegebant.
1151 440 1301 482 Eadem
1322 449 1437 482 nocte
1457 448 1487 482 V
1506 442 1673 497 legionis

119 511 181 557 48
196 512 360 566 pilorum
383 510 585 550 cacumina
606 522 677 549 sua
698 516 836 563 sponte
857 517 1056 551 arserunt.
1090 508 1183 550 Rex
1204 509 1360 549 interim
1378 507 1474 549 Iuba
1495 509 1540 549 de
1556 523 1673 563 eque-

193 579 265 620 stri
294 578 441 631 proelio
464 574 663 629 Scipionis
695 577 843 617 certior
864 578 989 618 factus
1012 584 1279 629 euocatusque
1301 576 1348 616 ab
1372 577 1506 616 eodem
1528 576 1668 618 litteris

193 646 393 700 praefecto
417 641 592 684 Saburra
624 657 710 684 cum
733 651 843 698 parte
865 645 1069 685 exercitus
1092 651 1230 684 contra
1251 642 1410 684 Sittium
1433 644 1571 684 relicto
1586 675 1597 694 ‚
1630 652 1673 685 ut

193 727 326 754 secum
357 712 440 764 ipse
473 711 618 764 aliquid
639 711 887 753 auctoritatis
909 713 1072 753 adderet
1093 711 1288 753 exercitui
1311 708 1506 765 Scipionis
1530 725 1574 751 ac
1596 718 1673 752 ter-

192 793 321 821 rorem
341 775 544 828 Caesaris,
569 792 656 819 cum
678 779 803 820 tribus
824 779 1045 834 legionibus
1068 779 1338 833 equitibusque
1360 779 1521 819 frenatis
1543 785 1670 829 DCCC,

191 846 376 887 Numidis
407 846 493 887 sine
524 846 647 887 frenis
678 847 948 901 peditibusque
977 848 1077 888 leuis
1106 854 1330 887 armaturae
1352 846 1490 900 grandi
1512 860 1674 886 numero

191 914 485 968 elephantisque
505 921 608 954 XXX
628 928 812 968 egressus
845 928 866 955 e
896 929 1019 969 regno
1049 915 1097 955 ad
1120 912 1344 968 Scipionem
1377 921 1438 954 est
1459 914 1672 966 profectus.

143 982 170 1022 2
191 980 403 1038 Postquam
427 981 475 1022 ad
496 994 583 1022 eum
605 982 808 1036 peruenit,
840 984 980 1023 castris
1002 982 1125 1036 regiis
1147 996 1324 1022 seorsum
1349 981 1486 1035 positis
1508 996 1594 1022 cum
1617 982 1673 1022 eis

192 1051 314 1103 copiis
329 1081 340 1101 ‚
376 1064 471 1104 quas
494 1051 823 1102 commemoraui,
858 1051 958 1092 haud
979 1051 1034 1090 ita
1055 1050 1173 1104 longe
1194 1049 1241 1090 ab
1265 1047 1451 1103 Scipione
1475 1050 1667 1090 consedit.

146 1118 170 1158 3
194 1116 324 1170 (Erat
354 1118 395 1158 in
428 1118 568 1158 castris
592 1115 781 1159 Caesaris
813 1119 1016 1172 superiore
1049 1125 1222 1171 tempore
1251 1132 1416 1172 magnus
1445 1124 1602 1165 terror,
1632 1124 1672 1157 et

190 1185 468 1239 expectatione
490 1186 690 1239 copiarum
711 1185 910 1239 regiarum
933 1185 1134 1225 exercitus
1153 1185 1238 1225 eius
1265 1186 1390 1238 magis
1418 1184 1671 1238 suspensiore

143 1253 170 1294 4
191 1253 322 1294 animo
344 1260 436 1293 ante
457 1253 668 1293 aduentum
689 1250 811 1293 Iubae
833 1253 1175 1303 commouebatur3
1200 1259 1402 1306 postquam
1426 1265 1521 1291 uero
1544 1258 1673 1291 castra

191 1321 334 1361 castris
356 1319 537 1370 contulit,
555 1319 749 1374 despectis
772 1320 856 1361 eius
880 1320 1002 1374 copiis
1024 1333 1177 1360 omnem
1200 1320 1378 1360 timorem
1402 1319 1574 1372 deponit.
1612 1317 1673 1360 Ita

188 1402 301 1441 quam
334 1395 451 1428 antea
481 1387 625 1428 absens
658 1387 850 1428 habuerat
871 1388 1170 1437 auctoritatem,
1204 1400 1288 1427 eam
1311 1401 1464 1427 omnem
1486 1400 1674 1441 praesens

89 1502 94 1507 j
142 1455 167 1496 5
191 1455 432 1508 dimiserat.)
464 1452 554 1508 Quo
577 1456 680 1496 facto
702 1456 828 1496 cuiuis
851 1456 965 1496 facile
987 1455 1059 1495 fuit
1079 1455 1283 1496 intellectu
1305 1452 1481 1509 Scipioni
1503 1455 1674 1496 additum

142 1522 169 1564 6
190 1523 360 1563 animum
390 1524 645 1577 fiduciamque
675 1524 783 1578 regis
814 1525 1001 1564 aduentu.
1044 1522 1150 1564 Nam
1182 1531 1339 1578 postero
1371 1523 1432 1563 die
1465 1523 1672 1563 uniuersas

190 1605 282 1632 suas
314 1591 497 1645 regisque
529 1592 660 1647 copias
693 1606 779 1632 cum
803 1592 1019 1646 elephantis
1041 1598 1103 1632 LX
1124 1592 1331 1646 productas
1353 1591 1392 1630 in
1414 1591 1538 1631 aciem
1559 1603 1674 1643 quam

190 1659 482 1712 speciosissime
514 1660 640 1714 potuit
667 1660 861 1700 instruxit
889 1673 934 1700 ac
957 1660 1071 1714 paulo
1093 1659 1249 1713 longius
1271 1671 1505 1713 progressus
1523 1657 1570 1698 ab
1592 1657 1672 1697 suis

114 1727 171 1772 49
188 1726 468 1767 munitionibus
491 1727 585 1767 haut
605 1727 659 1767 ita
681 1727 746 1768 diu
767 1735 1029 1768 commoratus
1051 1741 1094 1768 se
1115 1727 1257 1781 recipit
1271 1726 1312 1767 in
1329 1733 1475 1766 castra.
1501 1722 1670 1774 Caesar,

190 1802 395 1848 postquam
425 1794 705 1835 animaduertit
733 1792 909 1849 Scipioni
940 1794 1090 1835 auxilia
1120 1795 1228 1842 fere,
1271 1807 1369 1847 quae
1402 1799 1669 1846 expectasset,

190 1862 322 1902 omnia
351 1862 586 1903 conuenisse
617 1876 745 1915 neque
774 1876 924 1903 moram
954 1862 1149 1916 pugnandi
1171 1862 1289 1902 ullam
1313 1862 1418 1910 fore,
1453 1874 1522 1913 per
1541 1861 1674 1913 iugum

1700 586 1718 617 υ(

1709 920 1748 953 10

1708 1258 1746 1291 15

1704 1596 1747 1631 20

190 1943 380 1969 summum
413 1943 496 1969 cum
531 1929 654 1983 copiis
692 1931 875 1984 progredi
907 1930 1036 1983 coepit
1066 1936 1104 1969 et
1132 1929 1292 1969 brachia
1324 1929 1501 1982 protinus
1533 1928 1676 1968 ducere
1705 1933 1748 1968 25

191 2004 230 2037 et
261 1997 424 2037 castella
464 1997 618 2038 munire
650 1997 886 2051 propiusque
918 1995 1143 2052 Scipionem
1175 1996 1363 2050 capiendo
1393 1995 1480 2036 loca
1511 1995 1672 2036 excelsa

145 2065 172 2105 2
193 2078 388 2118 occupare
419 2064 648 2116 contendit,
683 2079 733 2106 ne
765 2065 981 2106 aduersarii
1012 2064 1282 2119 magnitudine
1311 2064 1510 2117 copiarum
1533 2062 1671 2103 confisi

192 2133 415 2187 proximum
447 2133 585 2174 collem
617 2140 860 2188 occuparent
889 2140 1007 2188 atque
1037 2134 1093 2174 ita
1124 2133 1281 2187 longius
1303 2131 1374 2172 sibi
1398 2129 1673 2186 progrediendi

335 2263 350 2296 1
371 2263 405 2295 ui
426 2263 537 2305 011d.‚·
556 2270 594 2297 ut
611 2276 644 2306 a,
666 2266 722 2297 uel
743 2267 760 2298 b
779 2277 809 2299 c.
993 2265 1145 2298 subrutis
1164 2264 1385 2305 disiectisque
1406 2262 1518 2303 Oud.;
1537 2262 1671 2294 subruti

190 2315 395 2358 disiectique
412 2316 560 2358 reliqui,
579 2317 723 2349 subruta
742 2318 955 2361 disiectaque
973 2328 994 2349 α
1013 2328 1043 2349 c.
1198 2315 1360 2348 extinctis
1379 2325 1412 2346 a.
1569 2313 1671 2345 rebus

189 2376 275 2409 quae
302 2385 343 2390 —
367 2367 542 2409 pertinent
560 2368 578 2400 b
597 2379 634 2410 c,
654 2368 824 2411 rebusque
847 2387 892 2392 -
914 2368 1039 2411 partim
1057 2378 1101 2407 a,-
1120 2368 1290 2409 rebusque
1309 2384 1350 2389 —-
1369 2363 1616 2407 pertinentibus
1635 2373 1670 2395 u.

333 2418 352 2450 3
371 2428 403 2450 1v
420 2428 454 2459 a,
473 2429 498 2450 ιι
517 2419 548 2450 b.
699 2420 717 2452 6
737 2419 908 2451 Saburrae
926 2429 959 2460 a,
983 2418 1132 2451 Saburre
1154 2419 1195 2459 b;
1214 2417 1345 2449 Sabura
1362 2415 1473 2448 Aldus
1492 2425 1527 2446 u.

193 2466 332 2499 Sittium
351 2478 384 2506 a,
407 2468 528 2501 Sitium
547 2479 583 2502 u.
758 2470 777 2503 7
796 2470 942 2502 adderet
961 2469 1241 2510 Oudendorpius,
1263 2467 1406 2499 haberet
1425 2465 1527 2497 codd.

192 2518 361 2550 exercitui
381 2518 433 2559 (a)
455 2520 740 2562 Oudendorpius‚
761 2521 935 2553 exercitus
953 2520 1096 2562 reliqui.
1250 2528 1289 2549 ac
1309 2522 1474 2549 terrorem
1493 2515 1545 2557 (a)
1567 2514 1669 2555 Oud„

192 2569 234 2601 ad
251 2574 421 2601 terrorem
441 2569 481 2609 b,-
504 2579 542 2602 ac
561 2575 694 2603 terrore
713 2571 731 2603 3
751 2571 838 2603 dett.
987 2571 1005 2602 9
1024 2570 1112 2602 leuis
1131 2569 1151 2604 2
1169 2568 1271 2609 dett„
1292 2568 1365 2599 eius
1383 2567 1528 2608 reliqui.

193 2619 234 2652 10
251 2618 447 2661 elephantis
468 2620 485 2650 b
504 2620 524 2654 2
543 2621 632 2654 dett.
777 2622 814 2654 11
836 2621 928 2662 regis
947 2631 967 2652 a
987 2621 1018 2652 b.
1167 2619 1238 2650 eius
1260 2619 1292 2651 b.
1438 2617 1478 2650 13
1498 2616 1672 2659 superiore

191 2680 211 2701 α
231 2670 263 2711 b,
283 2668 453 2711 superiori
472 2680 506 2701 u.
722 2676 757 2703 et
775 2670 986 2714 exspectatio
1003 2680 1024 2702 a
1045 2670 1062 2702 b
1080 2669 1113 2710 cl,
1135 2679 1177 2700 ex
1196 2669 1454 2711 exspectatione
1472 2678 1489 2699 c
1507 2668 1599 2710 (exp.
1620 2667 1671 2707 α).

336 2720 376 2753 16
396 2721 552 2752 timorem
570 2730 591 2752 α
611 2721 640 2761 b,
661 2725 828 2754 terrorem
846 2732 881 2754 u.
1062 2720 1102 2752 18
1121 2719 1230 2751 cuiuis
1250 2719 1300 2761 (a)
1322 2719 1345 2751 d
1361 2720 1381 2752 4
1399 2719 1500 2760 dett„
1521 2718 1618 2750 cuius
1638 2718 1669 2750 b.

335 2773 548 2806 intellectum
568 2773 585 2804 b
605 2783 622 2804 c
640 2773 675 2805 cl.
819 2774 862 2807 22
881 2778 939 2805 aut
957 2783 988 2804 α.
1129 2772 1250 2813 recipit
1267 2782 1287 2803 a
1309 2772 1404 2804 ‘ms-s.
1425 2771 1468 2811 2',
1490 2770 1618 2812 recepit
1635 2779 1670 2800 u.

335 2824 377 2858 23
398 2828 617 2867 expectasset
634 2834 668 2856 a.
846 2823 889 2857 27
908 2821 1097 2864 contendit]
1117 2823 1231 2864 coepit
1249 2823 1279 2855 b.
1449 2831 1490 2853 ne
1509 2821 1673 2852 aduersa-

196 2877 238 2909 rii
249 2895 292 2899 —-
305 2876 377 2918 (28)
391 2873 754 2919 occuparent-(691,
767 2874 799 2916 1)
818 2873 990 2917 eriperent
1009 2882 1084 2915 ego,
1106 2872 1347 2906 aduersarii-
1364 2875 1672 2915 occupauerunt-—
