1835 3240
85 882 125 915 10

88 1221 125 1253 15

88 1559 130 1591 20

579 146 763 192 COMM.
790 147 828 189 ΙΙ
859 145 984 190 CAP.
1011 147 1209 189 15—18.
1637 145 1715 188 301

162 280 213 307 ex
234 263 427 305 dediticiis
448 261 581 317 Belgis
613 263 855 316 reliquisque
879 262 1007 303 Gallis
1037 262 1246 316 conplures
1269 258 1485 301 Caesarem
1515 262 1642 303 secuti

161 347 237 373 una
257 333 334 372 iter
356 333 556 381 facerent,
583 332 737 387 quidam
760 345 812 372 ex
834 332 893 372 his
908 362 917 379 ,
952 338 994 371 ut
1016 338 1153 385 postea
1184 342 1236 368 ex
1258 328 1424 382 captiuis
1447 331 1644 383 cognitum

160 407 232 450 est,
259 414 394 440 eorum
419 400 567 440 dierum
584 399 867 439 consuetudine
889 399 1043 439 itineris
1066 397 1192 438 nostri
1215 396 1418 436 exercitus
1442 405 1646 450 perspecta

161 475 273 508 nocte
309 467 354 507 ad
377 466 553 508 Neruios
577 473 842 520 peruenerunt
864 474 981 519 atque
1015 466 1074 505 his
1099 467 1421 506 demonstrarunt
1441 464 1547 504 inter
1567 465 1647 505 sin-

158 535 269 589 gulas
291 535 468 588 legiones
491 534 842 589 inpedimentorum
857 548 1040 588 magnum
1064 547 1269 573 numerum
1292 533 1553 582 intercedere,
1579 546 1648 573 ne-

160 617 232 656 que
266 617 356 644 esse
388 604 592 657 quicquam
625 602 801 655 negotii,
842 616 929 641 eum
963 601 1087 655 prima
1109 601 1211 654 legio
1235 601 1273 640 in
1297 607 1426 641 castra
1448 600 1644 650 uenisset,

158 673 411 725 reliquaeque
432 671 609 725 legiones
632 683 813 723 magnum
837 669 1006 722 spatium
1027 668 1236 717 abessent,
1263 668 1362 708 hanc
1384 667 1455 708 sub
1477 668 1646 709 sarcinis

159 740 329 791 adoriri,
363 754 437 793 qua
468 739 580 792 pulsa
609 737 962 791 inpedimentisque
986 736 1147 790 direptis
1170 736 1367 786 futurum,
1402 742 1444 776 ut
1471 736 1646 789 reliquae
1668 736 1694 777 3

160 815 299 848 contra
321 807 540 847 consistere
562 820 637 845 non
652 806 855 846 auderent.
890 804 1120 845 Adiuuabat
1142 804 1257 844 etiam
1272 817 1405 843 eorum
1420 804 1643 854 consilium,
1669 804 1695 845 4

157 876 221 929 qui
243 889 325 916 rem
360 875 611 924 deferebant,
650 875 750 927 quod
773 872 914 913 Neruii
948 873 1189 925 antiquitus,
1225 886 1309 912 cum
1343 872 1518 925 equitatu
1550 872 1646 912 nihil

158 950 319 997 possent
341 943 488 996 (neque
511 943 615 982 enim
638 943 683 982 ad
709 942 780 981 hoc
803 948 955 994 tempus
979 942 1012 980 ei
1037 941 1093 980 rei
1117 941 1299 989 student,
1335 941 1426 990 sed,
1464 940 1646 994 quidquid

159 1018 338 1064 possunt,
364 1010 609 1065 pedestribus
633 1010 764 1050 ualent
787 1009 951 1063 copiis),
986 1024 1060 1062 quo
1086 1008 1240 1049 facilius
1263 1008 1512 1048 finitimorum
1538 1009 1646 1061 equi-

160 1084 308 1127 tatum,
342 1080 375 1118 si
410 1078 622 1133 praedandi
656 1092 774 1118 causa
806 1079 852 1118 ad
877 1092 944 1118 eos
969 1078 1188 1127 uenissent,
1213 1077 1463 1132 inpedirent,
1497 1076 1645 1116 teneris

160 1146 367 1187 arboribus
400 1147 536 1186 incisis
568 1153 682 1199 atque
721 1146 880 1187 inflexis
914 1145 1145 1198 crebrisque
1178 1146 1217 1185 in
1251 1144 1495 1185 latitudinem
1528 1145 1647 1184 ramis

158 1215 283 1255 enatis
306 1222 343 1255 et
366 1214 472 1254 rubis
506 1214 760 1267 sentibusque
793 1214 1014 1255 interiectis
1039 1214 1278 1262 effecerant,
1316 1219 1357 1252 ut
1388 1212 1515 1252 instar
1545 1211 1646 1251 muri

161 1282 233 1323 hae
255 1296 367 1336 sepes
390 1283 628 1322 munimenta
651 1283 912 1336 praeberent,
939 1296 1014 1338 quo
1037 1296 1115 1322 non
1138 1282 1252 1321 modo
1275 1295 1353 1321 non
1376 1280 1544 1330 intrari,
1579 1281 1649 1320 sed

162 1363 211 1390 ne
234 1350 401 1403 perspici
425 1350 578 1403 quidem
602 1357 749 1403 posset.
795 1349 867 1390 His
889 1350 1007 1390 rebus
1032 1365 1115 1390 cum
1139 1349 1218 1389 iter
1239 1348 1405 1402 agminis
1430 1348 1554 1387 nostri
1577 1348 1648 1387 im·
1670 1346 1695 1387 5

164 1417 389 1470 pediretur,
426 1432 503 1457 non
527 1418 780 1458 omittendum
804 1417 877 1457 sibi
900 1417 1106 1457 consilium
1129 1415 1272 1456 Neruii
1298 1416 1646 1457 existimauerunt.

163 1483 263 1524 Loci
285 1492 428 1525 natura
450 1493 537 1526 erat
559 1485 670 1535 haec,
696 1500 807 1538 quem
829 1486 956 1526 locum
974 1484 1100 1525 nostri
1124 1484 1265 1524 castris
1280 1483 1525 1536 delegerant.
1550 1480 1645 1524 Col-
1665 1482 1723 1528 18

162 1552 209 1592 lis
232 1552 279 1592 ab
302 1567 452 1593 summo
475 1554 692 1606 aequaliter
714 1554 875 1594 decliuis
899 1555 944 1593 ad
969 1554 1109 1593 flumen
1135 1550 1284 1601 Sabim,
1315 1552 1414 1605 quod
1438 1565 1555 1604 supra
1578 1565 1650 1591 no-

162 1620 412 1670 minauimus,
440 1621 643 1675 uergebat.
687 1620 750 1660 Ab
774 1635 819 1661 eo
842 1621 999 1661 flumine
1022 1621 1104 1674 pari
1126 1619 1351 1659 adcliuitate
1375 1618 1484 1658 collis
1511 1632 1648 1660 nasce-
1669 1619 1698 1659 2

160 1687 276 1727 batur
287 1688 476 1728 aduersus
500 1689 586 1729 huic
610 1696 649 1730 et
671 1689 909 1738 contrarius,
936 1702 1074 1742 passus
1098 1688 1258 1728 circiter
1279 1687 1471 1727 ducentos
1495 1685 1649 1727 infimus

161 1763 333 1809 apertus,
358 1755 405 1796 ab
427 1757 630 1810 superiore
654 1764 764 1811 parte
786 1756 998 1806 siluestris,
1039 1762 1082 1795 ut
1105 1770 1182 1795 non
1206 1754 1320 1795 facile
1342 1754 1540 1794 introrsus
1563 1767 1651 1808 per-

162 1823 258 1877 spici
280 1831 428 1878 posset,
492 1823 602 1865 [ntra
625 1839 690 1866 eas
713 1825 833 1866 siluas
857 1825 990 1865 hostes
1013 1824 1053 1864 in
1076 1824 1230 1865 occulto
1253 1836 1342 1864 sese
1366 1821 1648 1874 continebant3
1673 1822 1698 1864 3

310 1973 324 2005 1
346 1973 528 2015 conplures
547 1974 589 2006 B.
765 1974 783 2007 4
803 1974 853 2006 his
871 1973 951 2016 Af,
973 1973 1014 2005 iis
1033 1973 1092 2015 (B)
1110 1972 1235 2005 CDE.
1407 1973 1424 2005 5
1444 1972 1654 2015 inpedimen-

167 2027 275 2054 torum
294 2024 336 2055 B.
477 2023 495 2055 6
515 2024 694 2066 quicquam
713 2024 757 2057 B.
900 2024 918 2056 7
938 2034 1060 2065 magno
1080 2024 1189 2066 spatio
1210 2024 1249 2064 b,
1270 2033 1392 2064 magna
1410 2023 1520 2066 spatia
1540 2034 1570 2055 c.

162 2073 182 2105 8
201 2074 509 2116 inpedimentisque
528 2075 570 2107 B.
759 2075 778 2107 9
798 2075 1007 2107 adiuuabant
1034 2076 1110 2107 AD
1123 2075 1154 2107 E
1169 2078 1206 2106 et
1221 2078 1303 2106 ante
1322 2084 1415 2106 corr.
1434 2077 1487 2116 B,
1515 2075 1655 2107 adiura-

163 2124 222 2156 bat
242 2125 282 2157 C.
424 2126 527 2157 etiam
546 2137 615 2158 om.
638 2127 669 2158 b.
814 2127 854 2159 10
873 2126 1080 2158 differebant
1097 2126 1193 2164 AD,
1215 2125 1398 2157 differebat
1414 2126 1655 2167 Bsupraserz:

158 2180 226 2219 pta
244 2187 262 2208 n
281 2180 365 2209 ante
383 2182 396 2209 t
413 2188 608 2221 rursusque
635 2178 776 2219 deleta;
807 2178 989 2211 deFerebat
1010 2179 1037 2210 C
1050 2181 1065 2210 ?
1078 2203 1087 2220 ,
1115 2182 1153 2211 et
1176 2181 1214 2211 in
1233 2179 1264 2211 B
1281 2189 1350 2210 sec.
1377 2188 1426 2210 m.
1446 2188 1463 2209 e
1483 2178 1609 2211 deletis
1628 2178 1658 2210 il'

163 2231 433 2271 suprascripsit.
571 2241 645 2262 cum
665 2241 734 2263 om.
754 2230 868 2262 ΑΒΕ
887 2233 922 2262 et
938 2240 986 2261 m.
1001 2240 1060 2272 pr.
1078 2231 1123 2261 B.
1268 2230 1305 2262 11
1327 2229 1486 2271 quicquid
1504 2230 1548 2262 B.

166 2279 206 2312 13
225 2279 421 2322 inpedirent
446 2280 553 2323 Bos.
765 2281 807 2313 14
825 2281 960 2312 inflexis
979 2281 1179 2323 crebrisque
1206 2280 1239 2312 D
1254 2283 1269 2312 ?
1286 2280 1479 2312 secundnm
1499 2280 1653 2322 eoeempl.

164 2330 272 2363 Fabr.
292 2331 382 2374 (bc)
401 2333 464 2374 es,
484 2333 619 2365 inflexis
639 2333 770 2365 crebris
790 2344 834 2374 a,·
862 2344 931 2366 om.
956 2333 1052 2372 AB,
1088 2335 1126 2365 in
1154 2344 1223 2375 quo
1247 2343 1318 2365 sec.
1343 2343 1390 2365 m.
1418 2333 1554 2365 inflexis
1580 2343 1654 2365 cre-

165 2382 302 2424 brisque
318 2386 598 2427 suprascripsit,
625 2385 656 2417 E
674 2388 712 2416 et
726 2384 918 2416 seeundum
940 2385 1028 2416 ond.
1048 2385 1094 2417 D.
1230 2385 1269 2417 15
1289 2384 1403 2416 enatis
1422 2394 1490 2416 om.
1512 2385 1653 2426 abcef.

167 2433 360 2467 intertextis
381 2436 412 2468 b.
546 2437 710 2469 effecerat
731 2438 779 2476 C,
798 2437 988 2469 effecerunt
1004 2438 1051 2470 D.
1216 2437 1257 2469 16
1275 2437 1485 2469 munimenta
1504 2437 1655 2470 deterio-

167 2495 243 2526 res,·
261 2488 478 2521 munimentis
497 2490 529 2522 A
542 2490 573 2522 B
587 2490 721 2531 CDE,·
740 2490 986 2522 munimentum
1006 2490 1023 2521 b
1037 2501 1072 2527 c,
1093 2489 1383 2532 monimentums.
1403 2490 1443 2522 P.
1465 2489 1522 2522 47.

169 2536 246 2579 quo]
265 2539 350 2579 quod
372 2540 403 2571 b.
545 2551 611 2572 non
629 2541 727 2573 modo
748 2551 812 2572 non
831 2541 1019 2583 ABEes,
1042 2551 1106 2572 non
1124 2541 1220 2573 modo
1241 2542 1272 2573 b.
1395 2540 1437 2573 17
1455 2545 1571 2584 posset
1589 2541 1653 2583 es,

168 2589 276 2629 possit
294 2590 410 2633 ‘longe
422 2592 593 2634 plurz'mi'
611 2593 684 2625 DE
700 2597 735 2625 et
750 2604 797 2625 m.
814 2603 871 2636 pr.
892 2594 934 2626 B.
1103 2593 1142 2626 18
1161 2593 1406 2625 obmittendum
1422 2593 1456 2625 A
1469 2593 1510 2626 C.

171 2640 235 2671 sibi
255 2651 323 2673 om.
344 2643 440 2675 ‘mss.
459 2644 489 2676 δ’
509 2649 543 2676 et
560 2656 606 2677 m.
623 2656 681 2687 pr.
702 2646 744 2677 B.
887 2645 1144 2678 extimauerunt
1160 2645 1254 2686 AB,
1276 2645 1550 2677 aestimauerunt
1565 2644 1651 2676 DE.

311 2693 353 2726 20
373 2694 539 2727 decliuius
561 2696 602 2728 C.
767 2696 927 2728 Sabinum
938 2698 975 2739 s.
1136 2696 1177 2732 21
1199 2696 1425 2737 (adcliuitate
1443 2696 1516 2728 AB
1529 2694 1578 2736 C)
1597 2695 1655 2725 de-

170 2742 323 2775 cliuitate
344 2745 361 2775 b
374 2745 436 2787 df.
577 2747 620 2780 22
637 2749 796 2789 passibus
818 2753 914 2781 ιπιεε.
936 2749 966 2781 5’
985 2753 1021 2781 et
1035 2760 1105 2783 sec.
1125 2760 1173 2782 m.
1194 2750 1237 2781 B.
1393 2750 1557 2782 ducentos
1577 2759 1655 2780 cum

171 2795 181 2825 ἰ
199 2805 305 2836 super
322 2807 340 2827 ο
358 2807 426 2830 sec,
448 2809 494 2830 m.
511 2801 631 2840 posita
648 2800 690 2832 B.
847 2802 970 2834 infimis
991 2802 1020 2833 b.
1171 2802 1214 2836 23
1234 2802 1310 2845 af,
1330 2805 1364 2834 el
1382 2804 1418 2834 in
1436 2802 1466 2833 B
1481 2803 1655 2844 punctum

172 2851 227 2879 est
244 2848 308 2879 sub
324 2848 357 2880 h.
493 2850 537 2884 24
554 2851 662 2893 possit
680 2852 753 2884 AD
765 2853 807 2886 Ε.
950 2854 1040 2885 inter
1058 2854 1090 2886 b.
