1835 3240
711 183 1106 225 *42—

164 298 276 339 fectis
304 298 568 352 reliquisque,
601 296 664 350 qui
696 309 749 336 ex
778 295 874 335 urbe
906 294 1100 335 amicitiae
1133 307 1250 335 causa
1272 292 1487 336 Caesarem
1521 296 1646 338 secuti

165 381 243 407 non
264 381 446 420 magnum
468 366 507 406 in
529 378 572 405 re
596 364 753 404 militari
777 377 889 402 usum
922 361 1150 402 liabebant’.
1213 359 1498 404 Demonstrant
1526 364 1649 418 igitur

164 434 283 475 uerba
310 439 405 474 ‘non
427 433 621 487 magnum'
645 438 712 471 ant
736 438 935 483 ‘magnum
958 428 1170 481 periculum
1191 429 1482 480 miserabantur
1503 432 1646 484 quod',

164 515 263 555 quae
294 502 333 541 in
363 501 526 554 reliquis
556 498 720 552 integris
752 504 790 536 et
820 498 860 536 in
889 495 1136 548 interpolatis
1167 503 1253 550 post
1295 498 1465 537 ‘secuti'
1496 499 1647 538 adiecta

162 576 279 619 sunt,
319 569 359 609 in
390 568 522 608 codice
553 566 766 618 archetypo
798 564 835 603 in
859 565 1037 617 margine
1059 564 1180 603 fuisse
1203 563 1363 618 scripta.
1423 563 1529 605 Nam
1551 566 1649 606 liaeo

164 636 340 677 eicienda
362 649 450 676 esse
471 641 578 674 recte
600 631 867 672 Selineiderus
890 630 1188 670 demonstrauit.

277 703 359 744 Hos
382 703 536 743 codices
558 701 674 753 longe
696 699 863 752 optimos
886 710 974 737 csse
997 698 1264 752 etsiApitzius
1287 699 1441 739 demum
1463 700 1645 754 (schedd.

163 771 269 811 critt.
303 771 344 810 in
375 783 514 809 comm.
549 768 595 806 de
626 767 663 806 h.
699 765 805 806 Gall.
839 764 954 819 Lips.
989 763 1127 818 1835)
1167 772 1206 805 et
1237 764 1502 807 Schneiderus
1531 768 1648 808 intel-

161 837 348 878 lexerunt
370 839 617 889 (quamquam
641 840 781 873 neuter
803 833 897 872 satis
919 839 1105 872 accurate
1127 833 1214 883 hos,
1244 848 1341 886 quos
1364 849 1648 876 commemora-

161 904 311 954 nimus,
343 904 389 943 ab
421 903 506 943 aliis
539 902 728 956 dignitate
750 901 865 953 longe
898 900 1153 940 inferioribus
1177 902 1404 954 secreuit),
1440 910 1569 942 tamen
1591 903 1648 943 ita

161 972 412 1012 manifestum
442 977 525 1019 est,
569 977 609 1009 ut
639 970 835 1010 neminem
866 968 1028 1021 posthac
1058 969 1106 1008 de
1137 981 1183 1008 ea
1203 982 1247 1008 re
1271 968 1535 1010 dubitaturum
1557 983 1647 1010 esse

160 1053 320 1092 sperare
352 1038 483 1078 liceat.
535 1037 756 1077 Rarissime
787 1044 916 1076 antem
947 1035 986 1075 111
1020 1035 1078 1075 1115
1106 1035 1217 1076 libris
1240 1050 1261 1076 a
1283 1037 1479 1090 scriptura
1501 1037 1647 1077 codicis

161 1106 363 1160 archetypi
394 1106 609 1146 discessum
643 1118 731 1144 esse
763 1104 825 1144 uel
858 1102 1034 1157 paucitas
1070 1110 1186 1156 atque
1216 1106 1320 1144 ratio
1343 1118 1477 1144 eorum
1498 1105 1646 1144 addita-

160 1181 377 1214 mentorum
402 1174 540 1227 probat
555 1205 564 1222 ‚
598 1186 698 1226 quae
719 1172 759 1212 in
783 1172 853 1212 hac
874 1170 1020 1210 familia
1041 1171 1295 1224 reperiuntur
1309 1203 1320 1222 ‚
1352 1185 1438 1212 cuin
1460 1172 1501 1212 in
1522 1172 1646 1213 inter-

161 1242 289 1296 polata
312 1256 388 1281 non
411 1242 504 1281 sint.
547 1239 652 1281 Nam
674 1238 715 1289 Ι,
744 1237 818 1287 13,
845 1238 868 1278 3
892 1252 941 1279 ex
964 1239 1142 1293 margine
1163 1239 1271 1280 illata
1294 1246 1386 1280 sunt
1407 1240 1526 1280 haec:
1565 1240 1646 1280 ‘le-

159 1309 240 1362 gati
263 1309 308 1348 ab
332 1308 526 1349 Heluetiis
557 1309 665 1348 missi
697 1322 829 1361 pacem
862 1314 997 1361 petunt
1018 1320 1104 1345 cum
1127 1307 1423 1347 denuntiatione
1445 1309 1643 1358 terroris'‚

159 1374 223 1425 ΙΙ,
249 1376 275 1416 8
291 1407 300 1425 ‚
326 1377 350 1417 3
372 1377 492 1417 uerbo
526 1382 536 1401 ‘
551 1377 803 1430 castigatus',
839 1377 938 1429 quod
962 1388 1098 1416 errore
1120 1374 1159 1414 in
1182 1374 1315 1414 codice
1337 1375 1553 1429 archetypo
1575 1390 1646 1429 pro

162 1443 398 1496 ‘fastigatus'v
422 1445 604 1499 scriptum
622 1452 720 1494 erat,
746 1444 918 1484 additum
942 1450 1002 1484 est
1025 1441 1270 1492 ‘castratus'‚
1294 1439 1368 1492 IV,
1392 1441 1463 1492 22,
1488 1441 1512 1482 3
1536 1450 1646 1483 octo-

161 1512 322 1564 genario
345 1525 508 1551 numero
530 1513 725 1566 ascriptus
748 1511 1044 1566 octingenarius
1060 1541 1070 1560 ,
1095 1508 1170 1560 VI,
1194 1509 1236 1560 7,
1260 1509 1286 1550 7
1308 1510 1349 1549 in
1374 1510 1506 1550 uerbis
1531 1516 1645 1551 ‘non-

159 1578 287 1618 nullos
312 1577 475 1619 Gallicis
507 1579 625 1620 rebus
659 1580 815 1619 sauere'
848 1586 936 1632 post
966 1579 1130 1632 primam
1151 1590 1289 1616 uocem
1323 1575 1509 1618 ‘Gallos'
1540 1579 1646 1618 adie-

159 1652 263 1685 ctum
280 1677 290 1696 ‚
314 1645 416 1696 Vll,
440 1645 511 1695 23,
535 1647 559 1687 3
583 1648 703 1687 uerbo
728 1646 1042 1699 ‘coagmentatis'
1066 1645 1330 1698 praepositum
1356 1645 1644 1699 ‘coagminatis'

158 1710 253 1763 Vll,
279 1712 349 1763 78,
373 1713 399 1753 2
419 1714 459 1754 111
483 1714 541 1754 1115
568 1715 649 1755 ‘illo
671 1722 801 1754 tamen
822 1714 950 1767 potius
973 1713 1157 1753 utendum
1175 1713 1351 1752 consilio'
1375 1721 1461 1767 post
1485 1714 1643 1755 ‘tamen'

158 1780 329 1820 additum
355 1783 593 1835 ‘tempore',
618 1781 742 1833 Vlll,
767 1782 847 1831 24,
872 1780 897 1821 3
923 1780 1138 1830 ‘incolae',
1163 1780 1232 1829 27,
1258 1779 1282 1819 3
1308 1782 1449 1821 ‘non'.
1503 1780 1550 1821 In
1573 1781 1645 1822 hac

158 1847 296 1889 horum
329 1849 439 1889 codd.
478 1850 718 1904 praestantia
751 1849 1006 1889 uehementer
1037 1848 1245 1888 dolendum
1277 1855 1339 1888 est
1368 1848 1407 1888 in
1437 1849 1485 1889 iis
1518 1864 1644 1902 neq-ue

158 1915 362 1969 quicquam
384 1924 541 1970 praeter
562 1925 651 1958 octo
673 1917 976 1957 commentarios
999 1917 1045 1956 de
1075 1916 1114 1956 b.
1140 1914 1244 1955 Gall.
1271 1923 1473 1955 seruatum
1496 1930 1583 1956 esse
1606 1924 1645 1956 et

158 1996 208 2024 ne
230 1983 299 2025 1105
323 1985 475 2037 quidem
498 1999 621 2038 aeque
644 1986 778 2039 plenos
800 1992 915 2038 atque
937 1984 976 2024 in
999 1983 1262 2037 interpolatis.
1322 1982 1428 2022 Nam
1462 1991 1501 2023 et
1523 1984 1644 2036 pluri-

155 2050 227 2092 bus
250 2051 345 2092 locis
367 2053 486 2093 uerba
509 2054 697 2106 quaedam
720 2053 969 2100 exciderunt,
995 2052 1081 2092 etin
1105 2051 1202 2091 libro
1220 2049 1318 2091 vll!
1341 2063 1439 2103 quae
1460 2051 1646 2103 leguntur

157 2119 246 2159 inde
268 2133 290 2159 a
312 2120 442 2160 uei-bis
476 2121 570 2161 ‘nisi
595 2121 764 2160 maiore'
800 2135 834 2159 0.
863 2120 929 2169 11,
957 2119 977 2158 1
1003 2133 1125 2172 115(1110
1147 2119 1196 2159 ad
1218 2132 1252 2158 c.
1280 2117 1347 2166 12,
1372 2116 1412 2156 3.
1456 2116 1556 2158 Item
1579 2133 1643 2159 ca-

158 2186 238 2241 pita
259 2187 326 2237 51,
355 2187 422 2238 52,
448 2187 501 2228 53
523 2202 648 2242 usque
671 2189 718 2228 ad
741 2188 863 2229 uerba
894 2192 904 2212 ⁶
920 2202 994 2241 quo
1016 2187 1205 2227 mai-ores'
1241 2186 1383 2226 desunt
1403 2186 1443 2226 in
1464 2184 1558 2226 Par.
1584 2200 1642 2240 pr.

158 2253 279 2296 Voss.
305 2269 364 2309 pr.
390 2254 525 2309 Egm.‚
550 2257 617 2297 sed
640 2257 679 2297 in
704 2256 761 2296 1115
785 2255 933 2296 duobus
955 2268 1077 2308 usque
1099 2255 1145 2295 ad
1168 2253 1288 2294 uerba
1311 2268 1345 2294 0.
1372 2253 1446 2300 52,
1469 2253 1496 2293 4
1528 2258 1642 2294 ‘cum

158 2319 344 2363 Caesaris
366 2324 512 2373 causa',
537 2324 591 2364 ita
612 2331 655 2364 ut
677 2331 854 2365 extrema
876 2323 927 2363 sit
947 2322 1098 2377 syllaba
1122 2320 1289 2372 ‘Caes'‚
1315 2322 1361 2361 ad
1383 2321 1530 2362 calcem
1552 2335 1643 2376 sup-

158 2389 261 2443 pleta
282 2397 388 2430 sunt.
449 2390 554 2432 Nam
585 2393 631 2432 de
651 2389 927 2445 Bongarsiano
959 2391 1083 2445 primo
1106 2391 1153 2431 ob
1177 2404 1245 2438 ea,
1279 2403 1379 2443 quae
1401 2403 1519 2442 supra
1541 2390 1640 2440 dixi,

159 2457 205 2497 de
227 2458 446 2511 posteriore
468 2459 605 2499 lacuna
627 2461 820 2500 incertum
843 2466 917 2499 est.

271 2523 537 2581 Interpolatae
560 2527 731 2568 familiae
753 2526 1049 2579 antiquissimus
1073 2526 1198 2566 codex
1215 2557 1225 2575 ‚
1260 2524 1324 2578 qui
1348 2524 1501 2577 quidem
1523 2524 1642 2564 colla-

159 2600 222 2633 tus
244 2594 318 2643 sit,
346 2593 551 2636 Parisinus
574 2596 768 2636 secundus
792 2602 872 2643 est,
898 2594 937 2633 in
958 2594 1067 2648 regia
1090 2594 1322 2633 bibliotheca
1347 2605 1509 2632 numero
1532 2592 1643 2644 quin-

160 2661 270 2714 quies
291 2662 519 2703 millesimus
551 2662 926 2716 septingentesimus
956 2661 1229 2714 sexagesimus
1262 2667 1448 2712 quartus,
1483 2660 1641 2700 saeculo

159 2729 364 2770 undecimo
395 2730 436 2770 in
466 2729 703 2770 membranis
735 2729 920 2769 maximis
951 2730 1135 2782 scriptus.
1200 2727 1349 2767 Eodem
1380 2728 1493 2767 modo
1525 2734 1642 2779 atque

159 2796 285 2851 primo
319 2795 500 2838 Parisino
531 2811 626 2838 usus
658 2803 719 2837 est
747 2795 1028 2846 Achaintrius‚
1060 2796 1155 2836 mihi
1185 2796 1275 2836 libri
1306 2796 1352 2835 de
1383 2795 1485 2835 bello
1517 2795 1639 2845 ciuili,

160 2864 460 2916 Alexandrino,
493 2864 711 2914 Africano,
745 2862 999 2918 Hispaniensi
1031 2871 1071 2904 et
1100 2865 1141 2905 in
1162 2863 1272 2904 libris
1295 2863 1342 2904 de
1362 2863 1464 2903 bello
1488 2861 1640 2903 Gallico
