1835 3240
128 198 212 241 720
644 197 814 240 BELLI
846 195 1242 240 HISPANIENSIS

205 311 437 361 accidisset,
471 311 750 352 existimabant
780 323 900 363 prope
922 323 1064 363 magna
1086 323 1176 363 pars
1197 310 1418 362 hominum,
1453 313 1517 365 qui
1550 312 1588 352 in
1620 312 1678 351 his

162 379 192 424 4
212 378 353 419 castris
376 378 558 428 fuissent,
584 392 627 418 se
649 390 768 431 prope
790 384 924 431 captos
947 391 1052 417 esse.
1096 376 1182 417 Hoc
1205 378 1324 418 misso
1347 379 1393 419 ad
1414 378 1545 420 Vliam
1568 393 1680 433 prae-

205 447 304 487 sidio
322 445 490 495 Caesar,
516 452 557 485 ut
570 443 799 497 Pompeium
822 445 868 484 ab
892 458 937 485 ea
960 445 1250 498 oppugnatione
1271 446 1497 497 deduceret,
1521 447 1568 488 ad
1582 444 1682 487 Cor-

157 513 185 555 2
206 514 345 554 dubam
367 512 566 553 contendit
588 525 716 564 exque
735 512 876 552 itinere
898 513 1084 553 loricatos
1105 513 1212 552 uiros
1236 513 1356 553 sortes
1388 527 1474 553 cum
1506 514 1679 567 equitatu

205 589 296 622 ante
318 579 545 634 praemisit3
571 579 633 631 qui
656 578 771 619 simul
791 580 831 619 in
853 587 1101 634 conspectum
1124 579 1251 633 oppidi
1274 594 1317 620 se
1339 580 1543 631 dederunt,
1569 581 1676 634 equis

158 648 184 689 3
206 649 462 702 recipiuntur.
496 644 583 686 Hoc
606 660 627 686 a
641 643 961 687 Cordubensibus
984 660 1228 700 nequaquam
1250 654 1405 701 poterat
1426 647 1594 687 animum
1615 649 1682 688 ad-

204 716 322 757 uerti.
376 713 788 767 Appropinquantibus
820 727 873 754 ex
913 714 1051 768 oppido
1083 714 1182 754 bene
1220 729 1359 768 magna
1393 715 1597 755 multitudo
1636 716 1682 755 ad

204 784 418 837 equitatum
434 780 716 821 concidendum
730 795 815 821 cum
830 781 1027 831 exissent,
1051 782 1221 831 loricati,
1246 789 1288 822 ut
1306 796 1421 836 supra
1435 782 1680 837 scripsimus,

203 865 257 891 ex
280 849 387 902 equis
410 848 699 889 descenderunt
728 856 765 889 et
793 863 976 902 magnum
1008 850 1197 903 proelium
1221 850 1421 899 fecerunt,
1456 850 1513 889 sic
1542 848 1599 889 uti
1631 862 1684 888 ex

155 919 180 960 4
202 917 352 959 infinita
375 916 573 956 hominum
596 916 841 957 multitudine
863 916 975 970 pauci
996 916 1036 956 in
1058 917 1236 970 oppidum
1259 930 1302 957 se
1322 917 1560 970 reciperent.
1596 915 1684 955 Hoc

202 986 345 1025 timore
375 983 566 1024 adductus
591 981 691 1024 Sex.
718 983 927 1038 Pompeius
956 984 1109 1025 litteras
1140 984 1253 1024 fratri
1274 983 1404 1034 misit,
1439 991 1482 1024 ut
1503 983 1683 1024 celeriter

202 1053 276 1094 sibi
298 1050 472 1092 subsidio
495 1051 675 1100 ueniret,
712 1064 762 1091 ne
794 1051 901 1105 prius
924 1049 1078 1092 Caesar
1100 1049 1322 1092 Cordubam
1347 1059 1529 1105 caperet,
1565 1065 1679 1104 quam

155 1120 180 1161 5
203 1121 286 1174 ipse
306 1120 373 1160 illo
389 1118 578 1159 uenisset.
612 1117 749 1171 Itaque
772 1119 886 1159 facit:
912 1118 1002 1160 Vlia
1024 1133 1142 1173 prope
1164 1126 1274 1172 capta
1296 1119 1437 1159 litteris
1460 1119 1591 1159 fratris
1615 1133 1684 1158 ex-

155 1189 182 1233 5
203 1189 304 1229 citus
327 1202 413 1227 cum
435 1187 557 1240 copiis
580 1186 627 1226 ad
651 1183 874 1226 Cordubam
896 1187 972 1227 iter
993 1188 1125 1226 facere
1147 1186 1289 1240 coepit.
1334 1183 1501 1234 Caesar,
1527 1200 1613 1225 cum
1635 1187 1683 1225 ad

202 1256 345 1295 flumen
366 1253 521 1294 Baetim
544 1254 721 1294 uenisset
743 1267 865 1306 neque
887 1260 1047 1307 propter
1076 1253 1321 1293 altitudinem
1354 1252 1523 1293 fluminis
1556 1260 1684 1293 trans-

201 1323 260 1362 ire
283 1329 431 1375 posset,
456 1321 646 1374 lapidibus
669 1320 809 1361 corbes
833 1321 969 1374 plenos
993 1320 1172 1361 demisit:
1197 1321 1251 1360 ita
1272 1321 1432 1373 insuper
1448 1326 1566 1374 ponte
1582 1321 1683 1360 facto

152 1390 180 1431 2
202 1389 333 1443 copias
355 1389 403 1428 ad
434 1396 565 1428 castra
587 1389 784 1442 tripartito
807 1388 1000 1429 traduxit.
1042 1387 1224 1429 Tenebat
1244 1389 1435 1428 aduersus
1457 1387 1639 1442 oppidum
1661 1400 1682 1427 e

152 1455 178 1496 3
199 1456 362 1510 regione
384 1456 513 1510 pontis
536 1463 664 1496 castra
680 1487 690 1506 ,
724 1463 767 1496 ut
796 1470 913 1510 supra
943 1455 1170 1510 scripsimus
1187 1487 1197 1506 ,
1231 1456 1443 1509 tripartito.
1488 1453 1575 1495 Huc
1597 1468 1681 1494 eum

199 1523 411 1578 Pompeius
435 1538 520 1564 cum
542 1524 625 1564 suis
648 1524 769 1577 copiis
791 1524 983 1571 uenisset,
1008 1537 1060 1564 ex
1081 1524 1249 1564 aduerso
1272 1523 1354 1578 pari
1376 1522 1531 1562 ratione
1553 1529 1683 1563 castra

202 1592 325 1647 ponit.
372 1588 545 1642 Caesar,
579 1598 622 1631 ut
644 1605 731 1631 eum
753 1592 799 1631 ab
823 1592 962 1645 oppido
984 1598 1282 1644 commeatuque
1311 1590 1565 1640 excluderet,
1598 1590 1687 1630 bra-

201 1660 330 1700 chium
354 1660 401 1699 ad
424 1666 580 1713 pontem
605 1659 748 1699 ducere
770 1660 911 1713 coepit.
955 1658 1048 1699 Pari
1079 1659 1180 1699 idem
1203 1659 1432 1699 condicione
1454 1656 1678 1712 Pompeius.

154 1728 180 1768 4
203 1726 279 1768 Hic
307 1727 411 1767 inter
442 1728 560 1767 duces
593 1728 689 1767 duos
720 1728 762 1767 fit
791 1727 1007 1776 contentio,
1031 1734 1119 1767 uter
1140 1728 1246 1780 prius
1269 1733 1421 1780 pontem
1445 1731 1679 1779 occuparet,

204 1809 257 1835 ex
279 1809 354 1848 qua
376 1795 629 1835 contentione
652 1794 848 1834 cotidiana
869 1795 1018 1834 minuta
1040 1794 1188 1848 proelia
1210 1794 1377 1843 fiebant,
1411 1800 1453 1833 ut
1482 1793 1595 1833 modo
1626 1792 1680 1840 hi,

155 1863 180 1904 5
202 1876 490 1914 nonnumquam
512 1862 567 1902 illi
582 1862 807 1915 superiores
822 1861 1084 1902 discederent.
1110 1860 1222 1913 Quae
1243 1875 1308 1901 res
1327 1875 1411 1901 eum
1432 1861 1479 1901 ad
1498 1860 1682 1900 maiorem

204 1929 496 1970 contentionem
518 1929 720 1979 uenisset,
746 1929 792 1968 ab
816 1929 993 1982 utrisque
1016 1930 1233 1969 comminus
1256 1942 1385 1982 pugna
1407 1928 1564 1980 iniqua,
1598 1927 1684 1966 dum

202 1996 377 2050 cupidius
399 1996 525 2036 locum
548 1997 707 2037 student
736 2003 896 2047 tenere,
931 2003 1089 2049 propter
1120 2003 1275 2049 pontem
1306 1996 1681 2049 coangustabantur,

155 2064 182 2105 6
203 2064 372 2105 fluminis
403 2064 509 2118 ripas
543 2063 900 2119 adpropinquantes
924 2064 1169 2117 coangustati
1192 2063 1564 2118 praecipitabantur.
1609 2062 1684 2104 Hic

349 2212 361 2243 1
383 2211 552 2244 accidisse
570 2222 591 2244 α
612 2213 629 2244 b
648 2212 716 2255 df.
890 2212 1133 2245 existimabant
1150 2213 1170 2246 2
1189 2212 1290 2253 dett„
1312 2212 1509 2244 existimant
1529 2221 1549 2242 α
1570 2211 1587 2242 b
1606 2210 1681 2252 ds3

203 2262 424 2295 existimabat
441 2273 476 2294 u.
651 2273 754 2306 prope
774 2273 893 2305 magna
912 2274 933 2295 α
954 2264 972 2295 b
991 2274 1008 2295 c
1025 2263 1087 2305 ds,
1109 2273 1230 2303 magna
1248 2274 1281 2295 a.
1454 2262 1552 2304 hisf,
1573 2261 1614 2292 iis
1633 2263 1683 2299 (a)

202 2314 315 2347 Aldus
334 2325 369 2346 u.
511 2316 530 2347 2
551 2315 674 2347 fuisset
692 2317 759 2358 as.
902 2314 992 2357 esse]
1013 2315 1249 2347 existimarent
1266 2315 1349 2347 add.
1372 2315 1403 2347 Ι).
1545 2316 1683 2353 (sexque

200 2378 221 2399 a
242 2368 272 2408 b,
293 2378 335 2399 ex
355 2378 420 2410 quo
439 2378 473 2399 u.
618 2369 634 2399 5
649 2368 761 2410 oppidi
783 2368 943 2399 sederunt
962 2378 996 2405 a,
1017 2366 1130 2409 oppidi
1149 2367 1315 2398 dederunt
1335 2367 1365 2398 h.
1502 2365 1598 2406 equis
1619 2364 1686 2395 On-

203 2419 518 2460 (Iendorpz'us‚cu1n
538 2420 633 2461 equis
653 2430 673 2451 a
694 2421 710 2451 b
730 2420 773 2459 cl,·
792 2420 824 2451 in
844 2420 940 2461 equis
953 2419 1069 2451 Aldus
1087 2429 1122 2450 η.
1263 2419 1439 2450 canimum
1459 2416 1593 2448 aduerti
1611 2426 1631 2447 a
1651 2416 1682 2455 b,

204 2482 275 2503 non
295 2471 467 2502 animadu.
612 2472 651 2503 10
671 2472 826 2514 recipent
844 2482 877 2503 α.
1022 2470 1058 2502 11
1080 2468 1158 2502 Sei.
1180 2480 1220 2510 a,
1241 2469 1365 2501 Sextus
1384 2479 1417 2500 u.
1562 2468 1601 2500 ¹13
1620 2467 1685 2498 ita-

204 2533 268 2564 que
289 2522 372 2553 saeit
391 2532 465 2562 oga
496 2522 610 2563 itaque
632 2522 715 2554 facit
734 2528 771 2555 ut
788 2533 808 2554 cz
829 2524 847 2554 b
866 2534 905 2561 e;
926 2524 973 2554 ita
993 2521 1055 2553 Cn.
1070 2521 1246 2563 Pompeius
1266 2532 1300 2553 η.
1443 2520 1480 2552 15
1493 2519 1684 2551 altitudinis

205 2575 237 2606 b.
401 2574 568 2615 ttansire]
589 2575 639 2606 ire
659 2585 679 2605 α
701 2575 927 2606 b.1t3
947 2573 1084 2605 demisit
1101 2573 1225 2613 Aldus,
1248 2572 1375 2604 dimisit
1393 2583 1413 2603 (ι
1435 2572 1543 2604 ‘mssa'

208 2625 249 2658 17
266 2625 405 2657 tenebat
423 2636 443 2656 ιι
464 2626 494 2665 Ι),
516 2626 678 2657 tenebant
698 2637 729 2658 ll.
920 2626 1100 2657 aduersum
1123 2626 1153 2656 b.
1336 2625 1375 2657 18
1394 2626 1538 2667 pontia.

206 2681 321 2709 castra
341 2676 425 2708 Clar
429 2675 517 2716 lans,
540 2677 652 2708 trabes
672 2677 773 2708 codd.
952 2676 1125 2719 tripartito
1144 2686 1236 2706 unus
1255 2676 1339 2715 det„
1361 2677 1521 2718 bipartito
1540 2676 1682 2718 reliqui.

347 2728 409 2759 hoe
427 2737 460 2760 α.
642 2728 680 2759 19
701 2738 773 2759 cum
795 2738 862 2759 om.
883 2738 918 2759 α.
1096 2727 1134 2760 21
1157 2725 1259 2767 idem]
1280 2727 1355 2758 dein
1377 2728 1407 2759 b.
1570 2728 1684 2759 condi-

204 2780 296 2811 tione
315 2777 379 2820 (a).
548 2779 591 2811 24
611 2789 847 2820 nonnunquam
866 2789 886 2809 a
906 2779 924 2810 b
941 2788 969 2818 e,
991 2777 1088 2808 modo
1106 2778 1218 2808 Aldus
1238 2788 1271 2809 u.
1442 2778 1484 2811 ‘25
1504 2778 1587 2810 inita
1606 2789 1681 2810 cum

205 2841 274 2862 uno
293 2830 364 2862 det.
385 2839 422 2861 u.
591 2829 633 2862 26
653 2830 880 2870 coagulabant
897 2839 917 2861 α
938 2829 955 2861 b
975 2839 1004 2860 c.
1176 2829 1216 2860 27
1239 2830 1382 2862 numinis
1401 2840 1422 2862 a
1442 2830 1459 2862 b
1479 2840 1507 2871 c,
1527 2835 1561 2862 et
1580 2830 1685 2862 flumi-

207 2881 258 2913 nis
279 2891 313 2913 ιι.
456 2881 546 2923 ripas
565 2890 585 2912 α
606 2880 635 2921 b,
657 2880 751 2923 ripae
771 2891 799 2912 c.
941 2880 1248 2923 acpropinquantcs
1267 2891 1287 2913 a
1306 2891 1334 2913 e.

1708 589 1727 620 CJK

1717 922 1757 955 10

1718 1259 1757 1292 15
