1835 3240
709 192 1107 233 *55*

162 309 371 351 tertoribus
386 338 397 357 ‚
430 308 471 347 in
494 307 634 359 quihus
658 310 668 330 ⁶
683 304 883 359 frugibus⁷
915 306 1073 358 legitur.
1118 304 1261 356 Neque
1283 307 1462 358 cuiquam
1485 323 1644 362 persua-

159 377 257 418 serit
278 374 570 424 Schneiderus,
596 389 672 427 quo
694 374 822 414 minus
845 373 1099 427 peruagatins
1122 371 1353 412 uocabulum
1385 378 1396 397 ⁶
1412 375 1567 428 fruges'
1590 379 1644 418 al—

159 444 233 483 teri
254 458 276 482 a
305 442 466 482 librario
500 441 752 482 substitutum
785 454 873 481 esse
905 441 1100 480 uideatur.
1163 437 1243 480 Sed
1274 438 1410 480 Latini
1441 455 1518 482 non
1553 458 1644 483 raro

160 513 314 551 fructus
346 510 385 549 in
410 517 490 550 toto
521 523 704 563 agrorum
728 517 922 563 prouentu
944 508 1202 561 significando
1224 515 1455 562 posuerunt.
1519 507 1644 550 Cuius

158 579 214 619 rei
237 579 419 631 quoniam
443 576 745 630 Oudendorpius
768 591 887 616 unum
908 575 1015 616 Liuii
1039 576 1259 630 exemplum
1282 576 1468 630 protulit,
1492 577 1645 630 reliqua

156 652 361 700 poe'tarum
384 652 422 686 et
443 646 682 700 scriptorum
704 652 836 685 aetate
857 644 1086 684 inferiorum
1102 674 1112 693 ,
1149 645 1260 697 plura
1283 652 1400 697 atque
1423 645 1646 697 antiquiora

156 715 336 768 ascripsi.
388 712 558 754 Praeter
591 711 815 753 Varronem
847 712 950 752 enim
981 711 1020 751 in
1052 712 1165 752 libris
1195 712 1241 752 de
1270 725 1313 752 re
1335 715 1510 760 rustica,
1544 714 1643 766 apud

156 797 269 837 quem
293 781 650 834 frequentissimum
674 788 757 830 est,
791 781 980 820 dixerunt
1010 780 1065 819 ita
1087 777 1176 820 Cic.
1213 780 1259 819 dc
1280 780 1373 833 imp.
1399 777 1478 820 Cn.
1502 779 1641 833 Pomp.

155 850 197 901 6,
224 850 276 890 14
301 849 415 890 ‘Asia
437 863 532 889 uero
556 855 633 888 tam
657 847 784 902 opima
807 854 867 888 est
888 854 927 886 et
948 847 1104 894 sertim,
1134 854 1175 888 ut
1196 854 1236 887 et
1258 847 1437 888 ubertate
1459 862 1642 901 agrorum

156 926 196 958 ct
217 919 412 959 uarietate
445 918 641 956 fructuum
674 923 711 955 et
740 915 1011 968 magnitudine
1032 916 1225 968 pastionis
1249 923 1288 956 et
1309 916 1558 956 multitudine
1581 930 1645 956 ea-

154 1000 239 1026 rum
262 1000 421 1034 rerum,
456 998 555 1037 quae
577 990 863 1037 exportantur,
896 983 1010 1024 facile
1039 983 1220 1023 omnibus
1253 984 1370 1024 terris
1401 984 1641 1032 antecellat',

155 1067 224 1107 pro
246 1051 364 1092 Font.
389 1052 440 1102 4,
479 1051 531 1092 10
556 1052 742 1104 ‘uectigal
765 1066 855 1092 esse
883 1052 1107 1105 impositum
1144 1051 1337 1092 fructibus
1370 1052 1518 1092 nostris
1550 1052 1644 1091 dici-

156 1121 247 1170 tur',
272 1122 318 1160 de
339 1121 417 1172 leg.
443 1134 528 1173 agr.
554 1118 607 1169 Il,
633 1118 702 1169 32,
727 1118 783 1160 88
809 1124 874 1158 ‘ut
896 1126 1000 1158 esset
1024 1119 1134 1159 locus
1157 1120 1449 1172 comportandis
1473 1120 1644 1160 conden-

154 1188 290 1242 disque
313 1188 535 1237 fructibus',
562 1184 653 1227 Cat.
673 1188 765 1227 mai.
785 1186 826 1235 7,
851 1186 906 1227 24
931 1191 1028 1226 ‘non
1045 1187 1241 1236 serendis,
1267 1200 1345 1226 non
1364 1187 1642 1240 percipiendis,

155 1271 234 1297 non
257 1256 471 1296 condendis
493 1255 699 1295 fructibus'
726 1262 766 1294 et
791 1254 856 1304 19,
881 1254 937 1294 70
960 1258 1047 1294 ‘uer
1069 1255 1173 1294 enim
1197 1262 1392 1307 tamquam
1414 1256 1645 1296 adolescen-

156 1325 209 1364 tia
230 1324 426 1377 significat
447 1324 696 1376 ostenditque
715 1324 864 1362 fructus
882 1324 1051 1372 futuros,
1076 1322 1226 1375 reliqua
1246 1329 1424 1376 tempora
1446 1323 1645 1363 demeten—

155 1392 214 1431 dis
237 1392 428 1432 fructibus
451 1399 491 1431 et
512 1391 773 1444 percipiendis
795 1391 1049 1431 accomodata
1072 1390 1195 1440 sunt⁷‚
1220 1390 1268 1430 ad
1290 1388 1403 1430 Fam.
1428 1389 1547 1440 XIII,
1573 1389 1643 1440 56,

155 1459 182 1497 2
206 1458 486 1498 ‘Heracleotae
509 1465 548 1498 et
568 1456 832 1511 Bai-gyletae,
858 1458 921 1509 qui
943 1458 1038 1497 item
1060 1457 1226 1506 debent,
1252 1465 1319 1497 aut
1341 1459 1545 1510 pecuniam
1568 1459 1646 1498 sol-

157 1534 252 1567 uant
273 1533 340 1566 aut
362 1525 551 1566 fructibus
583 1526 663 1566 suis
686 1525 977 1575 satisfaciant'3
1013 1522 1225 1565 Sallustius
1256 1525 1296 1565 in
1329 1539 1390 1578 ep.
1423 1523 1564 1579 Pomp.
1597 1528 1646 1566 ad

155 1607 241 1633 scu.
267 1608 302 1646 p.
324 1593 403 1633 231
430 1592 542 1632 Gerl.
590 1591 743 1632 ‘Gallia
775 1593 978 1646 superiore
1007 1606 1111 1631 anno
1141 1591 1299 1633 Metelli
1330 1593 1551 1633 exercitum
1574 1594 1644 1633 sti-

155 1660 295 1714 pendio
318 1661 593 1713 frumentoque
614 1660 712 1700 aluit
734 1666 773 1698 et
795 1674 898 1699 nunc
921 1660 1033 1699 malis
1056 1660 1249 1699 fructibus
1271 1660 1354 1713 ipsa
1377 1661 1448 1700 uix
1476 1661 1641 1715 agitat'3

154 1726 297 1768 Liuius
319 1726 383 1777 ΙΙ,
409 1728 432 1768 5
459 1729 576 1767 ‘forte
598 1727 651 1767 ibi
674 1734 752 1767 tum
777 1740 892 1780 nges
916 1726 1034 1767 farris
1058 1727 1202 1767 dicitur
1224 1728 1345 1767 Fuisse
1368 1735 1521 1768 matura
1542 1742 1644 1769 mes-

154 1797 211 1836 si:
238 1809 351 1849 quem
374 1795 497 1848 campi
520 1796 707 1834 fructum*
732 1802 844 1844 cett.,
868 1793 999 1845 XXI,
1023 1793 1077 1834 63
1102 1800 1113 1818 ⁶
1128 1795 1175 1836 ad
1199 1796 1349 1834 fructus
1373 1809 1422 1835 ex
1446 1797 1555 1850 agris
1577 1810 1644 1836 ue—

154 1865 348 1913 ctandos’,
374 1861 526 1912 XXII,
564 1861 614 1902 15
647 1863 836 1903 ‘arbusta
859 1863 1076 1916 uineaeque
1111 1870 1151 1903 et
1181 1863 1334 1902 consita
1366 1864 1497 1903 omnia
1519 1865 1644 1918 magis

154 1932 330 1972 amoenis
352 1945 467 1984 quam
489 1931 727 1971 necessariis
752 1929 982 1978 fructibus',
1016 1928 1153 1980 XLV,
1188 1930 1238 1971 13
1273 1936 1283 1954 ί
1299 1944 1344 1970 ea
1377 1945 1430 1970 ex
1452 1931 1644 1971 fructibus

154 2000 239 2053 agri
261 1999 308 2039 ab
331 2013 374 2039 se
396 1999 491 2048 dati,
517 2013 617 2052 qnae
639 1999 690 2038 ibi
715 1999 980 2051 proueniant'.
1023 1996 1105 2039 Sed
1128 1999 1228 2052 apud
1251 1996 1373 2039 Caes.
1398 1998 1436 2038 b.
1464 1999 1541 2038 ciu.
1566 1997 1641 2046 Ill,

153 2066 224 2114 58,
249 2067 273 2107 5
296 2067 390 2107 ferri
413 2067 563 2120 nequit,
590 2067 689 2119 quod
713 2067 752 2106 in
771 2068 970 2108 codicibus
990 2066 1157 2119 legitur:
1187 2072 1408 2119 ‘postquam
1429 2081 1508 2106 non
1530 2068 1643 2107 modo

153 2135 342 2175 hordeum
365 2135 624 2189 pabulumque
643 2135 824 2176 omnibus
847 2135 946 2176 locis
969 2135 1190 2188 herbaeque
1212 2135 1411 2183 desectae,
1438 2135 1507 2175 sed
1527 2136 1643 2175 etiam

153 2204 304 2244 fructus
326 2217 380 2244 ex
400 2203 607 2243 arboribus
630 2203 862 2243 deliciebat'.
900 2202 1006 2243 Nam
1031 2204 1180 2243 fructus
1203 2216 1256 2243 ex
1277 2202 1485 2242 arboribus
1507 2216 1644 2243 neces-

152 2272 259 2312 sario
291 2286 405 2325 poma
436 2278 529 2311 sunt
558 2271 851 2324 intellegenda:
894 2278 935 2311 at
966 2271 1027 2311 bic
1060 2271 1152 2310 folia
1184 2284 1236 2310 ex
1267 2270 1475 2310 arboribus
1506 2271 1644 2311 stricta

152 2339 216 2391 (ἓ.
241 2338 295 2391 3)
319 2339 578 2393 significanda
600 2346 728 2378 erant.
790 2337 919 2380 Recte
950 2339 1003 2380 ibi
1027 2337 1224 2380 Cellarius
1260 2340 1395 2378 ‘frons
1418 2338 1642 2379 deficiebat’

152 2407 297 2459 posuit.

267 2471 315 2514 C.
342 2473 411 2524 34,
440 2473 459 2513 1
484 2488 687 2528 perperam
712 2475 838 2514 adbuc
860 2476 1036 2528 praelata
1057 2481 1118 2513 est
1138 2474 1337 2527 scriptura
1360 2475 1472 2514 codd.
1497 2474 1643 2514 Andini

153 2548 192 2581 et
213 2538 461 2582 oxoniensis
493 2540 772 2594 ‘quamobrem
806 2542 953 2596 placuit
985 2542 1019 2581 ei
1037 2573 1046 2591 ,
1083 2549 1124 2581 ut
1153 2542 1201 2580 ad
1223 2539 1469 2581 Ariouistum
1492 2542 1644 2595 legatos

152 2609 343 2659 mitteret,
369 2610 435 2662 qui
456 2609 503 2648 ab
527 2623 573 2649 eo
596 2609 866 2663 postularent,
895 2611 949 2649 uti
971 2609 1138 2662 aliquem
1159 2609 1288 2649 locum
1309 2609 1475 2649 medium
1499 2610 1644 2649 utrius-

155 2688 230 2726 que
249 2677 441 2730 eolloquio
464 2677 644 2726 diceret',
669 2691 755 2717 cum
778 2677 818 2717 in
839 2678 1000 2731 reliquis
1022 2677 1202 2717 omnibus
1225 2679 1381 2730 legatur
1406 2677 1641 2728 ‘deligeret'.

155 2739 420 2785 Schneiderus
442 2759 539 2785 uero
562 2759 721 2786 causam
743 2746 861 2785 etiam
881 2745 1141 2799 excogitauit,
1167 2760 1238 2785 cur
1257 2746 1479 2799 ‘deligeret'
1504 2746 1642 2785 salsum

157 2807 371 2850 uideretur.
416 2811 544 2852 ‘Nam
569 2813 821 2866 postulatio',
845 2814 998 2867 inquit,
1035 2811 1250 2853 ‘Caesaris
1279 2828 1358 2853 non
1380 2813 1429 2853 ad
1451 2813 1641 2852 delectum

158 2876 235 2916 loci
255 2877 472 2919 faciendum
496 2881 741 2933 pertinebat,
766 2882 877 2934 quasi
899 2882 1059 2922 multum
1080 2881 1307 2931 retulisset,
1333 2881 1395 2921 bic
1417 2894 1467 2920 an
1489 2879 1554 2919 ille
1577 2878 1640 2918 ‹le-
