1835 3240
682 207 1077 248 -31—

259 324 369 378 Quae
391 337 478 363 cum
499 323 556 363 ita
578 322 682 372 sint,
717 321 841 375 prima
864 322 1039 362 occurrit
1061 322 1237 374 quaestio
1253 354 1263 373 ,
1298 324 1385 376 quid
1409 326 1627 369 faciendum

147 396 199 435 sit
230 394 307 433 illis
338 392 472 432 uerbis
504 391 542 431 in
575 390 741 444 epistola
770 390 817 429 ad
849 388 1013 430 Balbum
1045 390 1208 443 positis,
1245 391 1384 446 quibus
1414 407 1456 433 se
1480 393 1630 437 Hirtius

147 460 446 501 commentarios
465 455 654 499 Caesaris
677 471 798 510 usque
820 457 866 497 ad
889 457 994 497 uitae
1018 458 1101 497 eius
1124 459 1239 498 finem
1263 460 1506 513 suppleuisse
1528 463 1634 502 affir-

148 536 240 569 mat.
291 528 355 568 An
387 528 484 567 duos
514 526 635 566 Hirtii
658 525 961 565 commentarios
994 526 1040 565 dc
1073 525 1175 566 bello
1198 526 1390 567 Africano
1423 535 1463 568 et
1490 528 1635 583 Hispa-

148 596 275 636 niensi
298 596 449 649 perisse
472 601 511 635 et
533 608 615 644 eos,
641 607 736 646 quos
754 593 957 643 habemus,
981 593 1021 633 in
1041 608 1173 634 eorum
1190 595 1317 635 locum
1336 597 1523 637 suffectos
1547 612 1635 638 esse

150 663 491 704 existimabimus?
531 660 619 700 Hoc
641 675 736 701 uero
758 661 871 714 plane
893 661 1132 701 reiciendum
1157 670 1232 703 est.
1278 662 1381 703 Nam
1405 678 1493 704 cum
1516 665 1638 706 Hirtii

149 731 422 771 commentarii
453 744 537 769 cum
573 726 830 769 Caesarianis
861 743 938 769 uno
971 744 1137 784 corpore
1169 739 1303 771 essent
1344 734 1635 787 comprehensi,

151 800 251 853 quod
273 806 312 839 et
334 798 490 838 codices
513 797 639 837 nostri
663 797 806 836 docent
827 803 865 837 et
887 795 1104 838 Suetonius
1126 801 1301 840 ostendit
1323 808 1361 841 et
1382 801 1465 855 ipse
1484 801 1638 842 Hirtius

151 867 381 915 confirmat,
417 866 480 918 qui
503 880 564 919 ep.
591 865 637 904 ad
659 862 773 905 Balb.
809 866 843 918 ξ.
870 864 894 905 3
917 867 1171 919 arrogantiae
1205 869 1355 909 crimen
1388 869 1636 923 deprecatur,

152 935 253 987 quod
284 933 422 974 mediis
453 947 496 974 se
525 933 831 987 interposuisset
855 930 1042 974 Caesaris
1072 936 1254 990 scriptis,
1291 951 1343 977 ex
1372 938 1445 978 hoc
1474 952 1640 992 corpore

152 1003 226 1042 duo
250 1002 420 1042 extremi
442 1001 529 1041 libri
552 1001 608 1041 ita
629 1001 757 1054 perire
772 1032 782 1051 ,
816 1008 859 1041 ut
886 1002 1001 1055 plane
1024 1016 1076 1043 ex
1098 1003 1295 1044 hominum
1319 1006 1498 1046 manibus
1521 1020 1642 1046 excu-

152 1076 358 1119 terentur,
394 1076 473 1109 tum
497 1070 650 1109 demum
673 1077 909 1123 potuerunt,
947 1085 1032 1110 cum
1056 1078 1096 1111 et
1116 1071 1259 1112 iniuria
1283 1080 1500 1127 temporum
1523 1082 1561 1114 et
1583 1075 1643 1114 in-

153 1137 264 1178 scitia
290 1144 405 1189 atque
428 1138 611 1177 socordia
633 1138 830 1178 hominum
853 1145 1034 1178 ueterum
1065 1139 1251 1179 librorum
1276 1142 1518 1195 exemplaria
1543 1143 1645 1183 facta

155 1212 289 1246 essent
309 1205 528 1245 rarissima.
573 1205 699 1260 Atqui
732 1206 769 1246 id
801 1221 881 1246 non
910 1207 1025 1247 facile
1048 1214 1139 1247 ante
1162 1207 1335 1260 quintum
1359 1211 1558 1250 saeculum
1581 1225 1646 1251 ac-

155 1273 309 1314 ciderit.
353 1272 408 1312 At
437 1287 482 1313 eo
516 1274 670 1328 quidem
701 1280 877 1328 tempore
910 1275 981 1314 hos
1014 1274 1136 1315 libros
1169 1277 1290 1317 scribi
1321 1279 1499 1330 potuisse
1531 1294 1646 1320 nemo

157 1341 234 1381 erit
256 1349 333 1381 tam
357 1354 583 1394 peruersus,
610 1341 673 1381 cui
694 1342 734 1381 in
757 1350 925 1383 mentem
950 1343 1064 1382 modo
1087 1344 1225 1383 uenire
1248 1346 1386 1398 possit.
1450 1345 1508 1387 Ita
1543 1348 1647 1387 enim

160 1415 406 1461 comparatos
430 1408 618 1461 quisque,
645 1410 709 1461 qui
732 1410 875 1450 leuiter
896 1411 1095 1463 attigerit,
1131 1419 1344 1464 agnoscet,
1380 1420 1488 1455 tanta
1516 1429 1647 1455 rerum

162 1477 278 1517 ctiam
291 1476 538 1516 minimarum
553 1476 721 1517 scientia
743 1478 980 1531 compositos
995 1480 1130 1530 (atque
1142 1478 1179 1518 id
1196 1479 1350 1531 quidem
1365 1481 1432 1531 ita,
1460 1488 1503 1522 ut
1518 1483 1646 1523 omnis

160 1545 306 1585 fraudis
340 1543 510 1597 suspicio
534 1544 811 1597 excludatur),
845 1553 887 1585 ut
911 1553 978 1585 aut
999 1546 1046 1585 ab
1074 1559 1120 1585 eo
1138 1577 1147 1595 ,
1180 1547 1245 1598 qui
1274 1547 1359 1601 ipse
1380 1549 1496 1589 rebus
1524 1550 1650 1591 inter-

161 1613 314 1661 fuisset,
339 1618 422 1660 aut,
449 1611 515 1665 qui
537 1611 584 1651 ab
606 1611 670 1661 iis,
696 1612 835 1664 quibus
859 1613 930 1652 hoc
953 1613 1189 1667 contigerat,
1220 1616 1456 1669 accepisset,
1482 1618 1651 1672 scriptos

161 1693 251 1720 esse
274 1686 422 1719 certum
454 1679 521 1719 sit.
586 1677 832 1732 Quamquam
863 1680 903 1719 in
934 1680 1007 1720 hac
1038 1687 1149 1734 parte
1182 1684 1370 1734 quaedam
1402 1686 1654 1737 reprehendit

162 1745 410 1797 Dodwellus,
436 1747 505 1786 sed
527 1761 571 1787 ea
594 1747 755 1787 leuitate
777 1762 889 1797 usus,
915 1754 957 1787 ut
976 1749 1214 1790 refutatione
1236 1752 1496 1804 supersedere
1519 1754 1651 1794 liceat.

163 1812 248 1855 Cur
269 1815 370 1855 enim
394 1815 429 1854 ei
450 1815 765 1868 respondendum
790 1823 987 1869 putemus,
1014 1817 1075 1856 cui
1096 1818 1134 1857 id
1151 1849 1160 1867 ,
1186 1819 1286 1870 quod
1311 1819 1358 1858 ab
1382 1828 1542 1862 auctore
1564 1822 1655 1862 belli

162 1883 345 1924 Africani
365 1884 539 1923 refertur
556 1897 590 1922 c.
616 1882 686 1932 89,
711 1883 752 1933 2,
779 1881 829 1935 Q.
856 1883 1020 1938 Ligario
1046 1885 1166 1925 uitam
1186 1899 1207 1925 a
1226 1884 1402 1928 Caesare
1426 1903 1656 1930 concessam

164 1964 253 1992 esse
269 1982 278 2000 ,
304 1965 356 1991 ex
379 1948 586 1991 Ciceronis
610 1952 790 1991 oratione
812 1965 882 2004 pro
905 1952 1040 1992 eodem
1063 1951 1229 2006 Ligario
1253 1955 1379 1995 habita
1405 1957 1546 1998 falsum
1570 1973 1657 1999 esse

166 2020 401 2059 constabat?
458 2018 564 2059 Nam
598 2020 699 2072 quod
731 2019 897 2059 eundem
931 2034 966 2059 c.
998 2021 1074 2070 24,
1112 2021 1137 2062 3
1171 2023 1269 2063 falso
1301 2038 1468 2077 negasse
1492 2027 1659 2066 credidit

166 2088 280 2142 paulo
313 2094 403 2142 post
433 2086 545 2127 Non.
570 2085 656 2126 Ian.
682 2102 720 2127 a.
745 2101 784 2126 u.
810 2086 892 2127 708
924 2101 994 2140 per
1016 2088 1107 2128 anni
1129 2096 1283 2144 tempus
1313 2093 1461 2134 classes
1490 2094 1530 2134 in
1558 2095 1658 2135 mari

165 2156 252 2196 sine
274 2155 446 2210 periculo
464 2156 602 2208 uagari
618 2155 812 2209 potuisse,
837 2156 1063 2195 accuratior
1078 2158 1178 2198 ratio
1197 2168 1333 2213 postea
1354 2162 1533 2203 instituta
1549 2172 1658 2203 recte

166 2224 263 2264 haec
284 2224 410 2264 relata
432 2238 519 2264 esse
544 2224 678 2264 docuit
709 2225 781 2275 (cf.
808 2222 950 2264 Ideler.
979 2224 1156 2266 chronol.
1183 2225 1236 2278 H,
1265 2228 1378 2282 116).
1423 2229 1555 2271 Vnam
1577 2245 1660 2271 rem

167 2292 282 2346 paulo
305 2292 454 2333 maiore
476 2293 606 2347 specie
627 2292 893 2346 uituperauit,
927 2293 1026 2346 quod
1058 2293 1094 2333 b.
1130 2293 1221 2335 Afr.
1247 2295 1325 2347 89,
1361 2296 1386 2337 3
1415 2297 1465 2338 L.
1494 2296 1661 2339 Caesari

166 2360 303 2401 iuueni
325 2360 439 2401 facile
461 2374 484 2400 a
506 2359 684 2401 Caesare
705 2360 825 2401 uitam
848 2375 1079 2401 concessam
1103 2376 1191 2404 esse
1214 2365 1461 2416 traderetur,
1487 2381 1599 2419 quem
1621 2367 1662 2407 in

168 2428 308 2469 Africa
337 2429 589 2469 interfectum
624 2443 713 2469 esse
737 2426 947 2469 Ciceronis
982 2436 1019 2470 et
1051 2430 1218 2471 aliorum
1242 2434 1467 2475 testimonio
1490 2442 1660 2475 constat.

169 2494 313 2549 Neque
336 2510 408 2550 ego
432 2497 505 2537 hoe
528 2498 651 2537 die-am
676 2497 772 2537 nihil
794 2497 978 2547 obstare,
1014 2513 1089 2551 quo
1123 2501 1250 2540 minus
1284 2502 1457 2556 scriptor
1488 2503 1662 2544 eiusdem

171 2564 312 2604 aetatis
344 2565 511 2618 partium
545 2566 673 2605 studio
707 2565 806 2604 banc
838 2579 919 2606 rem
952 2567 1141 2607 mentitus
1175 2582 1264 2609 esse
1296 2570 1493 2610 uideatur.
1555 2570 1661 2611 Nam

173 2632 375 2671 mendacio
405 2647 491 2672 eum
522 2647 601 2672 non
634 2633 787 2682 teneri,
822 2640 860 2673 et
882 2631 934 2673 L.
961 2631 1179 2675 Caesarem
1212 2651 1401 2678 concessa
1425 2639 1505 2679 uita
1529 2646 1664 2693 postea

177 2697 324 2738 demum
348 2699 598 2740 interfectum
621 2714 731 2751 esse,
756 2701 872 2753 idque
894 2716 1012 2741 unum
1035 2703 1211 2756 partibus
1235 2705 1387 2746 dedisse
1410 2708 1661 2761 scriptorem,

178 2766 278 2816 quod
298 2775 464 2808 mortem
486 2767 539 2808 L.
565 2766 755 2809 Caesaris
780 2769 925 2819 tacuit,
952 2767 1118 2810 Cassius
1141 2769 1217 2811 Dio
1238 2769 1403 2824 XLIII,
1434 2774 1483 2813 12
1506 2776 1664 2814 demon-

179 2839 303 2872 strat:
329 2841 368 2873 et
390 2832 605 2876 Suetonius
624 2834 744 2877 Caes.
769 2836 822 2877 75
847 2837 1042 2878 neminem
1063 2853 1085 2878 a
1103 2836 1278 2880 Caesare
1300 2841 1553 2881 intersectum
1577 2855 1666 2881 csse

180 2900 319 2941 scribit
340 2901 415 2942 nisi
445 2903 484 2942 in
516 2904 666 2956 proelio
698 2906 877 2958 exceptiS
912 2905 1106 2946 duntaxat
1126 2906 1294 2947 Afranio
1317 2916 1355 2949 et
1376 2908 1527 2949 Fausto
1550 2915 1589 2949 et
1608 2907 1661 2949 L.
