1835 3240
577 166 764 211 COMM.
787 164 867 210 VII
889 163 1015 209 CAP.
1039 163 1240 207 87—90.
1635 160 1719 204 459

158 284 397 341 fugientibus
420 282 571 336 equites
595 289 821 323 occurrunt.
854 278 920 321 Fit
940 293 1081 333 magna
1095 278 1250 319 caedes.
1286 273 1486 325 Sedulius,
1511 276 1591 316 dux
1603 283 1643 317 et
1663 277 1690 317 4

157 354 337 409 princeps
358 350 618 392 Lemouicum
635 381 646 401 ,
683 350 899 399 occiditur3
926 346 1327 390 Vercassiuellaunus
1348 343 1560 384 Aruernus
1584 345 1643 383 ui-

157 435 228 462 uus
250 421 290 461 in
314 421 402 474 fuga
424 418 792 473 comprehenditur,
828 417 942 471 signa
974 415 1159 456 militaria
1190 411 1436 467 septuaginta
1460 418 1645 464 quattuor

157 489 206 530 ad
228 486 442 529 Caesarem
464 488 718 528 referunturz
757 485 871 540 pauci
902 498 955 525 ex
984 491 1094 525 tanto
1117 495 1280 523 numero
1303 493 1345 521 se
1367 478 1582 519 incolumes
1604 479 1643 518 in

111 565 129 597 5
161 563 292 597 castra
314 556 522 610 recipiunt.
567 552 797 607 Conspicati
827 566 880 593 ex
911 552 1050 606 oppido
1084 551 1241 591 caedem
1274 555 1312 589 et
1334 549 1463 601 fugam
1486 559 1646 586 suorum
1668 544 1693 586 5

85 903 126 936 10

88 1244 127 1276 15

85 1582 127 1615 20

90 1922 132 1956 25

158 625 365 679 desperata
387 625 513 665 salute
536 622 668 677 copias
691 635 713 661 a
734 620 1019 660 munitionibus
1042 618 1249 659 reducunt.
1286 615 1350 657 Fit
1370 615 1551 670 protinus
1573 613 1647 654 hac

157 706 203 734 re
225 693 357 733 audita
378 706 432 733 ex
454 691 595 732 castris
618 688 821 730 Gallorum
855 689 961 742 fuga.
1026 684 1141 739 Quod
1172 685 1247 725 nisi
1280 684 1429 725 crebris
1461 682 1645 724 subsidiis
1666 680 1693 722 6

159 775 205 801 ac
227 761 345 801 totius
368 760 444 801 diei
474 759 611 800 labore
643 757 789 798 milites
813 763 948 797 essent
971 755 1131 804 defessi,
1157 767 1293 793 omnes
1318 753 1486 793 hostium
1510 750 1646 804 copiae

161 829 283 869 deleri
306 827 541 883 potuissent.
585 825 647 867 De
678 825 805 865 media
836 831 953 864 nocte
984 823 1126 862 missus
1159 822 1355 874 equitatus
1389 819 1646 860 nouissimum
1668 816 1694 857 7

159 910 298 951 agmen
329 895 606 948 consequitur:
641 906 805 947 magnus
836 904 1025 932 numerus
1056 889 1208 943 capitur
1234 896 1350 942 atque
1382 886 1646 933 interficitur3

156 964 298 1017 reliqui
321 978 372 1004 ex
395 965 485 1016 fuga
507 963 547 1002 in
570 962 752 1002 ciuitates
775 960 994 1001 discedunt.

272 1030 440 1071 Postero
473 1031 534 1070 die
557 1029 870 1083 Vercingetorix
902 1027 1067 1068 concilio
1101 1032 1318 1066 conuocato
1351 1023 1388 1063 id
1420 1022 1563 1063 bellum
1605 1035 1647 1062 se
1664 1019 1723 1065 89

159 1099 383 1152 suscepisse
412 1112 490 1138 non
522 1112 681 1138 suarum
720 1097 1042 1145 necessitatium,
1087 1095 1155 1135 sed
1197 1091 1414 1133 communis
1455 1090 1650 1130 libertatis

161 1181 278 1208 causa
302 1167 561 1216 demonstrat,
587 1173 626 1206 et
647 1166 829 1219 quoniam
851 1165 901 1205 sit
924 1165 1105 1203 fortunae
1120 1161 1351 1210 cedendum,
1376 1160 1423 1200 ad
1446 1165 1652 1211 utramque
1671 1156 1699 1197 2

159 1249 243 1276 rem
265 1249 307 1275 se
329 1235 406 1275 illis
430 1235 587 1284 offerre,
614 1248 685 1274 seu
706 1240 833 1273 morte
856 1247 928 1273 sua
952 1231 1145 1271 Romanis
1169 1230 1403 1271 satisfacere
1427 1241 1496 1268 seu
1519 1226 1651 1266 uiuum

160 1304 317 1344 tradere
340 1303 475 1343 uelint.
519 1300 737 1342 Mittuntur
760 1302 806 1342 de
828 1301 888 1341 his
911 1301 1030 1340 rebus
1054 1300 1100 1339 ad
1124 1296 1344 1339 Caesarem
1367 1296 1502 1350 legati.
1539 1292 1653 1334 Iubet
1675 1292 1700 1334 3

161 1386 269 1412 arma
293 1372 409 1422 tradi,
434 1370 631 1425 principes
654 1369 829 1424 produci.
888 1367 977 1422 lpse
1000 1369 1039 1407 in
1061 1367 1281 1407 munitione
1303 1379 1373 1418 pro
1397 1364 1537 1404 castris
1560 1377 1652 1402 con·
1674 1360 1701 1401 4

160 1440 284 1481 sedit:
321 1453 367 1479 eo
399 1440 518 1479 duces
548 1438 842 1491 producuntur,
878 1435 1189 1490 Vercingetorix
1211 1433 1389 1483 deditur,
1414 1446 1522 1472 arma
1546 1430 1652 1486 proi-

162 1508 330 1548 ciuntur.
374 1506 610 1548 Reseruatis
633 1504 810 1546 Haeduis
832 1512 948 1558 atque
970 1503 1193 1553 Aruernis,
1231 1501 1265 1542 si
1288 1515 1356 1555 per
1377 1515 1445 1541 eos
1469 1500 1651 1540 ciuitates
1674 1496 1700 1539 5

159 1575 387 1629 reciperare
408 1581 559 1628 posset,
585 1587 637 1614 ex
658 1573 820 1627 reliquis
836 1572 999 1627 captiuis
1024 1579 1105 1611 toto
1128 1570 1322 1610 exercitui
1346 1569 1474 1622 capita
1495 1567 1652 1622 singula

161 1644 330 1698 praedae
352 1643 510 1683 nomine
543 1641 757 1682 distribuit.
801 1640 875 1681 His
908 1641 1024 1681 rebus
1048 1640 1239 1680 confectis
1262 1639 1300 1678 in
1324 1636 1510 1676 Haeduos
1533 1635 1650 1689 profi·
1667 1634 1729 1679 90

161 1710 349 1762 ciscitur3
376 1710 575 1751 ciuitatem
596 1709 751 1763 recipit.
808 1707 871 1749 Eo
895 1709 1013 1762 legati
1037 1708 1082 1748 ab
1106 1707 1304 1747 Aruernis
1328 1705 1438 1745 missi
1461 1718 1560 1757 quae
1582 1703 1653 1743 im-
1674 1701 1703 1743 2

162 1785 321 1833 peraret
341 1791 384 1819 se
406 1779 582 1819 facturos
605 1777 857 1832 pollicentur.
919 1775 1093 1830 Imperat
1114 1789 1300 1828 magnum
1323 1786 1525 1814 numerum
1550 1770 1656 1811 obsi-

163 1848 266 1887 dum.
310 1844 513 1900 Legiones
535 1846 577 1887 in
599 1845 763 1886 hiberna
784 1844 918 1885 mittit.
954 1841 1213 1898 Captiuorum
1236 1842 1397 1883 circiter
1420 1839 1558 1895 uiginti
1581 1839 1652 1879 mi·
1673 1836 1699 1878 3

164 1915 217 1955 lia
238 1913 416 1955 Haeduis
438 1913 712 1967 Aruernisque
733 1914 877 1954 reddit.
916 1912 1052 1953 Titum
1076 1911 1295 1952 Labienum
1319 1909 1467 1950 duabus
1491 1922 1578 1948 cum
1601 1907 1656 1948 le-
1676 1904 1705 1946 4

165 1982 346 2037 gionibus
379 1989 419 2023 et
450 1982 629 2036 equitatu
659 1982 700 2022 in
724 1979 932 2035 Sequanos
966 1980 1159 2035 proficisci
1190 1979 1320 2020 iubet:
1358 1977 1448 2017 huic
1469 1975 1655 2016 Marcum

165 2049 441 2106 Sempronium
452 2049 634 2091 Rutilum
655 2050 858 2091 adtribuit.
896 2048 1038 2090 Gaium
1052 2047 1215 2089 Fabium
1235 2048 1406 2100 legatum
1429 2051 1469 2085 et
1484 2043 1654 2085 Lucium
1676 2039 1702 2082 5

308 2154 323 2187 1
347 2154 623 2197 fugientibusque
644 2155 674 2187 b.
879 2153 1030 2186 Sedillus
1051 2153 1090 2192 b,·
1110 2152 1295 2183 Asedullus
1314 2151 1344 2183 B
1363 2153 1398 2182 et
1413 2151 1478 2189 sic,
1501 2150 1656 2188 itemque

166 2205 364 2246 ‘Asedulus,
383 2205 592 2238 Ascedullus
612 2216 696 2237 mss.
718 2203 853 2247 quidet?
1015 2204 1036 2235 2
1055 2203 1190 2246 princes
1209 2203 1251 2235 B.
1436 2198 1657 2232 Lemouicum

165 2269 186 2291 α
201 2259 218 2291 b
231 2258 300 2299 cd,
321 2257 540 2290 Lemouicum
559 2269 599 2299 e,·
619 2258 796 2290 Remotum
817 2256 898 2299 (sic)
917 2256 968 2297 B,
991 2255 1172 2287 Remorum
1192 2259 1259 2286 tum
1282 2254 1322 2294 C,
1351 2252 1550 2285 Remustum
1567 2250 1656 2282 AD.

306 2308 658 2342 Vercassiuellannus
675 2310 706 2342 B
725 2313 760 2341 et
775 2311 829 2341 sic
857 2308 937 2340 ‘uel
952 2305 1277 2340 Vercassiuellanus
1295 2316 1378 2337 mss.
1401 2299 1553 2343 omnes',
1575 2301 1658 2333 Cas-

166 2360 352 2393 siuellanus
372 2361 411 2401 ὑ,-
431 2359 717 2403 Vergasillaunus
737 2371 773 2392 u.
958 2359 1191 2391 Aruernorum
1212 2359 1242 2390 b.
1426 2355 1444 2388 3
1465 2365 1565 2386 LXXIV
1583 2353 1657 2395 (B).

310 2412 328 2444 6
347 2422 387 2444 ac
406 2422 442 2444 re
461 2413 503 2445 B.
718 2413 757 2445 '10
775 2411 970 2453 insequitur
990 2410 1021 2441 b.
1193 2410 1233 2442 12
1252 2408 1396 2440 consilio
1416 2408 1473 2440 Be
1493 2408 1591 2438 ‘ms-5.
1613 2403 1656 2438 5'.

310 2463 435 2495 bellum
455 2474 491 2495 se
510 2463 541 2495 B
562 2463 852 2502 Gnaltlzerz'anns‚
874 2472 910 2494 se
930 2461 1056 2493 bellum
1075 2471 1110 2492 u.
1256 2459 1296 2492 13
1314 2469 1379 2490 non
1393 2469 1462 2490 om.
1476 2468 1523 2489 m.
1539 2467 1599 2500 pr.
1612 2456 1657 2488 B.

311 2515 571 2547 necessitatium
589 2515 620 2547 B
633 2515 671 2555 C,
695 2514 940 2546 necessitatum
960 2523 993 2544 u.
1173 2510 1210 2543 17
1232 2511 1263 2542 in
1286 2510 1348 2551 (an
1365 2513 1400 2541 et
1417 2510 1482 2541 lzoc
1500 2512 1537 2540 et
1551 2508 1659 2540 muni-

170 2566 260 2596 tione
272 2566 301 2607 2²)
319 2577 385 2598 om.
410 2568 440 2599 b.
615 2568 658 2601 20
679 2567 892 2610 (reciperare
912 2575 991 2597 cum
1009 2576 1031 2596 u
1047 2573 1155 2605 super
1172 2564 1182 2594 i
1200 2574 1268 2594 see.
1289 2574 1336 2594 m.
1353 2564 1476 2604 posita
1497 2562 1539 2602 B)
1559 2571 1658 2592 recu-

170 2618 282 2660 perari
302 2619 332 2650 b.
496 2625 637 2662 possent
653 2621 685 2651 D
701 2620 732 2651 b.
897 2619 1067 2651 exercitui
1089 2618 1145 2649 Be
1167 2617 1345 2659 ‘relz'quz'’,
1367 2617 1521 2648 exercitu
1541 2625 1618 2646 cum
1637 2615 1658 2646 2

170 2669 257 2700 detl-
278 2678 312 2700 u·
452 2670 496 2704 22
514 2670 570 2713 ab]
589 2681 632 2703 ex
652 2672 683 2703 b.
825 2671 868 2702 24
888 2670 1055 2711 legionem
1076 2669 1106 2701 b.
1246 2679 1292 2700 xx
1310 2668 1418 2699 millia
1437 2668 1510 2709 (B).

170 2722 212 2752 ‘25
233 2720 383 2752 reddidit
402 2721 419 2752 b
433 2731 491 2754 ce.
647 2721 763 2754 Titum
783 2722 825 2762 B,
846 2731 915 2753 om.
936 2732 973 2761 e3
993 2719 1034 2752 T.
1056 2731 1091 2752 ιι.
1256 2720 1298 2755 26
1318 2718 1468 2752 Marcum
1488 2718 1528 2757 B,
1551 2715 1596 2748 M.
1618 2726 1653 2747 u.

311 2772 355 2804 27
373 2771 537 2804 Rutilium
556 2774 585 2805 B
605 2775 710 2806 ‘mss.
731 2784 801 2806 uno
819 2773 1008 2815 alteroque
1027 2772 1208 2814 excepto'.
1427 2768 1593 2801 adtribuit
1613 2767 1653 2799 B.

313 2823 432 2857 Gaium
451 2825 493 2865 B,
514 2824 552 2857 C.
574 2836 607 2857 u.
780 2825 931 2866 legatum
949 2825 980 2857 B
1000 2823 1177 2866 ‘relz'qu1'',
1200 2834 1267 2856 om.
1293 2822 1398 2854 bede
1418 2818 1654 2854 Flodoardus.

169 2880 205 2910 Ρ.
232 2879 304 2911 111.
446 2876 585 2909 Lucium
605 2877 646 2917 B,
668 2877 707 2909 L.
728 2889 762 2910 u.
