1835 3240
705 197 1102 239 —.35-‚—

156 316 195 356 b.
219 313 325 355 Gall.
350 310 470 361 VIII,
498 312 621 365 praef.
648 313 684 363 ξ.
710 309 737 350 2
759 319 797 351 et
818 311 844 350 4
885 324 920 350 c.
946 309 995 360 4,
1020 309 1061 349 3.
1086 307 1232 360 30,1.
1257 309 1333 359 38,
1359 311 1399 352 3.
1424 313 1581 362 48,10
1602 324 1642 358 et

158 381 206 422 11
223 412 234 431 ,
268 379 449 421 Suetonii
473 377 594 420 Caes.
628 377 697 419 56.
751 377 941 418 Similiter
974 375 1119 417 Strabo
1141 376 1202 419 IV
1222 392 1260 431 p.
1285 378 1368 419 *267
1391 380 1495 420 Aim.
1521 382 1640 425 ὕπο-

152 443 373 504 μνῆματα
405 447 590 501 appellat.
632 445 783 486 Verum
813 444 1051 485 Plutarchus
1075 442 1195 486 Caes.
1226 446 1283 486 22
1310 448 1579 503 ἐφημερίδας
1603 458 1642 490 et

152 515 359 569 Appianas
382 513 435 567 (I,
461 530 497 568 p.
523 512 579 555 90
602 511 863 568 Schweigh.)
888 527 1022 566 parum
1045 520 1134 567 apte
1157 513 1230 553 hoc
1252 528 1394 555 nomen
1418 515 1640 556 distrahens

151 583 267 630 ἰδίας
287 578 556 638 α’ναγραφοὲς
575 582 662 624 τῶν
683 581 917 636 ἐφημέρων
937 585 1081 636 ἔργων
1104 582 1306 621 dixerunt.
1347 580 1391 621 Id
1411 580 1546 622 Latini
1569 597 1641 623 ex-

152 657 301 691 tremae
330 650 573 703 antiquitatis
604 649 748 689 imitati
769 656 876 688 sunt.
918 647 1024 688 Nam
1049 646 1308 703 Symmachus
1332 664 1392 703 ep.
1419 648 1493 700 IV,
1522 651 1572 690 18
1594 651 1641 690 ad

149 716 378 759 Protadium
392 718 449 758 sic
461 717 622 757 scribit:
650 721 661 740 ⁴
672 715 835 757 Priscas
849 715 1050 756 Gallorum
1062 717 1273 757 memorias
1286 717 1429 757 deferri
1449 718 1488 757 in
1503 732 1639 758 manus

151 793 238 826 tuas
260 786 451 840 postulas.
503 784 686 825 Reuolue
716 783 904 825 Patauini
933 784 1138 838 scriptoris
1162 791 1368 834 extrema,
1402 784 1539 838 quibus
1574 798 1639 825 res

149 852 240 894 Gaii
263 851 449 894 Caesaris
473 853 737 907 explicantur,
769 858 838 892 aut
853 882 863 901 ,
886 851 921 891 si
943 851 1070 904 impar
1092 858 1152 891 est
1175 852 1370 892 desiderio
1393 859 1459 892 tuo
1477 850 1636 902 Liuius,

148 935 260 961 sume
283 921 570 974 ephemeridem
592 919 641 960 C.
664 918 850 961 Caesaris
875 919 1097 972 decerptam
1119 918 1423 960 bibliotheculae
1445 933 1571 970 meae,
1596 927 1640 960 ut

147 989 217 1029 tibi
247 989 401 1028 muneri
433 988 669 1028 mitteretur.
724 987 835 1028 Haec
867 994 905 1026 te
927 987 1126 1041 origineS,
1152 987 1267 1036 situs,
1294 1001 1444 1042 pugnas
1467 995 1506 1028 et
1528 988 1639 1040 quid-

147 1056 237 1109 quid
260 1056 334 1096 fuit
354 1056 394 1095 in
416 1055 589 1096 moribus
612 1062 681 1095 aut
702 1055 853 1109 legibus
883 1052 1102 1094 Galliarum
1134 1055 1318 1095 docebit'.
1361 1054 1469 1095 Idem
1493 1069 1637 1096 nomen

145 1123 281 1177 optimi
305 1131 343 1163 et
364 1123 629 1177 antiquissimi
651 1123 806 1163 codices
830 1119 1044 1171 Caesaris,
1080 1122 1220 1177 quibus
1253 1122 1327 1162 soli
1359 1129 1448 1163 octo
1479 1123 1568 1163 libri
1591 1123 1639 1163 de

146 1191 247 1233 bello
271 1190 422 1232 Gallico
444 1192 717 1240 continentur,
753 1190 793 1230 in
817 1189 925 1229 calce
947 1189 1206 1244 subscriptum
1232 1189 1378 1230 habent
1400 1191 1472 1230 hoc
1493 1191 1633 1230 modo:

148 1257 216 1300 ‘C.
242 1259 446 1310 Caesaris,
472 1266 580 1314 pont.
606 1273 734 1308 max„
759 1257 978 1312 ephemeris
1000 1272 1133 1298 rerum
1153 1265 1356 1312 gestarum
1379 1258 1470 1298 belli
1493 1256 1637 1298 Gallici

145 1327 244 1368 liber
265 1326 365 1369 VIII
387 1327 580 1382 explicit'.
625 1326 734 1367 Haec
756 1327 858 1366 enim
882 1326 1068 1379 leguntur
1087 1326 1127 1366 in
1148 1324 1334 1366 Parisino
1357 1326 1495 1380 primo,
1522 1339 1637 1379 quem

147 1395 313 1436 eundem
335 1408 423 1435 esse
445 1403 562 1448 atque
582 1394 880 1435 Floriacensem
911 1407 933 1433 a
964 1392 1012 1432 P.
1037 1392 1206 1434 Daniele
1240 1393 1367 1433 uisum
1391 1394 1637 1434 demonstra—

144 1461 219 1512 b0,
246 1461 443 1502 Vossiano
466 1463 617 1516 primo,
655 1461 933 1516 Egmondano,
963 1460 1269 1501 Vratislauiensi
1292 1461 1441 1515 primo:
1476 1476 1566 1501 nam
1596 1461 1636 1501 in

145 1528 421 1583 Bongarsiano
444 1531 568 1583 primo
592 1535 772 1569 extrema
795 1543 884 1582 pars
907 1528 1038 1568 octaui
1066 1528 1157 1568 libri
1188 1529 1318 1582 periit.
1363 1527 1482 1569 Initio
1503 1536 1634 1570 autem

145 1597 267 1636 totius
290 1597 468 1649 corporis
491 1604 529 1636 et
549 1597 590 1636 in
612 1597 660 1636 iis
682 1596 897 1645 codicibus,
923 1609 1019 1649 quos
1042 1595 1259 1643 nominaui,
1285 1603 1444 1650 praeter
1465 1595 1634 1637 Vossia-

142 1678 234 1704 num
257 1664 444 1717 primum,
471 1664 583 1704 cuius
606 1663 773 1717 primum
795 1663 927 1702 folium
951 1662 1089 1716 periit,
1115 1669 1155 1703 et
1175 1663 1216 1703 in
1236 1662 1420 1703 Parisino
1442 1664 1632 1711 secundo,

143 1729 416 1786 Scabgerano,
442 1729 631 1771 Leidensi
654 1730 794 1784 primo,
820 1730 857 1770 in
880 1730 1019 1786 quibus
1042 1745 1179 1771 omnes
1203 1732 1475 1772 commentarii
1497 1731 1635 1785 legun-

143 1805 228 1845 tur,
261 1798 351 1838 libri
374 1796 466 1838 Gaii
489 1797 678 1839 Caesaris
712 1799 800 1839 belli
825 1797 969 1839 Gallici
1000 1799 1047 1839 de
1070 1799 1300 1840 narratione
1323 1806 1543 1853 temporum
1567 1814 1635 1853 ap-

142 1867 357 1920 pellantur.
421 1864 805 1907 Commentariorum
847 1880 990 1907 nomeu
1022 1881 1074 1907 ex
1108 1867 1221 1907 bonis
1253 1867 1451 1907 codicibus
1482 1867 1522 1907 in
1554 1881 1633 1906 uno

139 1933 326 1975 Parisino
348 1933 472 1987 primo
488 1964 498 1982 ‚
536 1934 637 1987 quod
668 1934 791 1974 sciam
807 1965 817 1984 ‚
851 1942 1053 1975 seruatum
1076 1941 1137 1975 est
1158 1942 1339 1975 extremo
1363 1935 1462 1975 libro
1489 1933 1565 1976 vlt
1587 1935 1634 1975 de

141 2001 244 2042 hello
260 2000 428 2050 Gallico,
454 2002 516 2042 cui
540 2002 634 2042 haec
657 2002 876 2056 subscripta
898 2004 1105 2056 leguntur:
1135 2003 1458 2043 ‘commentarius
1482 1999 1634 2042 Caesa-

142 2068 198 2109 ris
219 2068 318 2109 liber
337 2069 526 2123 septimus
549 2069 740 2122 explicit'3
765 2070 904 2109 deinde
927 2071 967 2108 in
990 2071 1252 2109 deterioribus
1276 2069 1501 2122 quibusdam
1526 2077 1633 2123 post-

141 2136 291 2177 liminio
314 2137 537 2177 restitutum
562 2143 637 2176 est.
670 2135 974 2190 Ephemeridem
996 2144 1126 2177 autem
1148 2137 1393 2190 antiquiores
1416 2137 1633 2191 scriptores

142 2204 440 2258 appellauerunt
461 2203 632 2244 libellum
648 2235 658 2254 ,
690 2205 730 2244 in
754 2219 865 2258 quem
890 2206 1064 2258 apposita
1089 2205 1149 2246 die
1172 2206 1365 2245 rationem
1388 2205 1446 2244 rei
1470 2204 1633 2245 familia-

141 2272 197 2313 ris
219 2279 274 2322 et,
299 2272 332 2312 si
355 2271 444 2325 quid
465 2271 570 2311 aliud
588 2273 802 2312 notandum
822 2271 998 2312 breuiter
1014 2273 1235 2321 uidebatur,
1260 2272 1513 2322 referebant3
1537 2272 1631 2312 item

143 2340 409 2380 calendarium
424 2370 434 2389 ,
469 2354 545 2393 quo
575 2354 626 2379 ex
656 2353 802 2393 genere
824 2339 981 2380 uidetur
1003 2340 1126 2380 fuisse
1149 2340 1371 2394 ephemeris
1394 2353 1418 2380 a
1438 2338 1631 2380 Terentio

142 2407 327 2450 Varrone
350 2407 428 2449 Cn.
451 2406 640 2460 Pompeio
663 2407 835 2460 scripta,
868 2407 909 2446 in
938 2421 1013 2460 qua
1035 2407 1238 2448 inclinatio
1262 2406 1414 2449 Oceani
1441 2413 1480 2447 et
1501 2414 1630 2448 motus

141 2476 238 2516 aerii
261 2482 377 2516 eraut
396 2474 590 2514 annotati.
643 2473 733 2514 Vid.
756 2472 927 2514 Forcell.
964 2474 1047 2515 lex.
1081 2482 1121 2516 et
1142 2473 1329 2516 Schneid.
1364 2475 1412 2514 ad
1434 2473 1557 2516 Varr.
1589 2488 1628 2528 p.

141 2541 237 2583 226.
292 2540 338 2581 ln
360 2542 420 2582 his
450 2541 572 2595 igitur
594 2542 752 2595 propria
772 2542 954 2582 uocabuli
975 2542 1037 2583 uis
1058 2550 1214 2583 retenta
1237 2549 1312 2583 est.
1363 2541 1630 2583 Historiarum

143 2622 238 2649 uero
259 2609 379 2649 libros
401 2609 456 2649 ita
476 2616 634 2663 praeter
655 2608 932 2664 Symmachum
956 2617 995 2650 et
1014 2610 1286 2664 Apollinarem
1310 2608 1538 2659 Sidonium,
1564 2609 1628 2662 qui

143 2688 204 2728 ep.
227 2673 310 2725 IX,
343 2676 395 2716 14
416 2675 531 2717 Balbi
554 2678 843 2731 ephemeridem
865 2685 1162 2729 commemorat,
1187 2676 1401 2732 Septimius
1423 2678 1488 2718 ille
1511 2677 1625 2725 dixit,

144 2742 256 2782 homo
278 2743 452 2785 incertae
469 2746 626 2795 aetatis,
651 2746 719 2786 sed
741 2752 850 2786 certe
868 2743 1106 2800 Symmacho
1124 2760 1204 2787 non
1221 2747 1385 2786 multum
1408 2745 1625 2799 antiquior,

144 2809 208 2862 qui
230 2810 514 2863 ephemeridem
536 2813 628 2854 belli
648 2812 813 2854 Troiani
837 2827 891 2854 ex
912 2812 1069 2854 Graeco
1100 2821 1257 2855 retenta
1280 2812 1437 2853 Graeca
1459 2811 1627 2865 appella-

142 2877 250 2917 tione
280 2879 413 2919 uertit.
475 2879 608 2934 Atque
643 2889 685 2921 ut
715 2882 1090 2923 commentariorum
1118 2895 1262 2923 nomen
1292 2881 1370 2921 iam
1401 2877 1627 2934 Symmachi

1301 2946 1351 2986 3.
