1835 3240
670 177 1035 214 ——zm—

144 299 293 339 rantur,
327 295 415 343 post
435 291 557 327 uerba
591 292 698 327 ‘ante
721 286 900 341 oppidum
924 284 1115 326 constitit'
1139 298 1389 326 exoluerunt.
1442 302 1457 326 v
1474 300 1633 326 1303131·

142 367 269 400 autem
293 371 354 405 ea,
380 369 479 409 quae
502 355 548 395 de
571 352 757 407 Scipione
782 355 908 394 relata
932 360 1060 398 erant,
1084 354 1170 407 ipsa
1192 365 1342 405 quoque
1364 352 1404 391 in
1427 365 1473 392 ea
1494 352 1630 402 uerba,

142 440 239 480 quae
262 425 375 464 modo
399 424 524 477 posui,
551 423 700 462 desisse
723 435 848 474 eaque
870 435 986 460 causa
1011 421 1214 461 omittendi
1239 420 1374 460 fuisse.

256 490 304 531 C.
322 491 393 539 42,
419 490 442 530 3
460 498 641 543 corrupta
664 496 752 529 sunt
778 489 896 528 haec:
926 489 1175 542 ‘praesertim
1199 503 1285 528 cum
1309 487 1455 527 milites
1478 500 1499 526 a
1521 500 1635 526 mane

143 561 219 601 diei
241 560 361 600 ieiuni
385 560 455 599 sub
479 558 597 599 armis
619 557 826 597 stetissent
848 556 1077 609 defatigati'.
1134 555 1275 610 Neque
1307 555 1410 595 enim
1435 553 1637 606 defatigati

145 628 306 668 stetisse
339 627 412 667 dici
444 631 648 679 poterant,
683 623 745 677 qui
778 631 858 663 tum
891 624 1043 663 demum
1076 625 1215 664 stando
1249 630 1386 664 essent
1417 621 1632 674 defatigati.

147 694 406 748 ‘Defatigati'
430 693 597 733 eiciendi
619 699 733 741 sunt,
768 706 863 744 quos
894 692 1084 744 magister
1104 691 1246 731 ieiunis
1270 690 1510 731 substituere
1526 720 1536 739 ,
1570 694 1638 729 aut

143 764 303 803 omnino
327 762 561 815 defatigatos
586 760 707 799 fuisse
730 760 874 799 milites
896 759 1122 812 significare
1144 758 1318 799 uolebat.

258 829 375 871 Initio
399 843 433 869 0.
458 829 511 869 43
533 829 573 868 in
595 826 688 868 Par.
714 841 796 868 sec.
825 828 920 867 haec
942 828 1150 881 leguntur:
1191 832 1201 851 ‘
1217 824 1380 867 Interim
1404 823 1636 872 Considius,

143 900 209 952 qui
231 898 398 938 Acillam
422 904 460 937 et
481 894 600 937 VIIII
633 895 817 935 cohortes
850 895 1129 949 stipendiarias
1159 893 1343 935 Numidis
1375 894 1636 946 Gaetulisque

142 965 358 1008 obsidebat'
381 972 494 1014 cett.,
519 971 635 1016 atque
656 964 709 1004 ita
733 971 825 1003 ante
847 962 1052 1003 Dauisium
1076 962 1278 1011 edebatur,
1304 962 1381 1002 nisi
1405 962 1506 1015 quod
1531 966 1638 1001 ‘octo

144 1034 347 1075 cohortes'
389 1033 652 1087 ponebantur.
702 1029 741 1071 Is
773 1030 862 1071 Pet.
899 1037 938 1071 ct
978 1029 1111 1070 Noru.
1145 1037 1302 1070 secutus
1343 1030 1504 1083 scripsit
1545 1034 1556 1053 ⁶
1572 1028 1639 1082 qui

143 1103 311 1143 Acillam
335 1099 434 1143 VIII
458 1100 682 1140 cohortibus
705 1098 972 1153 stipendiariis
995 1123 1050 1128 —-
1072 1097 1302 1138 obsidebat'.
1362 1096 1515 1149 Quibus
1538 1097 1639 1150 quod

145 1169 328 1212 Oudend.
352 1168 470 1210 Leid.
496 1183 555 1222 pr.
581 1174 620 1208 et
642 1165 749 1207 Scal.
776 1166 967 1206 accedere
988 1166 1143 1215 scribit,
1168 1166 1208 1206 in
1232 1166 1370 1219 quibus
1396 1171 1457 1205 ‘et
1476 1162 1559 1204 IX⁷
1583 1165 1641 1204 le-

146 1246 277 1293 gatur,
302 1252 381 1278 non
415 1243 424 1261 ⁶
440 1236 666 1277 cohortibus
689 1233 978 1289 stipendiariis'
1002 1234 1042 1273 in
1064 1234 1113 1273 iis
1137 1234 1250 1273 codd.
1275 1233 1478 1273 inuenisse
1501 1231 1641 1273 existi-

147 1307 311 1347 mandus
336 1312 409 1354 est,
435 1305 503 1345 sed
524 1304 588 1344 illa
615 1309 669 1344 ‘et
691 1302 764 1343 IX'
798 1304 940 1355 scripta
966 1301 1127 1355 putabat
1148 1316 1218 1355 pro
1240 1309 1332 1342 nota
1356 1300 1550 1341 octonarii
1571 1314 1641 1339 nu-

148 1374 244 1414 meri
279 1371 406 1422 ‘IIX',
442 1387 516 1424 qua
539 1372 623 1424 ipse
647 1371 700 1410 uti
732 1370 848 1410 solet.
894 1367 943 1409 C.
970 1368 1037 1416 33,
1063 1369 1088 1409 3
1111 1370 1277 1409 relatum
1302 1378 1362 1410 est
1385 1367 1636 1415 Considium,

149 1457 235 1481 cum
260 1448 348 1480 octo
370 1440 552 1479 cohortes
566 1438 779 1478 obsidendo
794 1437 931 1490 oppido
945 1450 1059 1490 pares
1081 1451 1158 1476 non
1183 1437 1400 1487 iudicaret,
1434 1443 1638 1491 praeterea

149 1516 355 1562 equestres
378 1508 508 1560 copias
531 1521 552 1547 a
573 1506 755 1546 Labieno
778 1505 1006 1545 adduxisse.
1050 1502 1188 1557 Itaque
1221 1505 1332 1544 codd.
1358 1505 1551 1559 scriptura
1581 1504 1639 1545 sic

148 1584 235 1617 erat
256 1576 564 1615 conformanda:
602 1579 612 1597 ί
628 1573 692 1628 qui
714 1572 881 1612 Acillam
909 1602 918 1610 .
938 1601 946 1610 .
963 1601 972 1610 .
998 1579 1036 1611 et
1056 1570 1157 1611 VIII
1180 1572 1407 1612 cohortibus
1430 1572 1643 1625 stipendia-

147 1645 217 1684 riis
246 1642 429 1683 Numidis
460 1640 715 1693 Gaetulisque
744 1638 988 1679 obsidebat'.
1042 1637 1170 1679 Periit
1201 1640 1303 1679 enim
1337 1642 1507 1693 equitum
1538 1654 1643 1680 com-

149 1711 394 1752 memoratio.

263 1777 313 1819 C.
338 1778 407 1829 45,
432 1779 456 1819 3
479 1779 658 1820 centurio
680 1778 848 1833 legionis
867 1775 1136 1819 Caesarianae
1159 1785 1322 1831 quartae
1340 1779 1530 1827 decimae,
1555 1791 1644 1817 cum

148 1856 286 1902 captus
310 1854 415 1888 esset
435 1862 455 1888 a
480 1846 690 1902 Scipione,
724 1848 829 1887 inter
859 1847 934 1887 alia
956 1846 1051 1887 haec
1074 1846 1191 1896 dicit,
1225 1854 1268 1887 ut
1289 1847 1442 1901 quidem
1466 1846 1506 1886 in
1529 1845 1642 1885 codd.

149 1917 355 1971 leguntur:
393 1914 560 1969 ‘Egone
593 1923 730 1956 contra
765 1912 1006 1964 Caesarem,
1042 1914 1317 1968 imperatorem
1356 1928 1510 1963 meum,
1543 1913 1645 1966 apud

151 1999 265 2038 quem
289 1984 464 2025 ordinem
497 1985 615 2033 duxi,
651 1985 812 2036 eiusque
843 1983 1088 2032 exercitum,
1121 1997 1190 2035 pro
1222 1983 1332 2023 cuius
1364 1982 1556 2036 dignitate
1587 1981 1647 2021 ui-

151 2053 352 2106 ctoriaque
374 2052 539 2106 amplius
560 2049 752 2092 XXXVI
775 2051 888 2091 annis
910 2050 1146 2105 depugnaui,
1171 2051 1365 2091 aduersus
1391 2057 1646 2102 armatusque

151 2120 404 2161 consistan1?⁷
456 2118 644 2172 Quartam
681 2120 872 2159 decimam
903 2119 1098 2173 legionem
1130 2134 1168 2173 p.
1202 2118 1282 2158 119
1314 2118 1424 2159 docui
1459 2132 1562 2158 anno
1593 2114 1646 2156 53

152 2189 413 2242 conscriptam
448 2202 552 2229 esse.
617 2186 696 2228 Sed
729 2188 1000 2228 centurionem
1034 2187 1118 2227 0135
1148 2187 1317 2239 legionis
1350 2186 1425 2226 iam
1459 2192 1577 2226 antea
1607 2184 1648 2224 in

153 2257 332 2298 exercitu
355 2254 544 2297 Caesaris
567 2256 756 2295 militasse
779 2255 995 2296 uerisimile
1027 2262 1101 2295 est.
1148 2252 1297 2295 Verum
1321 2268 1405 2294 cum
1429 2267 1555 2293 annos
1576 2266 1649 2292 nu-

153 2332 302 2374 meret,
338 2324 477 2377 quibus
512 2338 582 2377 pro
616 2324 807 2377 dignitate
840 2321 1073 2363 Caesariani
1108 2323 1308 2363 exercitus
1341 2320 1646 2375 depugnauerit‚

155 2407 232 2432 non
253 2406 372 2446 posse
403 2406 491 2432 eum
514 2391 616 2431 ultra
638 2405 781 2431 annum
814 2390 868 2431 58
890 2391 1098 2445 progredi,
1134 2405 1208 2444 quo
1231 2388 1387 2431 Caesar
1416 2390 1456 2430 in
1479 2387 1648 2429 Galliam

156 2461 280 2509 uenit,
305 2467 479 2514 apertum
503 2466 578 2509 est⁷
604 2467 643 2499 et
664 2460 921 2499 uehementer
942 2466 1048 2498 errat
1073 2457 1339 2513 Glandorpius
1356 2489 1367 2507 ‚
1391 2457 1454 2510 qui
1479 2471 1605 2497 annos
1627 2471 1649 2496 a

158 2535 339 2580 praetura
373 2525 563 2568 Caesaris
595 2527 858 2567 numerandos
899 2526 1160 2567 existimauit.
1213 2527 1269 2567 At
1300 2527 1363 2566 uel
1400 2540 1452 2565 ex
1482 2540 1529 2565 eo
1560 2525 1650 2564 inde

160 2600 330 2648 tempore
349 2595 420 2635 uix
443 2596 640 2635 dimidium
673 2595 839 2649 spatium
873 2594 1080 2634 conficitur
1112 2595 1222 2644 eius,
1256 2595 1356 2647 quod
1390 2593 1453 2633 hic
1482 2593 1650 2646 positum

159 2668 234 2700 est.
277 2660 410 2715 Itaque
432 2669 631 2702 auctorem
654 2663 707 2702 ita
741 2662 948 2715 scripsisse
972 2662 1158 2702 arbitror:
1196 2667 1282 2715 ‘pro
1316 2662 1427 2702 cuius
1458 2661 1650 2714 dignitate

162 2728 400 2781 uictoriaque
422 2731 584 2783 amplius
607 2731 744 2770 tricies
768 2731 888 2771 armis
913 2730 1162 2785 depugnaui'.
1219 2728 1278 2769 Ita
1302 2730 1338 2769 b.
1363 2730 1486 2769 Alex.
1512 2727 1566 2767 74
1582 2758 1591 2775 ‚
1627 2724 1651 2765 3

161 2795 278 2847 legati
314 2794 529 2838 Pharnacis
560 2798 717 2851 gloriati
750 2813 839 2839 esse
868 2799 1053 2838 dicuntur
1082 2798 1302 2837 exercitum
1343 2798 1426 2837 eius
1458 2795 1581 2835 uicies
1614 2800 1653 2832 et

162 2863 220 2903 bis
243 2863 281 2902 in
303 2863 387 2904 acie
410 2865 652 2906 conflixisse.
698 2865 776 2907 Hic
799 2880 894 2907 uero
909 2897 919 2916 ,
954 2866 1043 2918 quia
1069 2865 1261 2918 ‘amplius'
1284 2864 1452 2904 adicitur
1468 2892 1477 2910 ‚
1516 2862 1652 2915 plenus
