1835 3240
81 160 165 203 490
604 161 678 205 DE
710 162 900 205 BELLO
933 161 1186 206 GALLICO

157 273 400 329 iniungendo
421 275 614 316 defessam
647 283 705 316 tot
739 275 919 316 aduersis
948 276 1109 329 proeliis
1130 274 1299 318 Galliam
1321 278 1552 320 condicione
1572 293 1638 334 pa-

82 341 143 386 50
160 342 274 383 rendi
293 343 458 384 meliore
479 344 596 383 facile
616 342 658 383 in
678 356 774 396 pace
795 342 1004 383 continuit.
1044 342 1135 398 Ipse
1156 345 1331 386 hibernis
1354 347 1523 401 peractis
1545 361 1638 387 con-

158 417 221 451 tra
251 411 576 451 consuetudinem
605 410 646 450 in
667 408 821 450 ltaliam
853 424 968 464 quam
989 411 1171 452 maximis
1192 412 1402 455 itineribus
1427 422 1490 455 est
1509 415 1637 469 profe—

157 484 259 528 ctus,
284 485 327 519 ut
347 478 556 531 municipia
579 484 619 517 et
640 476 814 518 colonias
833 478 1066 532 appellaret,
1089 479 1227 532 quibus
1240 478 1497 532 M.Antonii‚
1520 495 1636 535 quae·

107 544 136 586 2
156 546 275 586 storis
304 546 388 595 sui,
431 545 774 585 commendauerat
806 546 1018 586 sacerdotii
1057 547 1300 600 petitionem.
1363 546 1636 590 Contendebat
1667 557 1684 588 5

159 613 260 653 enim
293 612 423 666 gratia
455 626 541 652 cum
571 612 742 654 libenter
770 627 842 667 pro
872 613 1027 655 homine
1048 615 1123 654 sibi
1145 615 1492 667 coniunctissimo,
1525 629 1637 670 quem

156 681 271 735 paulo
294 687 386 720 ante
407 680 725 734 praemiseratad
748 681 993 734 petitionem,
1017 689 1100 723 tum
1113 683 1259 723 acriter
1271 690 1407 723 contra
1429 683 1636 725 factionem

155 755 194 788 et
216 748 430 801 potentiam
451 762 664 802 paucorum
678 780 688 799 ,
712 749 777 802 qui
798 747 861 789 Μ.
884 750 1036 790 Antoni
1056 751 1216 804 repulsa
1237 748 1426 792 Caesaris
1448 752 1638 793 deceden-

110 813 134 854 3
157 815 207 855 tis
228 816 396 869 gratiam
410 816 636 857 conuellere
650 816 872 871 cupiebant.
896 816 1016 857 Hune
1037 818 1111 858 etsi
1134 832 1322 871 augurem
1343 819 1451 873 prius
1473 820 1634 870 factum,

158 897 269 935 quam
292 881 448 923 Italiam
470 885 700 938 attingeret,
724 885 765 924 in
787 885 930 926 itinere
951 885 1152 936 audierat,
1177 893 1310 926 tamen
1332 901 1410 926 non
1431 887 1560 927 minus
1580 887 1640 928 iu-

154 956 255 990 stam
277 951 352 991 sibi
374 965 531 992 causam
553 953 768 1006 municipia
787 960 827 993 et
848 953 1024 994 colonias
1047 954 1212 994 adeundi
1234 954 1505 1005 existimauit,
1528 962 1571 994 ut
1590 954 1638 995 iis

153 1018 303 1072 gratias
325 1027 478 1072 ageret,
503 1021 604 1073 quod
625 1021 885 1074 frequentiam
903 1028 1021 1074 atque
1034 1022 1197 1061 officium
1211 1035 1323 1061 suum
1337 1021 1513 1062 Antonio
1526 1036 1638 1076 prae-

108 1084 135 1124 4
156 1085 352 1127 stitissent
367 1117 378 1136 ,
410 1087 603 1141 simulque
633 1103 678 1129 se
699 1096 738 1129 et
759 1090 949 1130 honorem
970 1104 1083 1130 suum
1104 1089 1304 1142 sequentis
1327 1089 1417 1130 anni
1442 1103 1639 1130 commen-

154 1153 290 1204 daret,
325 1161 533 1209 propterea
563 1157 665 1209 quod
696 1157 916 1197 insolenter
946 1157 1165 1197 aduersarii
1197 1157 1257 1197 sui
1287 1157 1553 1211 gloriarentur
1581 1156 1634 1197 L.

151 1218 368 1262 Lentulum
391 1229 429 1263 et
451 1220 500 1263 C.
525 1222 758 1264 Marcellum
781 1225 964 1264 consules
987 1231 1159 1274 creatos,
1188 1224 1251 1276 qui
1274 1238 1426 1264 omnem
1451 1225 1640 1265 honorem

154 1294 194 1328 et
207 1289 436 1341 dignitatem
451 1288 640 1331 Caesaris
653 1292 884 1344 spoliarent,
910 1299 1086 1345 ereptum
1100 1289 1190 1331 Ser.
1209 1289 1357 1331 Galbae
1373 1292 1636 1343 consulatum,

153 1369 239 1395 cum
260 1357 296 1396 is
317 1358 440 1397 multo
463 1358 548 1412 plus
571 1359 699 1412 gratia
720 1360 996 1412 suffragiisque
1017 1359 1232 1408 ualuisset,
1257 1359 1358 1412 quod
1379 1359 1454 1399 sibi
1476 1359 1639 1399 coniun-

76 1421 129 1467 51
151 1430 236 1463 ctus
267 1431 305 1464 et
336 1425 602 1468 familiaritate
634 1434 673 1468 et
705 1427 993 1468 consuetudine
1024 1427 1235 1481 legationis
1267 1434 1388 1467 esset.
1432 1425 1638 1480 Exceptus

153 1488 414 1534 estCaesaris
437 1494 631 1536 aduentus
653 1495 702 1536 ab
724 1496 905 1536 omnibus
925 1495 1148 1549 municipiis
1171 1502 1211 1535 et
1232 1494 1397 1535 coloniis
1419 1494 1637 1534 incredibili

153 1559 304 1600 honore
325 1568 443 1614 atque
466 1575 615 1603 amore.
681 1563 785 1604 Tum
808 1564 971 1618 primum
993 1564 1096 1604 enim
1121 1563 1305 1604 ueniebat
1326 1561 1373 1603 ab
1394 1562 1459 1603 illo
1480 1562 1640 1603 uniuer-

103 1625 132 1667 2
152 1639 221 1667 sae
236 1626 389 1669 Galliae
411 1629 528 1670 bello.
552 1630 667 1672 Nihil
688 1632 998 1685 relinquebatur,
1024 1631 1125 1684 quod
1147 1631 1194 1672 ad
1216 1637 1396 1672 ornatum
1417 1637 1634 1684 portarum,

150 1693 355 1747 itinerum,
380 1697 557 1739 locorum
571 1699 758 1748 omnium,
784 1714 859 1753 qua
875 1697 1168 1740 Caesariturus
1191 1706 1292 1749 erat,
1318 1697 1636 1751 excogitaripot—

104 1758 130 1800 3
152 1769 253 1803 erat.
305 1761 408 1805 Cum
437 1766 573 1807 liberis
605 1767 732 1808 omnis
762 1768 970 1808 multitudo
1001 1768 1157 1807 obuiam
1189 1765 1448 1821 procedebat,
1483 1765 1637 1806 hostiae

152 1831 331 1872 omnibus
353 1833 451 1873 locis
472 1833 790 1885 immolabantur,
814 1836 998 1876 tricliniis
1019 1835 1157 1876 stratis
1180 1835 1266 1875 fora
1288 1834 1507 1887 templaque
1520 1846 1636 1873 occu-

297 1935 310 1967 1
332 1935 540 1977 iniungendo
559 1938 672 1970 BCD
685 1938 728 1978 A,
749 1938 948 1980 imponendo
970 1938 1016 1970 bc
1031 1937 1081 1969 de
1099 1940 1135 1969 et
1151 1947 1220 1969 sec.
1241 1947 1288 1968 m.
1307 1936 1352 1968 A.
1524 1934 1636 1967 defes-

153 1993 224 2016 sam
243 1994 311 2017 om.
331 1986 376 2018 A.
565 1989 758 2020 conditione
776 1989 849 2029 (B).
1033 1988 1195 2031 parcendi
1216 1988 1234 2018 b
1253 1990 1290 2019 et
1302 1996 1370 2028 pro
1387 1995 1467 2018 var.
1488 1986 1570 2017 lect.
1588 1987 1633 2019 A.

294 2038 315 2069 4
332 2037 378 2070 Μ.
397 2039 582 2072 Antonium
601 2046 817 2082 quaestorem
837 2051 933 2073 suum
951 2042 997 2074 D.
1156 2042 1172 2073 5
1192 2039 1492 2072 commendauerat
1507 2039 1632 2079 BC'D,

151 2091 403 2123 commendaret
421 2103 481 2125 eu.
622 2094 883 2136 petitioneBD.
1024 2093 1044 2126 6
1062 2098 1132 2126 tum
1151 2093 1300 2125 libenter
1315 2102 1443 2124 seam.
1460 2092 1490 2123 b.

151 2140 171 2172 8
189 2138 235 2172 M.
255 2151 324 2174 om.
345 2153 362 2173 e
382 2143 512 2183 02:072„
534 2144 566 2176 in
588 2144 619 2175 b.
761 2144 887 2176 Antoni
909 2144 950 2176 C.
1091 2144 1246 2175 decentis
1266 2143 1298 2175 D
1315 2145 1353 2173 et
1366 2152 1413 2173 m.
1431 2151 1488 2182 pr.
1508 2140 1556 2181 B,
1578 2141 1635 2173 de-

151 2192 329 2225 cedentem
351 2195 381 2226 b.
552 2197 571 2229 9
589 2195 733 2237 gratiam
752 2197 950 2228 conuellere
969 2197 1001 2228 B
1014 2196 1138 2236 CDA,
1162 2195 1358 2227 conuellere
1377 2193 1520 2233 gratiam
1540 2192 1586 2233 (Β)
1599 2203 1634 2224 u·

296 2246 337 2279 10
356 2247 490 2279 audiuit
508 2258 537 2279 e.
680 2248 719 2281 13
738 2249 913 2290 sequentis
932 2248 1010 2280 anni
1029 2248 1060 2280 B
1077 2250 1113 2278 et
1128 2247 1283 2288 reliqui,
1307 2246 1340 2277 in
1360 2245 1536 2287 sequentis
1555 2246 1635 2277 anni

153 2295 171 2327 b
184 2296 276 2328 cde.
495 2300 750 2332 commendaret
766 2301 797 2332 B
817 2301 913 2333 ‘mss.
937 2300 1001 2337 12',
1022 2300 1276 2332 commendaret
1293 2298 1458 2340 petitione
1479 2297 1633 2329 bcch.

295 2348 336 2381 14
353 2347 494 2381 Lucium
513 2360 582 2381 sec.
601 2361 649 2382 m.
669 2351 711 2383 B.
854 2352 895 2384 15
915 2350 1009 2383 G.B.
1152 2350 1193 2382 16
1211 2349 1469 2392 spoliarentBe
1487 2348 1633 2389 reliqui,

151 2398 388 2439 exspoliarent
404 2400 500 2432 And.
526 2401 640 2433 Omon.
661 2411 696 2432 η.
839 2401 914 2433 Ser.
934 2402 1007 2442 Be,
1028 2400 1149 2441 Sergio
1166 2410 1201 2431 u.
1352 2398 1566 2430 consolatum
1586 2408 1631 2430 m.

145 2457 206 2489 pr.
224 2449 266 2480 B.
410 2451 450 2483 17
469 2451 623 2492 suffragii
642 2452 812 2483 ualuisset
829 2462 846 2483 e
862 2451 958 2484 And.
1102 2450 1143 2483 18
1162 2449 1410 2481 consuetudine
1429 2449 1459 2481 B
1475 2450 1586 2482 CDA
1600 2454 1636 2481 et

143 2509 216 2542 pro
232 2511 312 2533 var.
334 2503 413 2534 lect.
429 2513 456 2544 c,
479 2504 734 2536 necessitudine
748 2515 765 2535 e
778 2514 815 2536 u.
928 2507 1148 2545 exceptus—
1159 2502 1220 2543 (p.
1233 2501 1350 2541 4921)
1364 2501 1635 2533 admonebantur

151 2562 220 2584 om.
239 2553 374 2593 BCD,
401 2554 464 2585 sed
490 2555 537 2586 ad
561 2555 690 2587 calcem
714 2555 786 2587 CD
814 2563 924 2596 usque
950 2554 998 2586 ad
1021 2554 1195 2597 syllabam
1216 2552 1317 2584 Caes.
1344 2553 1536 2584 uerborum
1559 2561 1633 2585 cum

150 2601 310 2635 Caesaris
330 2614 465 2636 causam
486 2605 541 2647 (p.
562 2606 639 2646 491,
662 2605 719 2645 16)
735 2605 902 2648 suppleta
917 2607 1012 2636 sunt.
1124 2604 1164 2636 19
1183 2608 1237 2635 est
1253 2613 1321 2635 om.
1342 2614 1359 2635 e
1373 2604 1489 2635 Ooeon.

149 2653 193 2687 20
212 2654 338 2686 bonore
357 2659 459 2697 atque
479 2666 548 2687 om.
570 2657 600 2696 b,
622 2662 725 2698 atque
744 2666 856 2688 amore
875 2665 944 2688 om.
965 2665 982 2686 e
1000 2657 1034 2685 et
1049 2663 1095 2685 m..
1112 2663 1174 2695 pr.
1192 2664 1227 2685 a.
1390 2653 1475 2696 tum]
1495 2664 1569 2686 cum
1585 2655 1630 2687 A.

293 2706 382 2738 enim
400 2706 563 2738 ueniebat
580 2707 723 2748 primum
741 2716 776 2738 a.
946 2706 990 2740 22
1008 2705 1158 2736 locorum
1179 2704 1233 2736 Ca
1247 2704 1264 2736 b
1276 2715 1321 2736 ce
1340 2705 1402 2737 Au
1419 2706 1569 2746 (suerat
1584 2705 1633 2737 lo·

151 2757 365 2801 corumque).
507 2763 602 2790 esset
613 2769 647 2790 a.
787 2761 925 2800 poterat
938 2766 960 2789 a
972 2767 990 2788 e
1004 2757 1099 2788 ‘mss-
1116 2756 1305 2798 plertque’,
1326 2761 1443 2800 posset
1454 2767 1487 2788 u.

151 2812 194 2844 23
213 2822 287 2844 cum
306 2812 425 2844 liberis
440 2814 525 2854 post
542 2810 748 2854 procedebat
760 2813 870 2853 ponit
885 2820 919 2842 α.
1062 2809 1207 2841 omnium
1230 2810 1269 2842 C.
1426 2809 1580 2852 procedit
1599 2809 1630 2841 b.

294 2863 448 2895 omnibus
466 2863 552 2895 locis
571 2863 705 2895 hostiae
723 2872 755 2893 a.

1672 895 1712 928 10

1672 1232 1712 1264 15

1669 1568 1712 1603 20
