1835 3240
674 200 785 205 -—-
854 174 927 215 189
988 199 1101 205 —

137 293 281 335 arietes
313 289 589 339 immittuntur,
625 296 887 342 quantumque
910 295 976 329 aut
998 288 1122 328 ruinis
1160 288 1328 328 deicitur
1360 297 1426 329 ant
1455 304 1523 344 per
1546 293 1620 331 uim

137 359 325 412 recipitur
337 357 426 407 loci,
442 357 480 396 in
492 364 639 396 tantum
654 356 892 397 munitiones
903 357 1182 410 proferuntur'.
1209 355 1284 396 Hie
1298 356 1455 395 uerbum
1470 363 1621 411 ‘aptan-

137 426 214 466 tur'
247 432 473 478 corruptum
506 438 595 465 esse
624 425 698 464 iam
731 422 894 477 Lipsius
919 424 1085 464 uiderat.
1120 423 1222 464 Nam
1248 424 1313 477 qui
1335 424 1390 464 ita
1413 425 1622 466 defendere

137 500 344 543 conantur,
381 500 420 532 ut
453 490 641 533 Caesaris
677 505 795 545 opera
829 492 1087 532 testudinibus
1119 506 1164 533 ae
1197 492 1384 532 musculis
1408 500 1512 533 tecta
1535 509 1621 537 esse

136 568 328 611 statuant,
354 574 430 600 non
445 566 726 612 reputanerunt
740 567 916 600 neutram
931 560 1147 600 machinam
1161 561 1208 600 ad
1228 561 1510 601 defendendum
1537 564 1622 603 usui

136 630 273 679 fuisse,
299 629 365 668 sed
380 627 958 682 utramqueadinipugnandum
981 642 1069 668 esse
1084 635 1365 681 comparatam.
1389 627 1530 681 Neque
1556 645 1621 684 op-

138 697 213 751 pidi
238 704 369 750 partes
393 696 654 736 testudinibus
668 710 713 735 ac
727 696 912 736 musculis
929 727 938 745 ,
964 697 1031 736 sed
1047 696 1140 735 haec
1155 697 1280 749 oppidi
1296 696 1470 750 partibus
1493 704 1623 750 aptata

138 766 301 805 dicenda
325 771 452 803 erant.
489 761 653 813 Verum,
680 778 778 816 quae
801 779 822 804 a
844 763 982 817 Lipsio
1007 763 1206 818 proposita
1229 770 1336 812 sunt,
1365 766 1622 818 ‘quatiuntur'

137 840 205 873 aut
229 831 479 885 ‘captantur',
513 845 647 871 eorum
672 839 851 871 neutrum
876 839 1006 885 aptum
1031 839 1105 882 est,
1140 832 1245 885 prius
1269 847 1317 872 ne
1341 834 1518 874 codicum
1542 834 1625 887 qui—

138 900 223 939 dem
247 899 411 952 uestigia
433 900 589 953 premit.
624 897 882 939 Scribendum
908 907 994 940 erat
1018 899 1302 953 ‘temptanti1r'.

253 966 301 1008 C.
326 968 351 1008 7
375 965 679 1021 Oudendorpius
703 968 864 1008 retinuit
886 967 985 1007 hanc
1008 968 1266 1021 scripturam:
1304 966 1408 1021 ‘Quo
1432 970 1535 1009 facto
1559 970 1627 1010 du-

138 1035 327 1075 bitatione
350 1034 501 1075 sublata
526 1042 656 1075 tantus
680 1036 844 1076 incessit
866 1037 997 1084 timor,
1023 1043 1066 1076 ut
1080 1036 1126 1076 ad
1141 1043 1361 1076 extremum
1379 1051 1511 1077 casum
1526 1039 1627 1091 peri-

138 1104 211 1143 culi
236 1118 370 1144 omnes
393 1103 544 1144 deducti
567 1104 812 1154 uiderentur,
838 1111 953 1156 atque
966 1104 1030 1144 alii
1047 1104 1192 1144 morari
1205 1102 1420 1144 Caesarem
1434 1106 1626 1155 dicerent,

139 1172 230 1224 quin
261 1186 384 1212 naues
419 1172 684 1211 conscendere
716 1171 885 1220 iuberet,
912 1172 977 1211 alii
998 1173 1120 1211 inulto
1143 1173 1365 1225 grauiorem
1390 1174 1626 1213 extimesce-

139 1247 226 1279 rent
248 1254 394 1290 casum,
421 1240 521 1292 quod
545 1253 671 1292 neque
701 1240 820 1280 celari
847 1240 1135 1280 Alexandrinis
1159 1248 1323 1294 possent
1344 1241 1383 1280 in
1406 1242 1625 1294 apparanda

139 1308 245 1360 fuga,
271 1322 354 1348 cuni
381 1315 456 1347 tam
480 1322 601 1361 paruo
624 1309 750 1361 spatio
773 1308 966 1349 distarent
987 1309 1033 1348 ab
1057 1309 1167 1362 ipsis,
1194 1308 1629 1361 nequeillisiinminen-

140 1375 242 1415 tibus
264 1383 381 1428 atque
403 1375 700 1427 insequentibus
723 1377 823 1415 ullus
846 1376 885 1415 in
899 1391 1021 1417 naues
1034 1384 1215 1430 receptus
1231 1375 1419 1417 daretur'.
1456 1374 1629 1431 Sedipse

141 1442 441 1495 Oudendorpius
466 1443 653 1496 probabat
677 1443 788 1491 haec,
815 1457 912 1495 quae
936 1443 975 1483 in
988 1444 1167 1483 omnibus
1183 1445 1294 1483 codd.
1310 1445 1519 1497 leguntur:
1549 1444 1627 1484 ‘alii

140 1512 259 1550 multo
282 1511 444 1563 grauius
477 1511 785 1550 extimescerent
821 1512 982 1556 casum',
1010 1518 1045 1551 et
1071 1526 1201 1551 casum
1226 1525 1314 1551 eum
1337 1512 1412 1551 dici
1434 1512 1629 1565 interpre-

139 1578 308 1626 tabatur,
335 1578 435 1630 quod
458 1592 557 1630 aqua
581 1578 627 1617 ab
649 1578 936 1619 Alexandrinis
960 1586 1045 1619 erat
1061 1586 1260 1633 corrupta.
1297 1579 1445 1620 Verum
1470 1587 1547 1619 tun]
1573 1581 1629 1620 di-

139 1645 302 1684 cendum
326 1652 412 1684 erat
436 1645 559 1684 ‘illum
582 1646 744 1695 casum',
771 1653 810 1685 et
831 1660 880 1686 ne
904 1647 973 1686 boe
998 1647 1148 1699 quiden]
1173 1648 1221 1687 ad
1243 1648 1476 1688 sententiam
1499 1656 1628 1702 aptum

138 1719 237 1751 erat.
271 1710 412 1765 Neque
443 1713 546 1752 enim
579 1727 712 1753 casum
744 1713 852 1753 illum
890 1715 1081 1754 timebant
1112 1713 1360 1765 Caesariani,
1397 1716 1536 1770 quippe
1566 1717 1627 1768 qui

137 1780 312 1828 adesset,
347 1780 413 1820 sed
447 1795 496 1821 ne
519 1782 693 1834 effugere
717 1795 795 1821 non
817 1789 991 1836 possent.
1022 1781 1269 1837 Fugiendum
1292 1791 1421 1824 autem
1445 1784 1624 1824 omnibus

138 1848 369 1897 uidebatur,
404 1849 471 1888 sed
495 1848 608 1889 alteri
633 1850 722 1902 fuga
745 1864 787 1890 se
811 1850 976 1890 salutem
999 1865 1138 1905 parere
1159 1851 1387 1905 sperabant,
1414 1852 1526 1892 alteri
1548 1853 1624 1892 sal-

137 1930 209 1955 uos
231 1930 275 1956 se
300 1916 433 1969 fugere
457 1931 535 1957 non
566 1931 681 1970 posse
704 1918 988 1973 intellegebant
1010 1933 1133 1972 eoque
1148 1920 1296 1959 maiore
1313 1920 1452 1959 timore
1476 1921 1626 1960 erucia-

139 1983 297 2022 bantur.
349 1982 481 2037 ltaque
504 1985 549 2024 de
573 1984 631 2024 Μ.
664 1984 824 2039 Hauptii
848 1988 1043 2027 sententia
1064 1995 1220 2028 retento
1243 1988 1309 2027 illo
1346 1989 1554 2041 ‘grauius'
1588 2004 1628 2029 0-

139 2053 284 2092 mnium
310 2053 485 2092 codicum
521 2054 681 2093 ‘casum'
714 2055 839 2095 deleui
861 2063 994 2109 utpote
1017 2071 1039 2096 a
1070 2058 1258 2109 magistro
1290 2057 1527 2110 ascriptum,
1568 2058 1632 2110 qui

139 2121 334 2161 obiectum
368 2121 615 2162 desiderabat
648 2129 688 2162 et
718 2124 920 2176 superiora
952 2125 1139 2164 memoria
1165 2125 1323 2165 tenebat
1347 2130 1406 2164 ‘ut
1427 2126 1473 2165 ad
1496 2132 1630 2165 extre-

138 2203 241 2229 mum
266 2203 397 2229 casum
415 2190 574 2243 periculi
590 2205 725 2231 omues
739 2191 892 2231 deducti
908 2192 1167 2233 uiderentur'.
1202 2191 1356 2232 Deinde
1378 2207 1448 2246 pro
1471 2194 1628 2233 soloeco

139 2258 270 2298 datiuo
306 2257 621 2299 ‘Alexandrinis'
664 2273 717 2300 ex
747 2258 842 2299 Par.
879 2274 960 2301 see.
1005 2258 1110 2301 Seal.
1151 2259 1270 2301 Voss.
1297 2261 1407 2314 posui
1434 2261 1629 2301 ‘Alexan-

140 2326 267 2366 drini'.
311 2324 455 2379 Neque
487 2340 584 2367 uero
618 2327 689 2367 boc
721 2327 809 2367 loeo
841 2341 893 2367 ex
925 2328 1123 2368 codicibus
1146 2329 1351 2369 emendato
1374 2329 1628 2369 dubitandum

141 2401 214 2444 est,
241 2395 333 2447 quin
354 2408 432 2434 uno
450 2425 459 2443 ,
485 2394 547 2447 qui
570 2402 729 2448 praeter
751 2395 852 2435 hunc
875 2396 1009 2435 eodeni
1034 2397 1131 2437 uitio
1153 2397 1331 2446 laborat,
1367 2395 1492 2438 Corn.
1518 2397 1624 2451 Nep.

140 2462 228 2501 Alc.
255 2462 294 2510 5,
319 2461 346 2503 2
368 2469 475 2502 recte
499 2459 702 2502 Gesnerus
725 2464 765 2504 in
789 2464 974 2504 thesauro
994 2465 1283 2505 correxerit⁶id
1298 2465 1524 2507 Alcibiades
1547 2467 1629 2506 diu-

142 2528 216 2568 tius
239 2530 357 2570 celari
381 2544 459 2570 non
483 2530 636 2583 potuit'.

253 2593 301 2636 C.
326 2597 374 2646 8,
414 2597 436 2637 4
466 2598 604 2651 scripsi
649 2603 805 2653 ‘magno
836 2601 995 2653 negotio
1027 2602 1194 2656 impetus
1231 2602 1399 2643 hostium
1438 2602 1627 2642 aduersos

144 2663 417 2704 munitionibus
440 2666 637 2706 sustinere
653 2696 665 2716 ,
690 2667 829 2719 quibus
852 2668 1000 2709 relictis
1023 2684 1095 2711 nec
1117 2671 1204 2710 loco
1228 2684 1299 2711 nec
1323 2683 1486 2710 numero
1511 2683 1624 2723 pares

145 2741 232 2768 esse
263 2732 404 2782 posse'.
449 2731 554 2773 Nam
588 2747 639 2773 ex
670 2748 731 2784 eo,
768 2736 869 2789 quod
902 2737 1043 2787 editur,
1082 2738 1317 2788 ‘sustineri',
1352 2752 1538 2792 peruersa
1561 2751 1624 2777 res

145 2796 319 2835 nascitur
347 2798 511 2852 impetus
541 2801 714 2841 hostium
745 2803 918 2844 aduersi.
953 2803 1090 2846 Sensit
1119 2807 1190 2846 hoc
1224 2804 1425 2855 Clarkius,
1457 2806 1524 2845 scd
1549 2805 1627 2844 ele-

144 2876 241 2913 gans
265 2877 373 2915 quam
396 2866 567 2920 ineptum
591 2869 721 2909 dicere
746 2871 895 2910 maluit.
