1835 3240
96 900 136 933 10

98 1241 136 1273 15

95 1578 137 1611 20

94 1917 136 1950 25

590 162 775 208 COMM.
799 162 860 207 111
890 161 1015 207 CAP.
1036 163 1093 208 22
1107 165 1236 207 -25,
1644 170 1726 214 325

172 280 352 325 Sertorio
389 293 524 320 omnes
547 292 672 320 annos
697 280 850 320 fuerant
871 293 1139 334 summamque
1160 279 1367 319 scientiam
1391 281 1448 320 rei
1472 284 1651 324 militaris

173 350 315 391 habere
338 347 686 388 existimabantur.
750 347 802 387 Hi
825 348 1107 388 consuetudine
1137 348 1267 401 populi
1291 346 1459 387 Romani
1483 349 1567 389 loca
1590 366 1653 391 ca·
1672 350 1699 391 (3

170 430 277 472 pere,
303 423 435 456 castra
456 417 625 466 munire,
653 416 933 456 commeatibus
956 423 1115 456 nostros
1137 416 1404 456 intercludere
1426 416 1649 457 instituunt.

171 483 284 537 Quod
308 485 371 525 ubi
396 483 566 526 Crassus
598 484 901 533 animaduertit,
945 498 1038 523 suas
1060 484 1192 537 copias
1214 491 1374 537 propter
1396 483 1653 537 exiguitatem
1674 485 1700 525 7

173 567 252 593 non
275 553 389 593 facile
412 553 554 602 diduci,
580 552 729 591 hostem
754 557 793 591 et
816 551 951 604 uagari
973 558 1013 591 et
1036 551 1120 591 uias
1135 552 1315 592 obsidere
1333 558 1371 591 et
1393 551 1534 591 castris
1557 551 1655 592 satis

170 621 355 675 praesidii
377 621 600 674 relinquere
615 649 626 669 ,
662 618 709 658 ob
742 632 827 659 eam
861 633 1019 659 causam
1042 619 1169 660 minus
1193 621 1394 660 commode
1416 621 1656 659 frumentum

170 695 506 741 commeatumque
527 687 600 727 sibi
623 687 871 740 supportari,
911 687 951 726 in
973 687 1055 727 dies
1078 687 1249 727 hostium
1274 702 1476 728 numerum
1499 687 1652 741 augeri,

170 771 249 797 non
272 757 529 797 cunctandum
555 755 827 805 existimauit,
864 755 956 808 quin
981 769 1111 809 pugna
1133 756 1369 796 decertaret.
1433 756 1519 797 Hac
1541 770 1584 796 re
1607 755 1654 795 ad
1675 754 1702 796 8

169 825 375 865 consilium
400 824 543 874 delata,
568 824 632 864 ubi
656 823 906 863 omnesidem
920 823 1070 864 sentire
1092 823 1307 871 intellexit,
1331 831 1532 878 posterum
1555 823 1656 863 diem

167 907 322 947 pugnae
355 892 572 933 constituit.
634 890 768 932 Prima
799 891 885 931 luce
916 892 1115 945 productis
1149 892 1325 932 omnibus
1357 892 1479 946 copiis
1513 892 1654 946 duplici
1674 891 1731 936 24

170 961 255 1001 acie
277 961 472 1011 instituta,
497 960 655 1000 auxiliis
678 960 717 999 in
740 960 904 1000 mediam
924 961 1046 1000 aciem
1062 960 1268 1009 coniectis,
1294 961 1383 1013 quid
1407 961 1539 1000 hostes
1562 974 1656 1000 con-

168 1029 244 1070 silii
267 1036 468 1082 caperent,
495 1028 745 1082 expectabat.
791 1027 867 1078 llli,
897 1029 972 1068 etsi
994 1037 1154 1083 propter
1175 1028 1463 1069 multitudinem
1487 1036 1526 1068 et
1546 1035 1656 1068 uete-
1675 1028 1703 1068 ⁶2.

167 1111 250 1138 rem
284 1097 375 1137 belli
407 1098 571 1150 gloriam
606 1097 920 1152 paucitatemque
953 1104 1179 1137 nostrorum
1211 1111 1254 1137 se
1286 1103 1371 1136 tuto
1403 1097 1655 1136 dimicaturos

170 1165 478 1214 existimabant,
515 1171 643 1205 tamen
675 1166 796 1205 tutius
829 1179 918 1205 esse
939 1165 1236 1206 arbitrabantur
1258 1164 1431 1204 obsessis
1455 1164 1529 1204 uiis
1552 1178 1657 1203 com-

168 1240 299 1273 meatu
320 1233 536 1274 intercluso
568 1233 654 1273 sine
686 1234 763 1274 ullo
795 1234 961 1274 uulnere
995 1233 1163 1274 uictoria
1195 1233 1311 1287 potiri
1335 1239 1398 1282 ct,
1433 1232 1467 1272 si
1499 1239 1658 1285 propter
1679 1229 1704 1270 3

169 1301 338 1354 inopiam
362 1302 420 1340 rei
444 1301 725 1341 frumentariae
747 1301 917 1341 Romani
942 1315 1030 1342 sese
1053 1302 1231 1356 recipcre
1254 1300 1502 1354 coepissent,
1536 1300 1658 1353 impe-

172 1369 273 1408 ditos
305 1368 345 1408 in
378 1368 533 1421 agmine
564 1376 603 1409 et
624 1370 695 1408 sub
717 1370 886 1409 sarcinis
916 1370 1132 1409 infirmiore
1165 1369 1295 1409 animo
1329 1369 1477 1408 adoriri
1509 1368 1659 1421 cogita-

172 1436 281 1476 bant.
340 1435 427 1477 Hoc
450 1436 616 1477 consilio
640 1437 803 1491 probato
825 1437 872 1476 ab
895 1437 1054 1476 ducibus
1076 1437 1275 1490 productis
1298 1436 1569 1476 Romanorum
1592 1450 1656 1475 co-
1679 1435 1706 1475 4

172 1505 244 1557 piis
277 1518 365 1544 sese
398 1504 539 1544 castris
572 1504 774 1545 tenebant.
839 1503 925 1544 Hac
958 1519 1003 1545 re
1034 1512 1239 1558 perspecta
1263 1502 1435 1545 Crassus
1468 1517 1555 1544 cnm
1587 1517 1657 1543 sua
1679 1500 1704 1542 5

169 1572 421 1612 cunctatione
442 1580 559 1625 atque
583 1573 766 1626 opinione
799 1572 950 1613 timoris
985 1572 1117 1613 hostes
1141 1580 1300 1613 nostros
1325 1573 1466 1612 milites
1489 1572 1657 1612 alacrio-

169 1653 234 1679 res
257 1640 304 1679 ad
335 1640 586 1693 pugnandum
609 1640 862 1691 effecissent,
901 1648 1017 1693 atque
1050 1641 1221 1680 omnium
1254 1654 1374 1680 uoces
1407 1640 1655 1690 audirentur,

170 1707 373 1761 expectari
396 1708 541 1748 diutius
565 1722 643 1749 non
666 1715 851 1762 oportere
866 1739 876 1758 ‚
912 1708 1006 1761 quin
1028 1709 1075 1748 ad
1098 1715 1229 1749 castra
1253 1709 1378 1748 iretur
1393 1739 1403 1757 ,
1428 1708 1657 1748 cohortatus

169 1789 261 1815 suos
285 1776 464 1816 omnibus
487 1776 731 1830 cupientibus
761 1776 809 1816 ad
841 1776 1010 1816 hostium
1043 1784 1175 1817 castra
1197 1776 1415 1817 contendit.
1478 1774 1537 1815 Ibi
1569 1790 1656 1815 cum
1676 1775 1731 1819 25

169 1843 237 1882 alii
261 1844 385 1883 fossas
409 1844 667 1898 conplerent,
701 1844 767 1884 alii
799 1844 928 1884 multis
960 1845 1048 1885 telis
1081 1845 1269 1885 coniectis
1302 1845 1531 1885 defensores
1554 1844 1657 1884 uallo

168 1911 524 1965 munitionibusque
545 1912 802 1967 depellerent,
825 1913 1139 1966 auxiliaresque,
1166 1913 1307 1966 quibus
1325 1913 1371 1953 ad
1395 1926 1564 1965 pugnam
1578 1925 1658 1951 non

171 1979 330 2019 multum
354 1977 526 2021 Crassus
559 1981 801 2030 confidebat,
836 1981 1028 2035 lapidibus
1061 1982 1229 2034 telisque
1250 1980 1596 2021 subministrandis
1620 1986 1659 2019 et

171 2047 219 2087 ad
241 2061 426 2101 aggerem
459 2049 670 2102 cespitibus
705 2049 984 2103 conportandis
1006 2049 1177 2103 speciem
1201 2056 1318 2101 atque
1342 2048 1565 2102 opinionem
1588 2061 1657 2101 pu-

168 2117 370 2168 gnantium
393 2116 653 2170 praeberent,
689 2132 776 2158 cum
797 2117 890 2157 item
914 2117 961 2157 ab
985 2117 1165 2158 hostibus
1189 2123 1418 2157 constanter
1441 2129 1485 2155 ac
1508 2129 1586 2155 non
1609 2115 1657 2155 ti-

167 2183 562 2240 mide-pugnaretur,
593 2185 750 2239 telaque
785 2199 838 2226 ex
874 2185 960 2226 loco
996 2185 1201 2240 superiore
1236 2185 1357 2225 missa
1394 2198 1474 2224 non
1513 2184 1657 2225 frustra

307 2305 328 2339 2
347 2306 643 2338 exestimabantur
660 2306 707 2337 hii
726 2316 801 2338 cum
817 2315 869 2335 Ν
885 2316 993 2348 snper
1010 2307 1029 2337 h
1048 2308 1092 2338 B.
1229 2307 1247 2339 3
1266 2306 1433 2338 insistunt
1452 2305 1542 2347 bes.

168 2357 186 2389 5
206 2357 326 2390 deduci
343 2359 417 2390 AB
431 2360 520 2400 CD,
545 2358 743 2402 ‘plcre'qzte',
766 2369 886 2390 omncs
905 2358 1121 2390 Selmeiderz'
1132 2362 1282 2401 praeter
1299 2367 1409 2389 ‘unum
1429 2356 1500 2387 clct.

168 2408 296 2441 hostem
315 2411 457 2452 euagari
476 2412 521 2444 D.
659 2411 680 2443 8
699 2412 921 2443 exestimauit
939 2412 988 2451 B,
1008 2411 1144 2454 putauit
1163 2412 1195 2443 b.
1347 2420 1387 2441 ac
1407 2420 1442 2441 re
1462 2409 1505 2440 B.

169 2460 211 2490 ad
230 2471 298 2493 sec.
317 2472 363 2493 m.
382 2474 461 2505 sup.
483 2473 576 2495 izers.
596 2463 640 2495 B.
785 2464 823 2496 10
843 2463 969 2505 duplici
989 2464 1085 2495 aciae
1103 2465 1147 2495 Β.
1292 2463 1328 2495 11
1353 2461 1521 2493 coniectis
1543 2460 1570 2492 C
1584 2460 1652 2500 ecl,

169 2511 322 2545 collectis
340 2514 495 2547 ABDE
511 2516 574 2557 cf.
718 2516 759 2548 12
777 2516 983 2558 expectabat
1000 2517 1043 2548 B.
1166 2520 1199 2547 et
1217 2520 1373 2548 ueterum
1396 2517 1443 2556 C,
1466 2519 1497 2545 ct
1518 2518 1657 2556 propter

169 2567 319 2595 ueterem
338 2565 368 2596 b.
512 2566 552 2598 13
571 2570 642 2598 toto
661 2570 695 2598 cl
715 2567 754 2599 14
776 2567 879 2599 totius
899 2578 945 2599 m.
961 2578 1020 2609 pr.
1041 2569 1085 2598 B.
1205 2567 1245 2599 15
1265 2567 1334 2598 utto
1353 2577 1422 2598 om.
1445 2566 1509 2607 bs.

170 2614 211 2647 17
230 2615 411 2648 infirmiore
430 2617 542 2650 ABE
562 2619 727 2660 ‘plurimi
743 2619 1081 2660 τιείαεΐίςκίιηἡμεῖς
1101 2618 1268 2650 inferiore
1290 2619 1306 2649 b
1319 2618 1418 2657 cde,
1450 2616 1653 2657 inferioris.

311 2667 353 2701 20
373 2674 474 2711 atque
493 2671 611 2713 om.s.
753 2671 932 2714 oppinione
951 2673 995 2704 A.
1160 2671 1295 2703 timoris
1314 2671 1542 2712 Stcplmmw,
1566 2668 1651 2699 timi-

169 2716 280 2749 diores
300 2720 399 2752 codd.
418 2721 457 2752 Ρ.
478 2721 532 2754 72.
694 2723 734 2757 21
757 2724 797 2755 ad
817 2725 1011 2768 pugnams.
1199 2724 1396 2755 effecissent
1414 2724 1445 2755 A
1458 2723 1486 2753 ΙΙ
1506 2721 1655 2763 (sedhic

170 2768 251 2808 effi)
274 2769 342 2800 ΓΒ
357 2771 410 2811 Ε,·
430 2771 602 2805 effecisset
620 2784 656 2813 e,
679 2773 869 2818 fecissetf.
1018 2775 1063 2809 22
1081 2775 1257 2816 expectari
1277 2777 1319 2806 B.
1436 2773 1478 2807 23
1503 2772 1558 2804 ubi
1578 2781 1652 2803 cuin

172 2818 283 2850 fossas
303 2819 367 2861 bs.
503 2823 548 2856 24
566 2824 766 2866 conplorent
784 2826 827 2858 B.
991 2826 1034 2860 26
1054 2825 1292 2868 lapidibusque
1312 2829 1346 2857 et
1364 2824 1441 2856 1055
1465 2824 1504 2854 (s-

168 2870 209 2902 27
229 2872 470 2912 couportandis
489 2874 529 2905 B.
