1835 3240
95 145 180 189 438
624 145 698 187 DE
731 144 921 188 BELLO
953 143 1204 188 GALLICO

171 257 337 298 consilio
358 257 436 298 iter
466 257 506 298 in
528 259 771 312 prouinciam
794 265 1071 308 conuerteret,
1098 267 1139 299 nt
1160 274 1273 300 nemo
1296 275 1374 301 non
1397 267 1476 301 tum
1499 261 1654 315 quidem

170 325 399 366 necessario
422 327 643 367 faciundum
677 325 956 376 existimabat,
989 340 1074 366 cum
1103 327 1260 368 infamia
1293 336 1409 382 atque
1441 329 1655 383 indignitas

168 392 229 433 rei
251 399 289 433 et
320 394 521 447 oppositus
555 407 665 433 mons
697 390 888 433 Ceuenna
920 394 1149 447 uiarumque
1180 395 1382 437 difficultas
1414 398 1652 450 inpediebat,

170 467 251 500 tum
263 461 451 510 maxime,
477 461 576 512 quod
601 460 784 500 abiuncto
796 459 976 502 Labieno
998 469 1115 515 atque
1136 462 1184 502 iis
1207 463 1441 517 legionibus,
1467 480 1562 518 quas
1580 480 1655 506 una

121 526 147 568 3
168 529 354 578 miserat,
386 528 643 568 uehementer
673 528 848 569 timebat.
912 528 1049 583 Itaque
1082 531 1286 571 admodum
1318 533 1468 585 magnis
1502 534 1650 574 diurnis
1683 542 1701 573 5

170 595 453 648 nocturnisque
474 595 683 636 itineribus
707 597 899 637 confectis
922 604 1060 638 contra
1082 599 1253 638 omnium
1278 599 1499 652 opinionem
1524 602 1571 641 ad
1584 600 1656 642 Li-

121 665 148 705 4
169 678 302 718 gerem
326 663 435 704 uenit
458 663 635 717 uadoque
656 678 727 718 per
748 665 898 718 equites
920 666 1083 707 inuento
1097 681 1167 721 pro
1181 667 1240 707 rei
1262 667 1502 707 necessitate
1518 683 1656 722 oppor-

167 739 279 781 tuno,
317 738 360 771 ut
380 730 545 772 brachia
566 733 680 773 modo
702 739 819 786 atque
842 734 996 774 humeri
1019 735 1065 774 ad
1087 735 1318 775 sustinenda
1341 748 1448 774 arma
1470 735 1584 776 liberi
1607 737 1653 777 ab

166 812 266 852 aqua
288 812 380 839 esse
401 806 578 853 possent,
604 801 793 855 disposito
816 802 1006 854 equitatu,
1032 802 1096 855 qui
1121 803 1197 842 uim
1213 802 1383 843 fluminis
1398 803 1651 858 refringeret,

168 873 284 919 atque
316 867 491 907 hostibus
522 868 647 921 primo
687 877 848 923 aspectu
887 871 1126 924 perturbatis
1158 871 1392 911 incolumem
1437 872 1656 912 exercitum
1691 880 1732 913 10

121 932 144 974 5
167 933 345 974 traduxit
368 935 683 990 frumentumque
710 938 752 977 in
783 939 889 991 agris
923 945 961 978 et
994 939 1148 992 pecoris
1172 940 1320 993 copiam
1346 946 1483 979 nactus
1506 940 1656 994 repleto

167 1002 227 1043 his
249 1002 368 1043 rebus
391 1004 574 1044 exercitu
596 1005 672 1045 iter
693 1005 732 1045 in
757 1003 938 1047 Senones
962 1008 1092 1047 facere
1114 1007 1299 1048 instituit.

91 1068 149 1113 5¹7
285 1069 390 1111 Dum
412 1071 508 1113 haec
531 1074 632 1126 apud
646 1070 860 1114 Caesarem
883 1081 1090 1129 geruntur,
1115 1074 1318 1116 Labienus
1342 1089 1388 1115 eo
1411 1075 1657 1128 supplemen-

167 1144 207 1178 to
223 1168 234 1188 ,
268 1139 368 1191 quod
391 1154 516 1194 nuper
537 1155 590 1181 ex
610 1139 726 1181 Italia
749 1150 939 1192 uenerat,
978 1143 1116 1182 relicto
1138 1143 1303 1196 Agedici
1318 1174 1327 1191 ,
1353 1151 1396 1183 ut
1417 1151 1525 1183 esset
1548 1143 1657 1196 inpe—

167 1206 350 1248 dimentis
374 1208 586 1262 praesidio,
612 1224 700 1249 cum
719 1216 906 1262 quattuor
926 1211 1146 1263 legionibus
1160 1209 1361 1251 Lutetiam
1376 1211 1654 1264 proficiscitur.
1691 1218 1730 1251 15

166 1272 210 1315 Id
241 1282 302 1316 est
333 1276 516 1329 oppidum
538 1274 809 1324 Parisiorum,
845 1279 944 1331 quod
978 1279 1147 1332 positum
1181 1285 1242 1319 est
1272 1278 1462 1318 ininsula
1485 1279 1656 1319 [luminis

116 1340 144 1381 2
167 1339 394 1396 Sequanae.
429 1340 553 1383 Cuius
577 1344 748 1385 aduentu
770 1345 817 1385 ab
842 1345 1018 1386 hostibus
1042 1347 1198 1400 cognito
1221 1360 1387 1400 magnae
1409 1360 1462 1386 ex
1483 1347 1656 1387 finitimis

118 1407 143 1448 3
167 1409 393 1452 ciuitatibus
415 1412 552 1466 copiae
575 1421 864 1454 conuenerunt.
921 1412 1082 1455 Summa
1104 1415 1256 1469 imperii
1281 1415 1451 1455 traditur
1474 1412 1658 1455 Camulo-

164 1491 266 1531 geno
288 1478 465 1520 Aulerco
480 1511 490 1530 ,
531 1481 596 1534 qui
619 1495 740 1535 prope
763 1483 967 1523 confectus
990 1489 1122 1523 aetate
1148 1490 1277 1522 tamen
1300 1490 1461 1537 propter
1482 1483 1656 1537 singula-

117 1544 145 1585 4
165 1560 249 1587 rem
271 1547 477 1588 scientiam
500 1549 559 1589 rei
581 1549 765 1590 militaris
788 1550 834 1590 ad
858 1564 944 1591 eum
969 1558 1029 1591 est
1051 1551 1237 1591 honorem
1262 1558 1463 1591 euocatus.
1507 1549 1547 1591 Is
1570 1565 1656 1592 cum
1688 1558 1730 1591 '20

164 1614 514 1657 animaduertisset
533 1624 759 1671 perpetuam
783 1632 871 1660 esse
893 1619 1089 1673 paludem,
1115 1633 1214 1672 quae
1236 1619 1420 1660 influeret
1440 1619 1480 1658 in
1505 1616 1654 1674 Sequa-

165 1696 255 1723 nam
277 1690 394 1737 atque
415 1684 520 1726 illum
544 1699 698 1727 omnem
720 1686 849 1727 locum
872 1701 1112 1741 magnopere
1133 1687 1354 1741 inpediret,
1391 1687 1452 1727 hic
1476 1687 1656 1728 consedit

87 1748 146 1795 58
165 1758 401 1805 nostrosque
433 1754 602 1794 transitu
633 1754 842 1808 prohibere
872 1755 1058 1797 instituit.
1121 1754 1324 1796 Labienus
1356 1755 1482 1809 primo
1516 1756 1653 1796 uineas

164 1832 304 1872 agere,
341 1821 515 1862 cratibus
548 1829 664 1875 atque
694 1837 840 1876 aggere
873 1824 1049 1876 paludem
1074 1825 1239 1878 explere
1261 1831 1379 1877 atque
1400 1824 1477 1863 iter
1497 1823 1651 1863 munire

114 1885 142 1927 2
164 1887 395 1928 conabatur.
438 1887 654 1943 Postquam
678 1890 715 1931 id
737 1891 929 1932 difficilius
953 1891 1114 1933 confieri
1137 1892 1433 1941 animaduertit,
1458 1891 1615 1932 silentio
1633 1905 1654 1932 e
1685 1899 1726 1931 25

163 1955 305 1995 castris
329 1957 447 1998 tertia
461 1957 596 2012 uigilia
619 1972 807 2012 egressus
831 1960 982 2010 eodem,
1009 1974 1085 2014 quo
1109 1968 1289 2010 uenerat,
1314 1960 1458 2000 itinere
1471 1958 1651 2000 Melodu-

306 2077 321 2110 1
342 2082 380 2109 ut
399 2089 494 2111 nemo
514 2090 577 2111 non
599 2085 667 2112 turn
687 2081 821 2123 quidem
843 2083 1077 2122 Cz‘aeconz‘us;
1104 2087 1139 2113 ut
1159 2093 1198 2114 ne
1217 2087 1309 2114 metu
1329 2082 1463 2124 quidem
1481 2082 1552 2113 AB
1567 2083 1649 2122 CD,

162 2131 198 2158 ut
216 2137 312 2159 nemo
333 2134 411 2161 tunc
431 2131 568 2172 quidem
587 2142 603 2162 e
618 2132 733 2164 Ooeon.
756 2133 831 2165 cod.
847 2132 944 2174 Vrs.,
965 2134 998 2165 id
1017 2143 1057 2165 ne
1075 2139 1165 2165 metu
1180 2134 1313 2176 quidem
1329 2132 1505 2174 ‘1·el2‘quz''.

160 2179 182 2212 2
202 2177 398 2212 faciundum
417 2182 490 2213 AB
504 2183 585 2222 CD,
607 2193 677 2215 non
697 2183 903 2216 faciendum.
1045 2185 1064 2217 3
1084 2184 1264 2217 Ceuennae
1282 2186 1312 2217 B
1327 2186 1409 2217 CD.
1429 2185 1467 2216 P.
1494 2184 1533 2216 17
1552 2188 1648 2216 est-tr.

305 2230 502 2273 inpediebat
519 2233 561 2264 B.
764 2236 783 2268 4
803 2235 962 2267 abiuncto
983 2236 1085 2276 bed,
1108 2237 1268 2268 adiuncto
1287 2236 1344 2268 Be
1364 2236 1467 2267 ‘mss.
1486 2238 1557 2267 mei
1574 2235 1646 2268 10³.

305 2288 406 2326 atque
427 2284 478 2316 his
497 2296 565 2317 sec.
587 2296 633 2317 m.
654 2286 697 2318 B.
885 2289 903 2320 5
924 2288 1055 2320 diurnis
1077 2289 1319 2330 nocturnisque
1337 2288 1368 2319 B
1384 2287 1494 2327 CDe,
1516 2287 1647 2318 diurnis

162 2337 263 2376 atque
280 2336 456 2367 nocturnis
476 2346 510 2368 u.
665 2336 684 2367 6
703 2336 862 2378 Ligerem
882 2338 914 2370 A
932 2341 966 2370 et
983 2349 1029 2371 m.
1048 2349 1105 2380 pr.
1125 2339 1167 2379 B,
1189 2338 1337 2379 Ligerim
1356 2349 1378 2369 u
1397 2340 1434 2368 et
1448 2347 1515 2368 sec.
1536 2347 1583 2367 m.
1604 2337 1646 2368 B.

304 2385 322 2417 7
343 2386 439 2417 uenit
456 2386 514 2417 Be
536 2387 630 2418 ‘ms-5·-
654 2387 759 2429 longe
772 2388 958 2430 plurimi',
980 2389 1136 2431 peruenit
1154 2400 1188 2420 11.
1332 2399 1367 2419 re
1388 2398 1415 2418 c.
1558 2388 1577 2420 8
1593 2398 1648 2419 su-

161 2438 347 2469 stentanda
365 2439 395 2470 b.
538 2439 556 2470 9
577 2439 806 2481 restringeret
825 2441 855 2473 b.
1003 2441 1040 2473 10
1060 2446 1200 2484 aspectu
1217 2441 1260 2472 B.
1404 2439 1441 2471 12
1461 2439 1512 2470 his
1526 2438 1645 2470 Bedd.

154 2490 310 2529 priores,
333 2489 375 2519 iis
392 2489 432 2520 P.
452 2489 641 2522 Manutius
661 2502 694 2523 ιι.
859 2492 891 2523 in
910 2502 978 2523 sec.
1000 2502 1046 2523 m.
1066 2502 1173 2533 super
1191 2500 1283 2522 vers.
1300 2490 1342 2530 B,
1365 2490 1455 2521 inter
1472 2500 1501 2521 e.

160 2539 315 2571 Senones
334 2540 364 2571 B
383 2544 420 2572 et
435 2542 586 2583 reliqui,
609 2543 760 2575 Senonas
782 2544 869 2575 boe.
1049 2544 1089 2576 14
1107 2543 1272 2584 Agedinci
1291 2543 1321 2574 B
1341 2542 1539 2584 ‘plerique',
1562 2543 1648 2583 Age-

158 2591 293 2623 dincum
311 2591 366 2631 D‚·
385 2592 552 2633 Agendici
572 2605 606 2625 u.
750 2600 784 2627 ut
803 2595 910 2638 esset]
932 2596 963 2626 in
983 2596 1124 2627 ciuitate
1145 2596 1203 2627 sed
1223 2596 1267 2627 D.
1434 2595 1646 2637 inpedimen-

159 2644 203 2675 tis
221 2643 264 2675 B.
409 2644 446 2675 15
467 2655 499 2675 iv
517 2645 589 2685 (B).
738 2646 774 2678 lfi
794 2645 843 2688 id]
865 2647 949 2688 quod
971 2647 1027 2686 bc,
1051 2656 1119 2678 non
1138 2657 1167 2677 e.
1326 2646 1412 2688 quod
1431 2647 1576 2688 positum
1596 2651 1648 2678 est

159 2696 189 2727 B
207 2699 242 2728 et
258 2696 398 2738 reliqui,
420 2697 567 2739 positum
588 2697 605 2728 b
619 2696 713 2728 cde.
864 2699 904 2731 17
924 2698 1072 2740 Sequani
1091 2698 1135 2730 D.
1300 2697 1439 2729 fintimis
1458 2698 1500 2729 B.

160 2747 200 2780 19
220 2746 398 2780 confectus
417 2752 492 2780 erat
509 2752 623 2779 aetate
645 2748 676 2779 b.
918 2749 959 2784 21
981 2749 1128 2782 animum
1147 2749 1360 2780 aduertisset
1377 2759 1394 2779 e
1413 2749 1504 2781 And.
1528 2748 1642 2780 Ooeon.

303 2800 347 2833 ‚22
364 2809 483 2839 magno
502 2799 684 2843 impediret
701 2810 803 2841 opere
823 2810 840 2831 e
859 2800 940 2842 (inp.
962 2800 1021 2840 B).
1161 2802 1204 2832 25
1224 2800 1431 2832 cumfieriB.
1574 2800 1646 2831 ani-

159 2860 247 2883 mum
266 2850 417 2884 aduertit
435 2862 462 2883 e.
605 2851 649 2884 26
668 2850 901 2886 Mellodunum
919 2853 978 2886 Be
996 2856 1031 2885 et
1045 2863 1114 2885 sec.
1137 2863 1182 2885 m.
1207 2853 1246 2893 C,
1268 2851 1499 2885 Melleduuum
1518 2864 1563 2885 m.
1580 2862 1639 2895 pr.
