1835 3240
690 194 1085 227 -zu—

151 301 392 354 antiquiores
413 306 669 348 constanter,
703 298 802 350 quod
824 298 944 339 sciam
961 329 971 348 ,
1005 300 1193 342 dixerunt
1220 305 1364 358 ‘coepit
1384 304 1506 355 fieri',
1541 319 1628 345 Cum

151 369 224 408 hoc
246 369 366 409 uerbo
388 382 464 407 non
486 375 528 407 ut
553 367 727 420 passiu0,
765 366 833 405 sed
856 372 898 405 ut
919 366 1125 418 deponenti
1149 376 1377 411 uterentur:
1412 373 1473 412 hic
1497 374 1630 412 eadem

151 437 369 476 constantia
401 435 559 488 ponitur
587 439 779 486 ‘coeptum
803 442 863 473 est
885 433 982 472 fieri'
1013 433 1101 483 (69,
1126 434 1166 474 3.
1199 436 1269 485 78,
1294 437 1361 489 4),
1394 441 1491 491 quod
1515 439 1631 479 Liuio

150 504 341 543 familiare
376 508 434 541 est
466 497 645 552 (XXIV,
679 498 748 539 47.
780 498 849 540 49.
883 498 1026 551 XXV,
1053 502 1120 541 34.
1153 501 1335 552 XXVII,
1360 505 1428 544 42.
1461 504 1628 555 XXXI,

147 570 218 611 23.
251 566 476 616 XXXVII,
505 565 590 618 18).
633 564 681 606 C.
709 565 777 616 10,
802 566 827 607 3
849 569 1036 623 scriptum
1059 576 1140 608 est:
1176 571 1361 609 ‘animum
1385 573 1488 612 enim
1510 574 1631 614 altum

148 646 185 678 et
208 645 377 678 erectum
407 647 499 688 prae
522 648 564 673 se
586 633 771 688 gerebat:
807 634 894 675 huic
927 637 1228 689 acquiescebant
1250 637 1467 687 liomines'‘,
1501 654 1632 692 quem-

148 705 352 745 admodum
377 701 567 742 Senecam
591 714 652 754 ep.
677 699 751 751 III,
787 701 811 741 3
851 701 925 755 24)
948 703 1002 742 in.
1028 711 1067 743 et
1088 702 1321 744 Suetonium
1343 704 1426 745 Vit.
1457 705 1505 744 14
1527 706 1632 746 loeu-

147 779 209 812 tos
241 785 328 812 esse
358 769 528 810 Forcell.
563 770 787 809 annotauit:
830 784 916 809 nam
951 771 1049 824 apud
1088 772 1204 811 eund.
1239 771 1332 811 Tib.
1358 772 1407 812 31
1445 777 1631 828 ‘negante

147 853 193 879 eo
225 838 441 879 destinatos
474 836 728 889 magistratus
760 837 900 878 abesse
933 846 1143 892 oportere,
1177 845 1218 878 ut
1238 847 1468 892 praesentes
1492 841 1630 882 honori

145 904 449 959 acquiescerent'
488 904 716 944 necessario
746 903 922 945 VVolfius
954 904 1116 946 Boherii
1155 907 1421 947 coniecturam
1453 908 1633 962 probauit

147 971 452 1014 ‘assuescerent'
477 972 734 1012 emendantis.
769 969 846 1012 Sed
860 974 958 1026 quod
975 974 1011 1013 Ιι.
1028 974 1053 1013 1.
1070 972 1180 1022 75,2
1201 973 1630 1028 legitur‘supersedcre

145 1055 298 1095 pugnae
329 1038 646 1088 animaduertit',
687 1039 845 1087 dubito,
889 1055 940 1080 an
974 1048 1080 1081 recte
1114 1040 1280 1081 Dauisio
1316 1043 1474 1095 ‘pugna'
1506 1044 1630 1083 corri-

145 1109 309 1162 gendum
343 1107 470 1147 uisum
502 1106 568 1146 sit.
612 1105 822 1147 Partieulis
849 1108 976 1160 ‘que',
1014 1108 1081 1148 ‘et'
1107 1109 1180 1148 sibi
1202 1110 1530 1161 respondentibus
1554 1112 1630 1151 duo

143 1176 332 1216 uocabula
366 1188 626 1228 componere,
663 1182 704 1214 ut
737 1174 775 1215 b.
807 1176 834 1215 l.
859 1175 928 1224 72,
963 1175 987 1215 4
1020 1176 1284 1230 ‘speciemque
1312 1183 1350 1215 et
1374 1176 1567 1217 uirtutem'
1592 1186 1631 1218 et

143 1243 211 1293 93,
237 1243 262 1283 3
296 1249 432 1296 ‘seque
455 1249 494 1282 et
515 1256 587 1282 sua
610 1241 740 1282 onmia
764 1249 803 1282 et
823 1243 1016 1296 oppidum’
1038 1244 1204 1297 legimus
1220 1275 1230 1293 ,
1265 1257 1343 1282 nou
1369 1251 1429 1284 est
1459 1258 1511 1284 ex
1533 1260 1629 1285 cou-

144 1311 349 1352 suetudine
383 1307 617 1355 Ciceronis,
652 1307 867 1360 Caesaris,
902 1309 1048 1359 Hirtii,
1091 1311 1158 1350 sed
1193 1310 1322 1351 Plauti
1358 1309 1535 1364 (Captiu.
1571 1312 1625 1363 II,

140 1378 191 1426 2,
224 1377 322 1432 63),
357 1377 541 1418 Terentii
563 1376 688 1428 (Eun.
716 1374 767 1426 V,
792 1377 840 1424 2,
865 1376 934 1417 37.
976 1377 1103 1417 Andr.
1130 1377 1203 1426 IV,
1231 1377 1270 1426 l,
1295 1377 1363 1417 53.
1399 1378 1565 1433 Adelph.
1593 1379 1625 1428 I,

142 1445 182 1496 1,
208 1445 304 1498 39),
340 1443 517 1485 Sallustii
540 1442 646 1497 (lug.
670 1442 741 1484 26.
766 1443 835 1483 55.
860 1443 928 1485 76.
954 1444 1023 1486 89.
1048 1444 1136 1498 91),
1171 1444 1278 1486 Liuii
1302 1444 1527 1496 (XXXIII,
1558 1446 1624 1487 19.

139 1511 328 1564 XXXV,
361 1513 430 1554 41.
464 1510 670 1560 XXXVI,
704 1511 789 1564 19).
842 1511 947 1553 Nam
985 1514 1083 1565 quod
1116 1528 1178 1568 ap.
1214 1511 1333 1553 Caes.
1368 1513 1405 1553 b.
1439 1514 1515 1554 ciu.
1549 1513 1633 1565 III,

143 1579 223 1621 109
254 1589 358 1621 extr.
392 1581 465 1620 duo
498 1580 701 1620 enuntiata
728 1579 784 1619 ita
815 1587 1123 1632 componuntur:
1170 1586 1442 1634 ‘magnamque
1475 1582 1623 1634 regium

140 1662 284 1688 nomen
326 1649 424 1702 apud
463 1661 555 1687 suos
591 1647 861 1686 auctoritatem
901 1647 1045 1687 babere
1075 1648 1310 1688 existimans
1343 1656 1380 1688 et
1414 1656 1455 1687 ut
1484 1648 1623 1702 potius'

141 1722 236 1755 cett.
272 1729 294 1754 a
326 1714 606 1754 consuetudine
640 1714 809 1753 omnium
844 1713 1053 1761 abhorret,
1089 1722 1273 1767 recteque
1300 1715 1552 1756 vascosanus
1586 1724 1626 1756 et.

141 1783 206 1823 alii
237 1784 406 1837 priorem
440 1783 615 1836 copulam
649 1781 890 1821 deleuerant.
949 1779 1195 1835 participium
1229 1784 1349 1823 l'uturi
1379 1784 1416 1823 iu
1450 1784 1525 1824 fine
1558 1785 1623 1824 de-

140 1851 332 1904 signando
363 1851 528 1905 positum
562 1856 621 1889 est
643 1849 703 1889 hic
726 1847 795 1897 25,
820 1849 846 1888 4
881 1848 984 1888 ‘dum
1006 1850 1103 1888 alios
1126 1850 1328 1890 adiuturus
1350 1851 1622 1904 profit-iseitur'

141 1925 181 1959 et
201 1917 271 1969 65,
307 1919 331 1959 3
362 1917 634 1957 ‘insidiaturus
663 1916 758 1956 loeis
791 1916 909 1955 certis
941 1915 1154 1967 consedit',
1188 1918 1289 1970 quod
1321 1932 1396 1958 non
1429 1925 1521 1959 ante
1551 1918 1623 1959 Li-

138 1986 245 2026 uium
275 1986 358 2025 fieri
382 1998 595 2025 consuesse
618 1984 858 2037 grammatici
882 1984 1035 2024 docent.
1080 1982 1327 2037 Frequenter
1347 1985 1384 2024 in
1409 1986 1621 2027 enuntiatis

138 2053 311 2093 relatiuis
343 2053 762 2106 plusquamperfectum
796 2051 961 2105 positum
985 2059 1068 2101 est,
1105 2052 1168 2091 ubi
1199 2053 1466 2106 imperfectum
1491 2054 1621 2106 requi-

136 2120 320 2170 rebatur,
353 2127 396 2160 ut
425 2120 494 2169 23,
526 2120 560 2159 l.
604 2119 673 2169 31,
702 2119 738 2158 l.
782 2118 849 2168 34,
875 2119 917 2159 4.
961 2119 1028 2158 43.
1071 2119 1141 2169 44,
1170 2119 1206 2159 1.
1251 2119 1320 2169 75,
1346 2120 1386 2159 3.
1429 2120 1499 2169 89,
1528 2121 1544 2160 1
1581 2128 1619 2161 et

138 2188 290 2228 adiecta
312 2187 498 2241 temporis
521 2187 804 2240 significatione
817 2186 884 2236 76,
910 2189 937 2227 2
962 2187 1022 2226 ‘ad
1043 2187 1222 2240 oppidum
1246 2187 1456 2227 Tliisdram
1480 2201 1620 2241 perue-

137 2255 222 2305 nit,
254 2255 293 2294 in
326 2269 399 2308 quo
430 2252 641 2295 Considius
672 2269 742 2309 per
772 2255 807 2295 id
841 2263 990 2308 tempus
1014 2254 1178 2303 fuerat',
1213 2253 1283 2304 88,
1308 2253 1332 2293 3
1366 2255 1514 2294 ‘liberis
1537 2256 1619 2295 suis

135 2321 188 2363 L.
224 2320 415 2372 Caesari,
462 2321 524 2374 qui
564 2329 642 2362 tum
687 2323 721 2363 ei
764 2337 832 2376 pro
875 2329 1082 2375 quaestore
1124 2324 1272 2371 fuerat,
1308 2323 1616 2372 commendatis',

137 2387 206 2439 89,
231 2390 257 2429 2
289 2387 359 2440 ‘Q.
383 2388 571 2442 Ligario,
607 2387 655 2429 C.
682 2387 870 2429 Considio
895 2390 987 2438 lilio,
1023 2389 1083 2441 qui
1104 2396 1182 2428 tum
1205 2389 1259 2429 ibi
1286 2391 1465 2439 fuerant,
1500 2390 1616 2429 uitam

137 2456 363 2496 concessit'.
417 2456 504 2496 Hoc
546 2457 592 2496 ab
633 2457 681 2497 iis
711 2458 994 2511 scriptoribus,
1036 2457 1099 2509 qui
1132 2464 1316 2496 accurate
1349 2464 1387 2497 et
1418 2458 1619 2509 eleganter

136 2524 403 2578 scripserunt,
438 2538 597 2577 perraro
629 2526 769 2564 factum
803 2532 876 2565 est.
922 2522 1107 2565 Caesaris
1140 2532 1179 2564 et
1199 2524 1320 2565 Hirtii
1350 2525 1529 2577 exempla
1551 2539 1618 2577 po-

137 2591 217 2631 suit
239 2588 502 2631 Scbneiderus
526 2606 562 2645 p.
590 2590 684 2639 135,
712 2605 763 2631 ex
786 2592 922 2643 quibus
947 2599 1074 2632 tamen
1100 2592 1194 2631 baec
1216 2599 1365 2631 tantum
1388 2599 1475 2644 apta
1498 2599 1613 2631 sunt:

134 2658 176 2697 b.
209 2655 313 2697 Gall.
357 2655 411 2708 Π,
454 2657 495 2707 6,
538 2658 564 2698 4
606 2658 749 2698 ‘Iccius
783 2657 958 2708 Remus,
1001 2660 1061 2711 qui
1094 2667 1172 2699 tum
1206 2660 1342 2712 oppido
1374 2661 1612 2711 praefuerat,

135 2725 311 2764 nuntium
342 2726 389 2765 ad
413 2722 625 2766 Caesarem
648 2726 800 2774 mittit',
832 2725 949 2775 Vlll,
982 2725 1024 2775 2,
1053 2727 1071 2765 1
1109 2727 1299 2779 ‘adiungit
1330 2727 1521 2779 legionem
1543 2742 1614 2767 un-

135 2792 350 2841 decimam,
383 2806 481 2845 quae
512 2792 691 2846 proxima
723 2793 886 2841 fuerat',
922 2793 990 2842 54,
1025 2792 1050 2832 3
1083 2794 1270 2847 ‘quintam
1305 2794 1505 2834 decimam'
1539 2795 1613 2846 (le-

133 2860 288 2913 gionem
319 2860 457 2913 dicit),
494 2865 622 2913 ‘quam
653 2861 691 2901 in
727 2859 855 2901 Gallia
887 2861 1069 2902 citeriore
1103 2861 1314 2911 habuerat,
1350 2876 1402 2902 ex
1432 2869 1612 2903 senatus-
