1835 3240
84 169 169 211 454
610 173 684 215 DE
716 151 907 215 cmo
939 169 1192 214 GAmeo

85 277 142 327 ’79
277 282 434 326 Interea
469 282 671 327 Commius
702 287 919 340 reliquique
950 285 1095 334 duceS,
1137 284 1277 338 quibus
1310 299 1460 328 summa
1492 287 1646 342 imperii

161 352 352 405 permissa
373 359 481 403 erat,
507 368 591 393 cum
615 354 794 394 omnibus
817 354 940 408 copiis
962 353 1008 393 ad
1029 351 1207 393 Alesiam
1230 354 1466 406 perueniunt
1488 363 1527 395 et
1547 356 1646 397 colle

162 420 363 462 exteriore
386 427 574 474 occupato
607 435 686 460 non
717 421 871 476 longius
893 422 999 462 mille
1021 420 1200 475 passibus
1221 420 1268 459 ab
1291 422 1437 461 nostris
1460 422 1645 463 munitio·

113 485 274 528 211ihus
297 489 520 528 considunt.
563 487 734 529 Postero
765 489 826 530 die
859 489 1031 543 equitatu
1064 502 1116 529 ex
1148 487 1291 528 castris
1321 488 1460 529 educto
1492 504 1646 531 omnem

160 567 245 594 eam
268 555 497 608 planiciem,
531 569 646 608 quam
675 556 715 596 in
746 556 1029 610 longitudinem
1061 556 1137 596 tria
1164 555 1270 595 milia
1301 569 1485 608 passuum
1507 564 1641 610 patere

161 622 516 663 demonstrauimus
532 653 542 672 ,
568 624 763 677 complent
785 626 1065 678 pedestresque
1087 623 1219 677 copias
1243 623 1396 677 paulum
1421 623 1467 663 ab
1490 637 1535 663 eo
1557 625 1644 665 loco

114 687 139 728 3
161 689 313 729 abditas
344 690 383 729 in
415 689 513 730 locis
544 692 813 745 superioribus
846 693 1107 733 constituunt.
1152 689 1253 731 Erat
1275 704 1327 731 ex
1349 691 1486 745 oppido
1510 690 1646 732 Alesia

161 757 367 810 despectus
389 757 429 797 in
451 772 643 812 eampum.
688 757 943 801 Concurrunt
965 761 1024 801 his
1047 760 1206 801 auxiliis
1228 759 1350 809 uisis,
1376 759 1418 799 fit
1434 759 1645 813 gratulatio

113 823 138 862 4
160 824 264 864 inter
295 838 389 872 θος,
424 832 539 879 atque
571 827 743 867 omnium
778 828 896 869 animi
920 830 967 869 ad
990 828 1179 869 laetitiam
1203 827 1446 867 excitantur.
1509 824 1645 880 Itaque

161 892 360 945 productis
383 894 505 947 copiis
528 902 618 936 ante
641 895 820 949 oppidum
843 897 1052 937 considunt
1073 903 1114 936 et
1148 895 1367 949 proximam
1392 895 1536 934 fossam
1560 908 1648 934 cra-

161 958 266 999 tibus
297 959 478 1015 integunt
508 970 623 1016 atque
652 977 799 1017 aggere
831 965 993 1018 explent
1023 977 1142 1016 seque
1177 964 1224 1002 ad
1258 962 1498 1016 eruptionem
1532 969 1646 1015 atque

83 1026 143 1070 80
161 1041 296 1068 omnes
319 1043 436 1069 casus
460 1038 704 1084 comparant.
750 1030 901 1073 Caesar
931 1032 1036 1072 omni
1059 1031 1239 1072 exercitu
1262 1031 1309 1070 ad
1332 1037 1535 1082 utramque
1558 1043 1645 1083 par-

159 1102 235 1135 tem
259 1096 517 1138 munitionum
541 1099 743 1152 disposito,
770 1107 827 1150 ut,
852 1101 884 1140 si
908 1115 1001 1141 usus
1024 1100 1172 1149 ueniat,
1197 1112 1308 1139 suum
1331 1098 1495 1151 quisque
1517 1098 1645 1138 locum

161 1170 296 1204 teneat
317 1171 356 1204 et
378 1167 558 1216 nouerit,
583 1167 795 1219 equitatum
819 1182 871 1208 ex
893 1168 1033 1208 castris
1055 1167 1166 1208 educi
1188 1173 1227 1206 et
1248 1165 1436 1219 proelium
1458 1164 1646 1204 committi

112 1230 139 1270 2
159 1230 281 1272 iubet.
324 1231 425 1272 Erat
447 1247 496 1273 ex
521 1235 702 1274 omnibus
725 1236 882 1285 castris,
909 1250 1005 1288 quae
1028 1249 1220 1275 summum
1245 1233 1414 1285 undique
1436 1233 1568 1286 iugum
1591 1239 1647 1272 te·

158 1298 326 1348 nebant,
351 1299 556 1353 despectus
572 1332 581 1350 ,
608 1309 725 1355 atque
748 1318 883 1343 omnes
907 1304 1051 1343 milites
1074 1301 1213 1342 intenti
1236 1313 1389 1355 pugnae
1412 1305 1646 1352 prouentum

111 1363 136 1404 3
159 1366 438 1419 expectabant.
476 1367 578 1408 Galli
602 1370 706 1410 inter
728 1371 877 1424 equites
900 1385 1013 1411 raros
1036 1370 1265 1423 sagittarios
1289 1367 1570 1421 expeditosque
1593 1368 1647 1407 le-

159 1433 220 1474 uis
242 1442 467 1476 armaturae
488 1435 773 1479 interiecerant
788 1470 797 1488 ,
824 1439 888 1492 qui
910 1439 992 1479 suis
1015 1437 1243 1479 cedentibus
1266 1435 1416 1477 auxilio
1438 1448 1646 1476 succurre-

157 1509 248 1542 rent
269 1510 307 1543 et
327 1510 551 1544 nostrorum
575 1506 745 1558 equitum
767 1507 934 1560 impetus
956 1507 1214 1547 sustinerent.
1259 1503 1322 1544 Ab
1345 1503 1404 1543 his
1426 1504 1645 1558 complures

109 1568 135 1609 4
158 1569 204 1609 de
225 1569 430 1624 inprouiso
452 1573 649 1614 uulnerati
675 1574 822 1628 proelio
845 1574 1108 1615 excedebant.
1163 1571 1263 1613 Cum
1295 1585 1388 1612 suos
1420 1586 1550 1625 pugna
1581 1585 1646 1611 su-

158 1638 336 1691 periores
359 1653 448 1680 esse
471 1639 575 1681 Galli
607 1642 850 1682 confiderent
881 1648 919 1683 et
941 1649 1102 1683 nostros
1125 1641 1372 1682 multitudine
1393 1639 1514 1694 premi
1539 1639 1645 1679 uide-

157 1713 272 1756 rent,
308 1721 361 1747 ex
383 1707 560 1748 omnibus
584 1710 758 1762 partibus
782 1718 821 1751 et
841 1711 892 1761 ii,
927 1711 990 1764 qui
1014 1709 1297 1750 munitionibus
1321 1707 1640 1756 continebantur,

156 1780 196 1812 et
226 1773 290 1824 hi,
324 1775 388 1827 qui
410 1776 456 1815 ad
480 1776 669 1817 auxilium
693 1785 988 1828 conuenerant,
1025 1778 1199 1818 clamore
1231 1783 1270 1817 et
1301 1776 1452 1816 ululatu
1483 1788 1643 1814 suorum

110 1840 134 1880 5
157 1841 308 1882 animos
331 1844 630 1885 confirmabant.
675 1844 790 1899 Quod
822 1847 861 1887 in
894 1853 1107 1900 conspectu
1139 1845 1312 1885 omnium
1343 1857 1408 1884 res
1432 1842 1645 1897 gerebatur

157 1923 284 1963 neque
305 1917 413 1951 recte
437 1925 480 1951 ac
504 1913 669 1966 turpiter
691 1915 832 1954 factum
868 1915 986 1955 celari
1019 1919 1195 1968 poterat,
1231 1919 1417 1965 utrosque
1449 1917 1488 1950 et
1519 1909 1644 1949 laudis

109 1975 134 2015 6
157 1978 349 2030 cupiditas
373 1986 412 2019 et
435 1980 551 2020 timor
572 1982 813 2035 ignominiae
835 1983 880 2022 ad
907 1982 1090 2022 uirtutem
1116 1980 1359 2021 excitabant.
1398 1975 1496 2019 Cum
1520 1991 1542 2018 a
1564 1990 1644 2017 me-

156 2045 255 2085 ridie
277 2060 396 2101 prope
419 2048 465 2087 ad
489 2049 583 2089 solis
607 2064 786 2090 occasum
811 2050 926 2091 dubia
949 2049 1117 2090 uictoria
1149 2053 1392 2102 pugnaretur
1407 2076 1417 2096 ,
1453 2044 1642 2086 Germani

300 2162 311 2193 1
336 2161 524 2205 reliquique
546 2164 574 2194 B
594 2165 688 2195 (11133.
707 2162 886 2205 plurimi',
909 2169 944 2196 et
961 2164 1086 2206 reliqui
1106 2174 1167 2194 eu.
1388 2161 1407 2192 2
1427 2159 1576 2191 Elesiam
1596 2158 1638 2190 B.

296 2214 315 2245 3
334 2214 469 2255 longius
491 2216 508 2246 b
521 2215 544 2246 (l
561 2219 597 2247 et
612 2216 737 2248 addila
758 2227 855 2258 quam
875 2227 905 2257 c,
924 2217 1024 2257 longe
1043 2216 1074 2248 B
1093 2214 1268 2256 ‘reliquit
1444 2222 1464 2243 n
1482 2211 1638 2254 passibus

153 2274 230 2295 cum
250 2265 339 2296 solis
358 2265 451 2297 And.
475 2266 590 2298 ooeon.
611 2278 646 2301 u.
786 2270 803 2300 5
825 2268 999 2310 planitiem
1020 2267 1093 2308 (B).
1244 2276 1279 2297 ιν
1297 2264 1389 2297 milia
1408 2263 1492 2296 AD.

154 2315 172 2346 6
191 2315 291 2356 paulo
311 2316 353 2357 A,
376 2317 548 2358 paululum
571 2318 629 2350 bc.
772 2318 790 2351 7
808 2319 943 2351 abditas
963 2329 990 2359 e,
1013 2318 1148 2350 additas
1168 2318 1198 2350 B
1219 2318 1314 2349 ‘ms-s.
1337 2315 1380 2348 7⁷.
1521 2314 1541 2345 8
1559 2324 1638 2345 eon-

151 2372 292 2400 currunt
311 2368 340 2399 B
361 2368 537 2410 ‘1·elz'q11i',
560 2371 775 2402 concurritur
794 2371 883 2402 ede.
1024 2370 1043 2402 9
1063 2370 1235 2402 laeticiam
1256 2369 1297 2401 B.
1438 2365 1568 2409 itaque]
1589 2371 1640 2398 at-

153 2429 216 2460 que
236 2419 278 2451 A.
417 2421 458 2454 10
479 2422 677 2464 ‘proximam
698 2423 780 2454 1210’
810 2424 869 2463 (sm
890 2431 1085 2465 proxumam
1098 2421 1131 2463 ‘?)
1285 2418 1438 2460 gratibus
1457 2427 1504 2448 m.
1521 2427 1580 2459 pr.
1594 2418 1636 2449 B.

298 2468 337 2501 13
355 2471 555 2504 munitionis
577 2473 633 2504 be.
775 2477 812 2503 ut
832 2474 902 2504 suis
922 2473 1103 2504 subueniat
1122 2472 1150 2503 b.
1319 2470 1357 2502 16
1378 2479 1493 2500 omnes
1513 2468 1639 2500 milites

153 2520 275 2551 intenti
297 2520 324 2551 B
346 2521 540 2563 ‘plerz'que'‚
564 2523 707 2554 omnium
727 2523 870 2555 militum
889 2523 1013 2555 intenti
1032 2523 1134 2554 animi
1155 2522 1273 2553 bede.
1420 2520 1457 2551 17
1478 2524 1639 2561 expecta-

152 2573 234 2603 bant
252 2572 294 2603 B.
435 2574 476 2606 18
495 2574 694 2607 cadentibus
715 2576 773 2608 be.
931 2574 971 2607 19
991 2578 1167 2608 sustercnt
1185 2584 1230 2605 m.
1248 2584 1308 2615 pr.
1329 2573 1370 2604 B.
1528 2572 1570 2607 20
1589 2572 1638 2604 in-

152 2623 289 2666 prouiso
309 2623 349 2654 B.
521 2636 652 2667 pugnae
671 2636 691 2658 α
706 2627 752 2658 be
770 2626 844 2668 (hic
861 2626 1000 2669 pugne).
1188 2624 1230 2659 23
1249 2624 1281 2655 hi
1302 2625 1332 2655 B
1350 2623 1427 2656 edd.
1448 2626 1532 2655 ante
1549 2623 1634 2656 Ald.

150 2675 229 2713 (sed
246 2675 312 2706 fzae
330 2677 435 2706 etiam
450 2676 562 2717 paulo
581 2678 691 2717 ante),
713 2678 736 2709 ii
749 2677 864 2710 Aldus
877 2688 911 2708 u.
1055 2681 1289 2708 conuenerunt
1306 2677 1346 2708 B.
1490 2676 1531 2709 25
1551 2677 1636 2708 recti

152 2726 181 2757 B
198 2726 236 2766 C,
259 2726 324 2765 tegi
342 2726 387 2758 D.
573 2737 612 2759 ac
631 2728 732 2769 A(B)
749 2729 776 2761 C
790 2728 819 2759 D
835 2728 864 2768 b,
884 2732 943 2759 aut
961 2738 991 2759 e.
1187 2727 1313 2759 factum
1332 2738 1402 2759 om.
1422 2727 1452 2759 B
1473 2727 1568 2759 ‘ms-S.
1589 2725 1633 2765 9’,

151 2777 312 2819 quidquid
330 2777 375 2808 D.
563 2783 698 2821 poterat
715 2789 783 2811 om.
805 2779 834 2810 B
856 2780 949 2810 ‘mssu
971 2778 1013 2810 7’.
1207 2779 1249 2811 26
1269 2779 1308 2811 ad
1329 2779 1492 2810 uirtutem
1512 2788 1580 2810 om.
1603 2778 1634 2808 b.

172 2874 189 2905 d
210 2875 227 2905 b
294 2828 493 2861 excitabant
511 2829 572 2870 (B)
595 2831 689 2862 ‘ms-s.
707 2830 895 2872 pleriqne',
919 2830 1095 2861 excitabat
1114 2842 1140 2860 c.
1344 2831 1387 2864 27
1407 2840 1508 2872 prope
1529 2839 1636 2871 usque

150 2884 166 2904 a
233 2898 237 2903 .

1681 901 1722 934 10

1681 1239 1721 1272 15

1676 1577 1720 1612 20

1675 1915 1718 1950 25
