1835 3240
91 153 173 196 302
611 155 687 199 DE
718 155 909 199 BELLO
941 153 1192 198 GALLICO

166 265 269 305 tibus
292 280 441 307 summo
462 267 549 308 loco
570 276 686 310 natus
708 268 920 322 Tasgetius
936 298 946 317 ‚
980 267 1091 308 cuius
1123 268 1290 310 maiores
1319 269 1361 309 in
1389 282 1460 309 sua
1482 269 1642 311 ciuitate

117 332 142 373 2
165 347 328 388 regnum
342 334 606 376 obtinuerant.
632 335 734 375 Huic
749 335 900 376 Caesar
921 349 990 388 pro
1013 335 1095 375 eius
1117 335 1265 376 uirtute
1277 343 1391 389 atque
1412 337 1450 377 in
1465 350 1508 377 se
1524 337 1643 378 bene-

165 401 363 452 uolentia‚
398 404 500 455 quod
527 404 567 443 in
589 403 765 442 omnibus
787 401 900 441 bellis
923 402 1113 454 singulari
1135 403 1218 442 eius
1241 417 1357 456 opera
1379 405 1507 445 fuerat
1528 418 1638 453 usus,

120 467 145 508 3
166 469 356 509 maiorum
379 471 507 510 locum
529 470 774 510 restituerat.
825 468 1005 510 Tertium
1028 470 1102 508 iam
1127 469 1228 509 hunc
1250 484 1393 510 annum
1414 479 1644 525 regnantem

164 536 334 577 inimicis
357 537 487 576 multis
510 536 635 589 palam
658 550 709 576 ex
741 537 901 576 ciuitate
934 544 974 577 et
1003 537 1052 576 iis
1076 536 1299 577 auctoribus
1322 550 1410 577 eum
1431 538 1641 580 interfece-

118 602 145 643 4
165 611 274 644 runt.
317 602 507 643 Defertur
528 617 575 643 ea
595 617 659 643 res
682 604 729 643 ad
753 602 983 644 Caesarem.
1027 603 1098 645 Ille
1122 605 1295 654 ueritus,
1322 605 1422 657 quod
1444 606 1491 645 ad
1513 607 1643 658 plures

164 670 408 724 pertinebat,
441 684 490 710 ne
522 670 662 711 ciuitas
695 685 827 711 eorum
848 672 1005 725 inpulsu
1027 672 1235 721 deficeret,
1267 670 1434 711 Lucium
1456 670 1645 713 Plancum

166 752 252 778 cum
275 738 430 792 legione
453 751 506 777 ex
526 736 667 792 Belgio
689 739 874 779 celeriter
894 740 933 779 in
956 736 1153 780 Carnutes
1176 739 1370 793 proficisci
1391 739 1497 779 iubet
1516 740 1646 793 ibique

165 806 338 846 hiemare
361 819 602 860 quorumque
625 820 745 860 opera
767 814 1010 860 cognouerat
1030 806 1263 861 Tasgetium
1284 807 1551 857 interfectum,
1576 807 1646 848 hos

118 871 142 912 5
165 872 456 925 conprehensos
480 873 527 913 ad
549 887 591 913 se
614 873 786 914 mittere.
845 873 1006 914 Interim
1031 875 1077 914 ab
1101 874 1280 914 omnibus
1302 875 1442 929 legatis
1466 881 1648 928 quaesto-

163 953 300 992 reque,
326 940 465 992 quibus
488 941 663 995 legiones
676 942 902 992 tradiderat,
927 943 1074 982 certior
1087 944 1210 982 factus
1234 949 1294 982 est
1314 943 1354 981 in
1377 941 1538 982 hiberna
1559 956 1647 996 per-

88 1006 145 1050 26
168 1013 327 1046 uentum
359 1008 564 1062 locumque
594 1009 769 1050 hibernis
802 1023 890 1051 esse
924 1011 1130 1050 munitum.
1194 1008 1343 1050 Diebus
1375 1010 1534 1050 circiter
1564 1015 1643 1058 XV,

165 1073 304 1126 quibus
338 1074 378 1114 in
409 1075 571 1116 hiberna
593 1083 751 1117 uentum
776 1084 860 1125 est,
892 1078 1043 1118 initium
1076 1078 1274 1131 repentini
1306 1077 1492 1117 tumultus
1515 1091 1559 1117 ac
1583 1077 1648 1117 de-

117 1141 145 1183 2
165 1142 349 1182 fectionis
373 1150 499 1183 ortum
524 1151 586 1184 est
607 1144 653 1184 ab
675 1145 907 1198 Ambiorige
929 1153 968 1186 et
989 1142 1233 1196 Catuuolco3
1258 1145 1346 1198 qui,
1372 1159 1458 1184 cum
1480 1145 1525 1184 ad
1549 1146 1646 1184 fines

163 1210 277 1263 regni
298 1210 357 1250 sui
383 1208 530 1250 Sabino
555 1207 775 1264 Cottaeque
797 1222 957 1267 praesto
991 1214 1162 1253 fuissent
1195 1214 1509 1264 frumentumque
1530 1212 1570 1252 in
1592 1211 1648 1252 hi-

162 1276 286 1317 berna
317 1279 684 1331 conportauissent,
719 1277 977 1320 Indutiomari
999 1279 1169 1321 Treueri
1199 1280 1345 1320 nuntiis
1377 1279 1521 1331 inpulsi
1553 1292 1646 1318 suos

167 1344 468 1384 concitauerunt
489 1346 693 1399 subitoque
716 1348 918 1402 oppressis
940 1348 1200 1401 lignatoribus
1213 1360 1354 1400 magna
1374 1360 1493 1386 manu
1514 1345 1563 1386 ad
1585 1359 1648 1385 ca-

117 1409 143 1451 3
165 1418 248 1451 stra
270 1420 534 1466 oppugnatum
557 1421 767 1454 uenerunt.
833 1413 931 1455 Cum
955 1416 1143 1456 celeriter
1173 1415 1299 1454 nostri
1321 1428 1427 1454 arma
1450 1413 1651 1467 cepissent

166 1479 387 1532 uallumque
418 1481 716 1522 adscendissent
745 1489 863 1535 atque
893 1497 970 1522 una
1002 1497 1055 1523 ex
1086 1489 1198 1537 parte
1229 1481 1416 1536 Hispanis
1455 1480 1648 1535 equitibus

165 1546 320 1587 emissis
352 1549 526 1601 equestri
555 1550 703 1604 proelio
726 1550 951 1604 superiores
976 1551 1165 1599 fuissent,
1200 1551 1407 1604 desperata
1440 1563 1484 1589 re
1514 1549 1647 1589 hostes

118 1613 144 1654 4
165 1628 258 1655 suos
280 1615 327 1654 ab
351 1618 640 1670 oppugnatione
662 1619 924 1658 reduxerunt.
949 1618 1049 1659 Tum
1063 1633 1134 1659 suo
1150 1633 1258 1659 more
1281 1618 1645 1666 conclamaueruut,

164 1683 220 1722 uti
243 1683 360 1736 aliqui
383 1698 433 1724 ex
456 1685 604 1726 nostris
627 1686 674 1726 ad
699 1686 941 1738 conloquium
966 1687 1161 1740 prodiret:
1187 1687 1330 1726 habere
1353 1699 1457 1734 sese,
1483 1697 1581 1737 quae
1603 1684 1650 1724 de

166 1764 211 1790 re
232 1752 427 1792 communi
451 1752 583 1792 dicere
605 1754 767 1803 uellent,
792 1754 932 1806 quibus
946 1755 1063 1795 rebus
1076 1755 1368 1794 controuersias
1392 1752 1510 1793 minui
1534 1765 1650 1805 posse

90 1817 146 1861 27
167 1825 391 1872 sperarent.
434 1817 609 1860 Mittitur
638 1822 686 1861 ad
718 1835 786 1862 eos
818 1823 1081 1876 conloquendi
1110 1836 1226 1862 causa
1261 1819 1384 1862 Gaius
1415 1820 1648 1873 Arpineius,

169 1899 289 1939 eques
310 1885 538 1938 Romanus,
576 1888 782 1929 familiaris
806 1887 945 1941 Quinti
966 1890 1135 1941 Titurii,
1171 1898 1212 1931 et
1243 1887 1415 1941 Quintus
1436 1886 1574 1928 Iunius
1596 1900 1650 1926 ex

166 1976 258 2009 tibus
278 1977 296 2008 b
310 1988 339 2009 c.
477 1978 492 2010 1
515 1978 704 2020 Tasgecius
726 1981 820 2013 ‘mss.
839 1982 978 2014 mulli'.
1119 1982 1220 2013 huius
1238 1981 1385 2013 maiores
1404 1982 1434 2012 B
1454 1977 1649 2020 ‘plerique’-

308 2031 329 2064 2
347 2040 405 2072 pro
425 2040 486 2062 sua
504 2031 632 2063 uirtute
652 2033 682 2064 b.
822 2033 1058 2065 beniuolentia
1075 2033 1133 2065 Be
1155 2032 1263 2064 ‘mss-J
1381 2034 1398 2063 5
1418 2030 1565 2062 inimicis
1584 2030 1650 2060 iam

165 2079 280 2112 multis
307 2081 418 2122 palam
444 2082 516 2113 AB
531 2083 597 2114 CD
611 2093 649 2122 c‚·
679 2083 805 2115 inimici
824 2085 934 2126 palam
953 2084 1068 2116 multis
1088 2094 1116 2123 e,
1139 2086 1173 2115 et
1191 2082 1322 2114 inimici
1350 2084 1459 2113 eliam
1480 2081 1511 2112 b.
1532 2080 1572 2111 P.
1593 2079 1649 2111 80.

309 2136 342 2162 et
360 2131 402 2163 iis
421 2131 452 2164 B
470 2135 521 2172 et,
551 2133 592 2164 (le
609 2135 756 2175 ᾳιιίῠιιε,
788 2135 830 2166 iis
857 2146 903 2167 an
930 2135 980 2167 his
1009 2136 1186 2174 habeant,
1215 2144 1285 2165 non
1311 2135 1473 2172 constat,
1505 2129 1647 2168 ACD;

165 2188 235 2211 om.
258 2180 275 2211 b
289 2191 345 2212 ce.
488 2193 563 2214 eum
581 2185 654 2215 AB
668 2184 752 2225 CD,
775 2195 843 2217 om.
864 2196 884 2217 a
898 2186 983 2217 bee-
1126 2185 1143 2216 7
1163 2183 1299 2226 inpulsu
1316 2183 1359 2215 B.
1506 2180 1648 2212 Lucium

164 2231 215 2272 B,
236 2231 275 2263 L.
297 2242 331 2264 u.
474 2234 494 2266 8
513 2245 587 2266 cum
605 2236 769 2276 religione
788 2237 833 2270 A.
991 2237 1158 2269 Gai-notes
1180 2237 1197 2268 b
1211 2247 1240 2268 e.
1403 2234 1422 2266 9
1441 2237 1650 2274 cognouerat

165 2283 197 2315 B
218 2284 312 2318 ‘ms-s.
329 2284 494 2326 plerique
505 2285 524 2325 ³,
548 2288 748 2326 cognouerit
766 2298 829 2320 eu.
971 2288 1011 2320 10
1031 2288 1284 2330 conprehensos
1301 2286 1345 2318 Β.
1495 2282 1646 2325 mittere]

164 2335 285 2372 uenire
306 2336 336 2368 b.
477 2343 729 2380 quaestoreque
752 2339 984 2380 ciacconius,
1007 2340 1311 2382 quaestoribusque
1331 2336 1431 2369 codd.
1450 2335 1491 2367 P.
1509 2335 1565 2367 81.

167 2387 210 2425 14
228 2386 417 2419 Catnuulco
436 2388 466 2419 B
487 2389 582 2419 ‘mss-
599 2389 792 2431 plerz‘que',
815 2389 994 2422 Catiuolco
1014 2401 1050 2422 u.
1229 2390 1269 2422 16
1289 2387 1587 2430 conportauissent
1603 2387 1648 2418 Β.

309 2437 530 2470 Indutiomari
548 2439 629 2481 (B),
651 2440 878 2473 lnduciomari
897 2452 931 2473 ιι.
1090 2440 1235 2473 Treueri
1254 2440 1296 2472 B.
1459 2437 1585 2480 inpulsi
1602 2438 1646 2469 B.

311 2489 350 2521 17
370 2489 411 2520 ad
430 2494 545 2520 castra
564 2496 789 2532 oppugnatum
807 2492 838 2523 B
855 2496 892 2523 et
907 2491 1059 2533 reliqui,-
1080 2492 1121 2523 ad
1141 2496 1255 2523 castra
1273 2489 1494 2531 oppugnanda
1520 2499 1540 2520 α
1555 2489 1645 2529 boe,

167 2544 284 2572 eastra
303 2545 529 2581 oppugnatum
549 2551 584 2572 ll.
735 2542 777 2576 20
796 2543 910 2574 missis
932 2544 1019 2574 boe.
1184 2542 1299 2572 hostes
1319 2551 1399 2572 suos
1418 2541 1458 2572 ab
1478 2549 1649 2582 oppugna-

168 2592 261 2623 tione
278 2592 309 2622 B
328 2591 405 2622 edd.
427 2595 510 2623 ante
528 2603 569 2633 u,
591 2604 681 2634 quae
700 2596 810 2625 tacite
828 2594 944 2625 hostes
963 2594 1004 2625 ab
1023 2593 1273 2635 oppugnatione
1293 2602 1385 2624 suos.
1525 2592 1570 2625 22
1588 2591 1650 2623 ali-

171 2645 246 2687 quis
266 2654 286 2675 a
299 2644 315 2675 b
327 2669 337 2685 ,
359 2654 427 2675 non
446 2644 488 2675 B.
630 2646 846 2687 conloquium
864 2646 906 2677 B.
1048 2644 1242 2686 prodiretA
1254 2644 1284 2676 B
1298 2644 1366 2676 CD
1379 2654 1399 2675 a
1415 2643 1451 2683 b,
1474 2643 1650 2685 prodirent

170 2706 187 2727 e
200 2705 234 2727 u.
374 2694 416 2729 23
435 2705 532 2737 posse
551 2705 619 2726 om.
637 2696 668 2727 b.
786 2697 828 2730 24
847 2695 1073 2737 conloquendi
1092 2704 1195 2726 causa
1215 2704 1282 2726 om.
1303 2705 1318 2725 e
1337 2693 1579 2736 (conloquendi
1589 2692 1647 2734 B).

314 2743 419 2777 Gaius
444 2745 646 2788 Carpineius
664 2745 715 2785 B,
748 2745 805 2777 ‘C.
836 2745 894 2777 uel
912 2744 951 2777 G.
974 2744 1175 2787 Carpineius
1195 2745 1337 2785 ceteri'5
1360 2744 1464 2778 Gaius
1487 2744 1648 2787 Arpinius

173 2799 211 2839 b,
242 2798 278 2831 C.
307 2797 466 2839 Arpinius
485 2808 515 2829 e.
665 2797 707 2830 25
727 2797 873 2839 quinque
894 2797 919 2828 ti
938 2795 1077 2839 Titurii,
1099 2796 1214 2829 deleto
1234 2806 1310 2839 que,
1328 2797 1382 2837 B,-
1403 2795 1443 2838 Q.
1461 2794 1585 2828 Titurii
1603 2805 1638 2827 u.

315 2849 458 2891 Quintus
476 2850 524 2890 B,
548 2849 587 2891 Q.
607 2859 642 2881 u.

1680 882 1721 915 10

1682 1218 1721 1251 15

1681 1554 1723 1589 20

1678 1892 1720 1927 25
