1835 3240
104 927 144 958 10

106 1266 143 1298 15

102 1604 144 1638 20

108 2284 149 2316 30

586 195 770 241 COMM.
796 197 853 241 ΙΙΙ
876 196 1000 241 CAP.
1026 197 1145 240 81-
1161 198 1229 241 83.
1648 201 1732 244 607

175 320 276 353 rent.
310 308 380 352 Ille
403 311 582 352 idoneum
607 314 733 353 locum
758 315 796 354 in
820 314 926 367 agris
950 320 1114 353 nactus.
1135 343 1143 351 .
1163 343 1191 362 .,
1213 327 1310 365 quae
1335 326 1451 366 prope
1475 315 1549 355 iam
1574 331 1652 356 ma·
1676 316 1700 357 3

176 389 261 420 tura
285 387 412 428 erant,
432 380 485 419 ihi
510 381 719 421 aduentum
744 389 958 435 expectare
975 379 1136 434 Pompei
1158 394 1283 432 eoque
1306 394 1459 421 omnem
1482 382 1570 422 belli
1593 398 1655 423 ra-

176 447 320 487 tionem
344 448 524 487 conferre
547 449 766 489 constituit.

288 511 496 567 pompeins
529 516 662 568 paucis
696 522 782 569 post
814 515 951 556 diebus
973 517 1013 556 in
1035 515 1280 556 Thessaliam
1305 517 1484 570 peruenit.
1506 517 1656 557 contio·
1672 518 1732 563 82

181 589 373 634 natusque
396 583 495 635 apud
518 590 699 623 cunctum
723 583 941 623 exercitum
966 584 1047 623 suis
1070 584 1149 638 agit
1170 584 1343 637 gratias,
1369 582 1567 638 Scipionis
1589 586 1659 625 mi-

176 650 265 689 lites
289 651 538 699 cohortatur,
564 657 606 690 ut
626 657 737 704 parta
758 650 833 689 iam
857 650 1025 690 uictoria
1048 653 1216 704 praedae
1240 666 1284 692 ac
1308 652 1567 705 praemiorum
1591 667 1660 693 ue-

175 718 250 757 lint
272 732 359 758 esse
382 717 588 771 participes
607 748 616 763 ,
652 718 897 771 receptisque
921 718 1101 758 omnibus
1123 718 1162 758 in
1185 733 1262 758 una
1285 727 1414 759 castra
1437 719 1659 773 legionibus

177 799 289 825 sunm
315 799 398 824 cum
423 783 609 838 Scipione
631 786 819 825 honorem
844 787 1012 838 partitur
1033 786 1317 839 classicumque
1341 788 1438 840 apud
1463 802 1549 828 eum
1573 789 1658 828 cani

177 860 216 892 et
246 853 410 892 alterum
437 852 491 891 illi
514 852 620 892 iubet
642 852 881 906 praetorium
905 853 1027 893 tendi.
1073 853 1214 893 Auctis
1238 855 1360 907 copiis
1383 854 1542 909 Pompei
1566 856 1660 896 duo·
1680 855 1708 896 2

176 920 325 973 busque
348 920 500 973 magnis
523 921 767 960 exercitibus
791 921 1012 961 coniunctis
1029 921 1197 974 pristina
1216 923 1386 962 omnium
1407 924 1661 964 confirmatur

177 988 307 1041 opinio
323 1019 333 1037 ,
369 995 407 1027 et
428 1001 517 1040 spes
540 987 732 1027 uictoriae
755 995 947 1040 augetur,
980 988 1078 1028 adeo
1100 995 1167 1037 ut,
1194 990 1375 1042 quidquid
1395 991 1662 1032 intercederet

178 1055 379 1108 temporis,
395 1055 433 1094 id
456 1055 601 1094 morari
624 1055 789 1095 reditum
813 1056 853 1095 in
874 1053 1028 1095 Italiam
1053 1056 1269 1106 uideretur,
1286 1065 1324 1097 et
1346 1059 1378 1098 si
1401 1061 1553 1111 quando
1572 1061 1659 1113 qnid
1681 1060 1707 1100 3

176 1120 388 1176 Pompeius
421 1122 570 1162 tardius
601 1130 669 1162 aut
691 1123 978 1163 consideratius
1001 1124 1174 1173 faceret,
1209 1125 1324 1165 unius
1348 1139 1436 1166 esse
1459 1129 1660 1181 negotium

178 1190 277 1239 diei,
310 1190 379 1230 sed
411 1190 517 1230 illum
549 1190 733 1231 delectari
756 1191 919 1245 imperio
944 1199 983 1231 et
1005 1192 1233 1232 consulares
1256 1193 1555 1248 praetoriosque
1577 1209 1662 1236 ser-

178 1272 315 1298 uorum
345 1257 489 1298 habere
521 1272 683 1298 numero
716 1258 906 1298 dicerent.
952 1258 1113 1313 lamque
1141 1260 1247 1300 inter
1268 1275 1310 1301 se
1332 1262 1456 1315 palam
1480 1264 1526 1303 de
1550 1277 1663 1316 prae·
1684 1264 1710 1304 4

179 1326 265 1366 miis
295 1340 340 1365 ac
371 1326 605 1366 sacerdotiis
636 1327 925 1367 contendebant
946 1328 983 1367 in
1008 1342 1210 1381 annosque
1234 1330 1479 1370 consulatum
1504 1331 1662 1371 definie—

177 1393 286 1443 bant,
312 1393 375 1433 alii
400 1393 534 1433 domos
557 1393 735 1447 bonaque
758 1408 908 1442 eorum,
928 1396 991 1448 qui
1014 1396 1053 1435 in
1077 1396 1217 1436 castris
1241 1405 1355 1437 erant
1368 1395 1571 1448 Caesaris,
1596 1413 1662 1453 pe-

181 1462 338 1512 tebant3
372 1475 591 1515 magnaque
613 1462 718 1502 inter
740 1476 807 1502 eos
830 1463 869 1503 in
893 1464 1059 1503 consilio
1082 1464 1156 1504 suit
1178 1466 1452 1506 controuersia
1468 1497 1478 1515 ,
1504 1474 1660 1520 oporte·
1683 1467 1708 1508 5

177 1537 291 1569 retne
313 1528 445 1569 Lucili
468 1528 602 1579 Hirri,
638 1531 738 1583 quod
768 1531 802 1571 is
833 1545 855 1571 a
877 1529 1064 1585 Pompeio
1096 1533 1143 1572 ad
1164 1530 1335 1573 Parthos
1367 1534 1513 1575 missus
1537 1543 1659 1585 esset,

177 1598 367 1651 proximis
400 1597 569 1637 comitiis
602 1599 808 1651 praetoriis
839 1598 1012 1640 absentis
1043 1601 1233 1641 rationem
1267 1601 1426 1652 haberi,
1460 1616 1545 1642 cum
1578 1603 1662 1643 eius

178 1665 397 1705 necessarii
419 1666 531 1706 fidem
555 1666 812 1719 implorarent
831 1666 1012 1721 Pompei,
1027 1676 1258 1722 praestaret,
1275 1670 1375 1722 qnod
1399 1670 1660 1723 proficiscenti

177 1733 412 1787 recepisset,
438 1747 486 1772 ne
509 1747 578 1787 per
599 1735 682 1774 eius
706 1735 979 1775 auctoritatem
1003 1737 1186 1790 deeeptus
1209 1737 1424 1787 uideretur,
1448 1737 1603 1790 reliqui,
1622 1739 1663 1778 in

178 1800 311 1841 labore
344 1801 428 1854 pari
459 1816 504 1842 ac
536 1802 710 1855 periculo
742 1816 791 1842 ne
815 1817 915 1843 unus
938 1818 1074 1844 omnes
1097 1806 1377 1855 antecederet,
1412 1812 1660 1846 recusarent.

176 1867 259 1909 Iam
283 1870 328 1909 de
351 1870 574 1910 sacerdotio
598 1867 786 1911 Caesaris
811 1870 1008 1912 Domitius
1024 1904 1034 1922 ,
1065 1870 1198 1926 Scipio
1223 1870 1487 1926 Spintherque
1511 1871 1661 1914 Lentu·
1682 1874 1740 1919 83

178 1937 237 1977 lus
261 1937 468 1977 cotidianis
493 1939 811 1978 contentionibus
834 1940 879 1979 ad
903 1940 1160 1993 grauissimas
1181 1941 1387 1981 uerborum
1406 1942 1664 1982 contumelias

181 2005 307 2059 palam
340 2006 653 2055 descenderunt,
691 2020 776 2046 cum
799 2005 995 2048 Lentulus
1028 2009 1168 2049 aetatis
1203 2009 1391 2049 honorem
1424 2016 1662 2060 ostentaret,

180 2071 377 2114 Domitius
411 2073 598 2115 urbanam
631 2074 797 2128 gratiam
822 2075 1129 2129 dignitatemque
1151 2076 1345 2126 iactaret,
1371 2074 1505 2130 Scipio
1527 2077 1664 2117 adfini-

183 2147 260 2181 tate
282 2139 444 2195 Pompei
468 2143 696 2183 confideret.
740 2141 963 2183 Postulauit
985 2143 1100 2184 etiam
1123 2142 1175 2184 L.
1201 2145 1409 2185 Afranium
1433 2144 1666 2198 proditionis
1688 2146 1715 2187 2

182 2210 384 2250 exercitus
407 2210 575 2251 Acutius
595 2209 723 2251 Rufus
746 2212 846 2264 apud
861 2209 1104 2265 Pompeium,
1121 2213 1221 2266 qnod
1244 2219 1398 2267 gestum
1420 2211 1459 2252 in
1474 2211 1666 2266 Hispania

181 2277 344 2318 diceret.
390 2277 443 2318 Et
463 2277 514 2318 L.
540 2277 737 2319 Domitius
767 2279 809 2319 in
843 2280 1008 2320 consilio
1041 2280 1142 2320 dixit
1173 2281 1328 2335 plaeere
1351 2280 1423 2320 sibi
1446 2280 1548 2321 bello
1572 2295 1665 2320 eon·
1688 2280 1713 2322 3

184 2346 286 2385 fecto
309 2352 443 2387 ternas
466 2346 630 2388 tabellas
655 2347 737 2388 dari
760 2348 807 2388 ad
829 2349 1078 2389 iudicandum
1100 2349 1165 2399 iis,
1191 2349 1255 2402 qui
1279 2348 1427 2389 ordinis
1451 2354 1584 2390 essent
1606 2362 1669 2389 se-

328 2490 342 2521 1
367 2490 424 2522 ille
443 2501 463 2522 α
477 2491 494 2522 b
508 2501 524 2521 c
543 2492 561 2523 3
581 2491 683 2531 dett„
706 2492 763 2523 ille
784 2493 910 2533 segetis
930 2503 964 2524 u.
1141 2493 1303 2525 lacunam
1325 2503 1387 2534 ego
1407 2496 1556 2527 notaui.-
1576 2499 1667 2528 eccel-

187 2538 267 2569 (Iere
281 2543 406 2580 potuit
422 2542 518 2583 eopia
539 2541 798 2573 frumentorum.
984 2544 1003 2575 2
1023 2548 1121 2575 erant
1139 2554 1159 2574 a
1172 2545 1217 2575 be
1234 2546 1253 2577 4
1272 2544 1373 2584 dett„
1396 2550 1472 2577 erat
1490 2556 1525 2577 u.

188 2595 370 2630 expectare
388 2591 524 2634 Pompei
543 2603 576 2623 a.
720 2594 800 2624 belli
818 2594 984 2625 rationem
1005 2604 1038 2633 α,
1060 2595 1228 2626 rationem
1248 2596 1421 2627 belliedd.
1562 2599 1670 2630 413011-

188 2641 411 2683 cinnatusque
431 2644 495 2684 (a).
628 2644 630 2646 ’
658 2645 676 2676 9
696 2645 845 2688 (Pompei
864 2646 900 2685 α)
919 2657 987 2677 om.
1011 2647 1040 2676 ἱ).
1218 2648 1256 2679 15
1276 2648 1384 2689 palam
1405 2658 1472 2679 om.
1494 2649 1524 2679 b.

191 2692 229 2724 17
249 2694 410 2734 patebant
427 2705 460 2726 a.
640 2697 680 2729 19
701 2697 811 2729 Lucili
831 2708 906 2740 ego,
929 2698 1013 2729 Luci
1032 2708 1074 2737 (l,·
1096 2698 1131 2730 L.
1154 2709 1188 2730 11.
1209 2699 1249 2730 P.
1272 2700 1347 2731 1313.
1516 2699 1618 2730 Hirrii
1638 2711 1667 2733 r,

333 2745 448 2776 arthos
468 2756 531 2785 ae,
552 2746 668 2779 asthos
689 2749 719 2780 b.
883 2750 920 2783 21
946 2750 1119 2781 necessari
1140 2761 1172 2781 (ι.
1338 2750 1473 2792 Pompei
1492 2760 1525 2781 α.

189 2795 232 2827 23
253 2794 382 2836 labore]
404 2796 529 2826 honore
552 2797 581 2826 b.
723 2798 767 2830 24
784 2798 1012 2841 Spintherque
1029 2800 1156 2840 Aldus,
1180 2800 1526 2842 Spintliei·Q.abcd.

190 2846 229 2877 27
253 2846 428 2877 adfinitate
448 2846 582 2888 Pompei
603 2858 636 2878 a.
777 2852 820 2884 25
840 2851 954 2893 etiam]
976 2857 1087 2884 autem
1109 2853 1137 2884 b.
1281 2854 1322 2885 29
1342 2852 1483 2884 Acutius
1500 2862 1520 2882 α
1534 2852 1594 2893 be,
1615 2852 1673 2884 At-

195 2898 260 2929 tius
281 2908 312 2929 ιι.
455 2899 494 2931 31
518 2898 650 2930 tabutas
671 2901 699 2931 b.
843 2903 870 2932 is
890 2913 922 2933 α.
