1835 3240
674 168 1100 215 *zai-

147 303 219 346 que
240 290 416 344 legiones
437 288 478 328 in
500 295 641 341 quarta
663 288 747 327 acie
769 295 903 328 essent
924 287 1155 338 collocatae,
1181 301 1259 328 non
1281 294 1386 336 octo,
1411 291 1479 330 sed
1494 304 1629 334 omnes

145 362 275 400 decem
297 358 472 412 legiones
494 357 535 396 in
556 356 597 395 in
619 356 703 395 acie.
726 356 950 405 affuissent,
976 363 1015 395 et
1038 363 1165 396 tamen
1181 357 1311 397 nullae
1326 358 1628 410 superfuissent,

144 440 242 480 quae
272 427 311 465 in
342 426 468 466 media
499 424 582 464 acie
601 424 904 463 collocarentur.
958 422 1139 476 Denique
1169 426 1282 478 plane
1314 425 1543 465 incredibile
1572 436 1633 467 est

144 495 314 547 quinque
336 494 511 546 legiones
532 493 571 531 in
595 498 732 544 quarta
755 491 840 530 acie
863 491 1012 544 positas
1036 505 1140 531 esse.
1175 491 1280 531 Nam
1304 506 1390 532 cum
1406 493 1545 546 prima,
1571 508 1633 534 se-

146 563 296 611 cunda,
342 562 456 602 tertia
489 560 553 600 uel
575 566 861 612 quotacumque
892 559 999 598 acies
1028 558 1222 598 instructa
1254 560 1417 609 dicitur,
1456 561 1633 615 singulas

143 629 326 668 cohortes
350 629 440 682 poni
468 627 772 680 intellegendum
803 633 879 666 est.
932 626 989 666 At
1020 627 1304 681 quinquaginta
1336 628 1560 670 cohortibus
1592 631 1634 671 in

145 703 283 749 quarta
321 697 404 736 acie
444 696 581 749 positis
615 695 709 734 haec
740 695 947 734 immanem
980 695 1265 749 longitudinem
1297 698 1533 750 accepisset.
1588 696 1635 738 In

142 763 236 805 Par.
263 778 342 805 see.
369 763 482 803 Leid.
509 777 567 816 pr.
593 761 684 802 Pet.
709 762 897 816 scriptum
919 769 980 803 est
1004 761 1054 802 *V
1080 763 1255 816 legiones
1277 766 1317 805 in
1350 772 1487 818 quarta
1517 766 1632 807 acie'.

142 830 237 872 Inde
260 832 443 872 facillima
466 831 846 871 emendatiouehaec
861 831 913 871 ita
927 831 1208 871 restituuntur:
1238 832 1340 873 ‘acie
1359 834 1502 887 triplici
1515 834 1635 874 collo-

143 907 254 951 cata,
280 901 434 954 legione
457 899 607 939 decima
628 899 975 951 tertiadecimaque
999 900 1142 939 dextro
1165 913 1309 949 cornu,
1342 902 1636 954 quartadecima

145 976 184 1008 et
215 982 318 1008 noua
346 968 509 1008 sinistro
543 967 757 1020 oppositis,
792 967 925 1019 quinta
957 967 1112 1019 legione
1142 967 1181 1006 in
1215 975 1351 1020 quarta
1375 969 1457 1009 acie
1480 970 1528 1009 ad
1550 970 1636 1024 ipsa

144 1051 291 1077 cornua
324 1035 450 1089 quinis
484 1035 713 1075 cohortibus
745 1041 883 1074 contra
914 1034 1059 1074 bestias
1098 1035 1314 1075 collocatis'
1347 1044 1439 1076 cett.
1497 1036 1636 1091 Itaque

145 1102 297 1145 Caesar
318 1104 509 1158 triplicem
533 1103 858 1143 acieminstruxit
881 1103 1079 1157 legionum
1102 1110 1266 1156 septem,
1292 1104 1346 1144 ita
1370 1111 1410 1144 ut
1431 1105 1544 1145 binas
1570 1119 1637 1146 ue-

145 1180 300 1213 teranas
322 1173 361 1212 in
385 1172 570 1212 cornibus
593 1179 784 1225 poneretg
811 1178 890 1210 tres
915 1171 1083 1210 tironum
1107 1171 1146 1210 in
1169 1172 1296 1211 media
1319 1172 1404 1212 acie
1424 1172 1638 1214 collocatas

145 1255 233 1282 esse
264 1242 432 1294 scriptor
463 1254 540 1281 non
575 1239 813 1286 declamauit,
846 1239 934 1291 quia
957 1246 1095 1292 sponte
1116 1240 1444 1292 intellegebatur,
1476 1241 1514 1280 id
1537 1241 1639 1294 quod

146 1310 282 1349 eodem
314 1309 427 1348 modo
459 1309 601 1347 factum
635 1314 696 1347 est
726 1320 747 1345 a
780 1303 954 1346 Caesare
986 1307 1024 1346 b.
1062 1308 1139 1348 eiu.
1173 1306 1259 1357 III,
1291 1307 1361 1348 89.
1418 1307 1570 1349 Deinde
1599 1310 1639 1349 in

148 1384 288 1429 quarta
317 1376 401 1416 acie
433 1376 607 1428 quintam
641 1375 834 1428 legionem
867 1375 1070 1427 opposuit,
1105 1376 1160 1415 ita
1192 1383 1234 1415 ut
1257 1377 1303 1415 ad
1327 1390 1476 1416 cornua
1500 1377 1638 1429 quinas

148 1444 329 1483 cohortes
344 1443 573 1489 collocaret,
598 1442 709 1482 idest
731 1442 928 1481 dimidiam
951 1442 1145 1495 legionem
1165 1443 1212 1482 ad
1225 1444 1424 1494 dextrum,
1440 1445 1638 1485 dimidiam

146 1512 192 1551 ad
216 1512 434 1551 sinistrum.
469 1509 579 1550 Haec
602 1510 721 1564 igitur
741 1511 814 1550 fuit
835 1510 933 1550 aciei
956 1512 1103 1550 forma:

145 1601 378 1644 Vcohh.Vleg.
1405 1603 1638 1646 Vcohh.Vleg.

176 1647 342 1691 †††††
415 1649 486 1681 Sin.
508 1659 613 1680 cornu
1145 1647 1268 1680 Dextr.
1289 1659 1394 1680 cornu
1443 1649 1610 1693 †††††

367 1701 681 1805 ’τΧ-ἪΤΗ
705 1709 1088 1772 -tQQ-
1116 1700 1416 1797 «πήχ-

392 1787 523 1805 ῲΔ-ῲ-Χ.
537 1786 668 1805 ssssss-l-
683 1787 814 1804 ssssssss
828 1787 925 1804 sssss-
965 1787 1103 1806 l—LssJ-A-
1119 1787 1250 1805 .-..l-.l<>!-
1264 1786 1396 1805 ‚LA-„LA-

411 1852 508 1896 ΗΑ
555 1851 653 1897 ill.
671 1858 681 1881 ¹*
700 1852 798 1896 ΑΗ.
845 1853 943 1897 ,⁴2¹ssss
990 1852 1088 1896 lli
1132 1852 1232 1896 tta:
1279 1853 1378 1896 ,ι’-ΛΑ

423 1898 497 1921 ιιι
568 1898 786 1922 ιιιιιιι
857 1899 897 1922 ιι
1002 1896 1220 1922 ιιιι.ιιι
1291 1897 1366 1921 ιιι

146 1957 208 1998 Ita
229 1965 382 2008 autem,
417 1965 458 1998 ut
480 1958 584 2007 dixi,
620 1964 823 1998 auctorem
847 1958 1057 2012 scripsisse
1081 1972 1116 1998 c.
1141 1956 1194 1998 84
1218 1958 1447 2006 coufirmat,
1472 1957 1535 1997 ubi
1558 1971 1644 1998 cer-

148 2034 275 2067 tamen
296 2026 428 2066 militis
451 2025 619 2079 legionis
642 2025 801 2078 quintae
832 2041 917 2066 cum
951 2026 1158 2080 elephanto
1189 2028 1376 2067 refertur.
1421 2024 1475 2065 Et
1497 2026 1644 2080 Appia-

147 2108 220 2135 nus
241 2094 280 2134 b.
307 2094 384 2134 eiu.
410 2092 464 2144 II,
489 2092 544 2134 96
566 2094 760 2147 legionem
784 2095 975 2148 quintam,
1005 2096 1094 2148 quia
1118 2094 1336 2149 elephantis
1360 2096 1538 2148 opposita
1560 2107 1644 2134 rem

148 2163 248 2204 bene
269 2163 476 2219 gessisset,
503 2163 713 2203 simulacra
737 2163 871 2203 harum
896 2163 1159 2204 bestiarumin
1172 2163 1295 2218 signis
1310 2170 1490 2216 gestasse
1502 2164 1641 2203 refert.

150 2229 336 2272 Ceterum
367 2232 433 2272 illo
465 2232 552 2272 loeo
584 2232 675 2271 belli
698 2231 904 2282 Africani,
940 2233 985 2272 de
1009 2246 1082 2284 quo
1105 2232 1218 2271 modo
1253 2232 1446 2281 diximus,
1483 2232 1523 2271 in
1545 2229 1640 2271 Par.

150 2314 230 2341 sec.
256 2301 443 2355 scriptum
477 2307 538 2342 est
580 2299 880 2341 ‘animaduertit
909 2300 1032 2339 aciem
1066 2314 1133 2353 pro
1157 2301 1260 2341 uallo
1285 2298 1483 2354 Scipionis
1507 2306 1645 2339 contra

151 2369 377 2423 elephantos
401 2369 542 2408 dextro
565 2369 805 2420 sinistroque
829 2382 953 2407 cornu
975 2368 1208 2419 collocafis',
1234 2369 1454 2420 similiaque
1483 2368 1523 2407 in
1551 2367 1644 2406 reli-

153 2436 235 2488 quis
258 2438 369 2477 codd.
395 2438 594 2490 leguntur.
633 2434 748 2488 Quae
771 2436 964 2489 scriptura
989 2436 1134 2476 indicio
1158 2444 1217 2476 est
1240 2437 1363 2477 uerba
1389 2442 1543 2476 ‘contra
1566 2435 1645 2475 ele-

154 2504 316 2556 phantos
347 2506 491 2545 dextro
524 2505 766 2558 sinistroque
796 2517 918 2543 cornu
950 2503 1174 2545 collocatis'
1207 2520 1229 2545 a
1258 2505 1447 2559 magistro
1473 2503 1645 2557 ascripta

155 2572 273 2613 fuisse
295 2573 549 2614 inferioribus
575 2573 637 2612 ‘ad
661 2572 745 2626 ipsa
769 2586 916 2612 cornua
939 2573 1066 2625 quinis
1090 2562 1315 2615 cohortibus
1339 2579 1476 2614 contra
1498 2571 1645 2612 bestias

157 2639 382 2691 collocatis',
417 2649 458 2682 ut
487 2656 533 2682 ea
565 2641 629 2681 uel
657 2641 878 2694 explicaret
910 2641 970 2680 uel
991 2640 1242 2693 immutaret,
1280 2642 1419 2682 deinde
1441 2648 1569 2682 autem
1593 2654 1645 2679 ex

156 2708 330 2760 margine
350 2709 389 2749 in
411 2710 580 2751 alienum
602 2711 729 2750 locum
753 2710 947 2750 translata
970 2723 1073 2750 esse.
1106 2708 1245 2763 Itaque
1266 2710 1333 2751 illa
1347 2710 1468 2750 uerba
1483 2708 1643 2748 delenda

157 2788 244 2814 esse
268 2775 498 2829 significaui.
533 2774 611 2817 Sed
635 2784 691 2825 ut,
717 2791 815 2831 quae
838 2778 884 2817 de
901 2777 1121 2831 legionibus
1135 2775 1323 2819 Caesaris
1341 2777 1641 2831 disputauimus,

158 2842 482 2896 complectamur,
516 2846 649 2886 decem
671 2846 849 2900 legiones
873 2846 944 2886 hoc
966 2846 1068 2887 bello
1090 2848 1130 2887 in
1153 2846 1288 2886 Africa
1318 2846 1435 2885 fuisse
1459 2843 1641 2891 uidimus,
