1835 3240
115 155 197 197 368
638 155 713 198 DE
745 154 933 198 BELLO
966 152 1215 197 GALLICO

142 267 168 309 8
191 273 400 308 cumuento
423 267 500 308 filio
522 268 728 319 subuenit,
761 269 1020 318 interficitur3
1044 266 1196 309 Lucius
1219 266 1335 309 Cotta
1356 268 1509 322 legatus
1532 282 1666 309 omnes

191 335 371 375 cohortes
403 335 639 388 ordinesque
670 337 882 375 adhortans
913 335 954 374 in
983 336 1189 375 aduersum
1212 350 1255 376 os
1280 337 1395 376 funda
1417 336 1661 377 uulneratur.

112 401 171 446 36
193 401 268 442 His
299 402 417 443 rebus
449 410 646 456 permotus
679 400 849 453 Quintus
871 401 1075 452 Titurius,
1111 417 1195 442 cum
1228 403 1362 456 procul
1392 403 1662 458 Ambiorigem

188 483 281 510 suos
304 470 570 510 cohortantem
596 470 885 522 conspexisset,
910 470 1163 524 interpretem
1187 484 1297 510 suum
1321 469 1477 511 Gneum
1497 469 1663 524 Pompe-

140 536 169 579 2
189 537 267 577 ium
289 538 335 577 ad
359 551 444 577 eum
468 536 586 576 mittit
605 543 811 589 rogatum,
846 544 887 577 ut
917 537 992 578 sibi
1021 537 1283 590 militibusque
1314 545 1461 591 parcat.
1503 537 1573 579 Ille
1595 553 1660 592 ap-

187 605 353 658 pellatus
375 603 595 657 respondit:
622 604 655 643 si
678 603 774 644 uelit
794 617 924 644 secum
949 606 1146 658 conloqui,
1171 605 1318 655 licere3
1344 618 1502 658 sperare
1523 620 1545 645 a
1566 605 1664 645 mnl-

188 671 354 711 titudine
374 671 576 724 impetrari
598 685 736 724 posse,
771 672 871 724 quod
901 671 948 712 ad
969 672 1131 713 militum
1153 672 1319 713 salutem
1343 672 1558 725 pertineat,
1591 673 1666 726 ipsi

186 752 282 778 uero
305 738 400 778 nihil
422 739 594 778 nocitum
615 738 681 789 iri,
705 739 822 791 inque
845 753 930 779 eam
951 753 1034 780 rem
1058 754 1102 781 se
1130 754 1240 780 suam
1262 739 1374 780 fidem
1395 739 1663 793 interponere.

141 804 166 845 3
187 803 258 846 Ille
281 820 364 845 cum
389 802 506 845 Cotta
530 807 664 846 saucio
686 807 962 856 communicat,
987 807 1020 847 si
1043 808 1235 857 uideatur,
1262 821 1390 861 pugna
1413 814 1453 846 ut
1474 807 1667 847 excedant

190 880 229 913 ct
251 887 337 912 cum
360 872 588 927 Ambiorige
611 888 688 914 una
710 876 1018 928 conloquuntur:
1050 890 1209 930 sperare
1232 876 1278 916 ab
1302 889 1347 915 eo
1371 875 1416 915 de
1439 888 1510 914 sua
1532 888 1577 914 ac
1597 874 1667 914 mi-

140 939 166 979 4
188 940 299 980 litum
320 940 448 981 salute
468 941 670 995 impetrari
693 956 823 996 posse.
860 940 978 983 Cotta
999 958 1041 984 se
1064 945 1110 984 ad
1132 951 1324 984 armatum
1348 943 1499 983 hostem
1521 942 1667 981 iturum

112 1005 170 1051 37
192 1015 310 1061 negat
330 1015 445 1061 atque
465 1009 506 1049 in
529 1022 575 1049 eo
597 1017 842 1063 perseuerat.
895 1009 1067 1052 Sabinus
1099 1025 1194 1064 qnos
1226 1011 1264 1051 in
1297 1010 1521 1064 praesentia
1544 1009 1667 1049 tribu—

189 1089 261 1115 nos
283 1075 445 1115 militum
469 1076 614 1116 circum
646 1091 690 1117 se
722 1078 892 1118 habebat
913 1085 952 1119 et
973 1079 1183 1132 primorum
1207 1079 1384 1118 ordinum
1409 1077 1664 1118 centuriones

188 1157 232 1184 se
253 1143 365 1196 sequi
386 1143 494 1184 iubet
515 1151 568 1194 et,
594 1159 679 1184 cum
701 1146 859 1198 propius
882 1145 1151 1199 Ambiorigem
1176 1146 1426 1193 accessisset,
1450 1145 1581 1185 iussus
1604 1158 1667 1184 ar-

187 1225 250 1252 ma
279 1211 436 1251 abicere
468 1213 700 1265 imperatum
733 1213 824 1252 l'acit
858 1214 1044 1266 suisque,
1078 1221 1119 1253 ut
1147 1213 1246 1253 idem
1278 1213 1445 1263 faciant,
1484 1212 1666 1265 imperat,

139 1277 168 1319 2
187 1277 366 1328 Interim,
392 1279 480 1318 (lum
495 1280 540 1318 de
564 1279 860 1320 condicionibus
882 1281 987 1321 inter
1007 1294 1050 1321 sc
1071 1288 1209 1334 agunt,
1233 1280 1464 1333 longiorque
1487 1280 1667 1319 consulto

187 1347 234 1386 ab
255 1345 487 1399 Ambiorige
509 1346 731 1387 instituitur
751 1362 903 1398 sermo,
937 1348 1121 1401 paulatim
1155 1348 1450 1387 circumuentus
1482 1347 1668 1387 interfici-

139 1411 165 1452 3
187 1420 265 1453 tur.
317 1412 418 1453 Tum
451 1428 547 1454 uero
577 1429 648 1455 suo
682 1429 791 1455 more
823 1416 1027 1456 uictoriam
1058 1415 1304 1456 conclamant
1331 1422 1448 1468 atque
1478 1414 1668 1455 ululatum

139 1480 166 1520 4
189 1481 331 1520 tollunt
351 1481 575 1534 impetuque
596 1482 638 1522 in
660 1490 817 1524 nostros
841 1485 944 1523 sacto
967 1484 1125 1523 ordines
1148 1483 1393 1537 perturbant.
1437 1480 1495 1522 lbi
1517 1480 1667 1522 Lucius

189 1545 308 1588 Cotta
329 1563 507 1603 pugnans
530 1550 765 1591 interficitur
786 1566 872 1591 cum
895 1552 1068 1591 maxima
1090 1558 1200 1604 parte
1221 1550 1399 1590 militum.
1447 1548 1606 1602 Reliqui
1627 1563 1670 1590 se

140 1613 164 1656 5
186 1615 226 1656 in
249 1623 377 1656 castra
398 1617 619 1670 recipiunt,
645 1619 745 1658 unde
769 1627 882 1659 erant
904 1619 1069 1673 egressi.
1110 1618 1178 1658 Ex
1199 1618 1337 1671 quibus
1358 1617 1507 1657 Lucius
1527 1615 1668 1657 Petro-

186 1684 308 1724 sidius
331 1684 529 1737 aquilifer,
555 1699 640 1725 cum
664 1687 1060 1738 magnamultitudine
1084 1686 1252 1726 hostium
1275 1692 1532 1738 premeretur,
1558 1685 1668 1738 aqui-

188 1752 264 1791 lam
286 1752 391 1791 intra
415 1752 560 1792 uallum
582 1753 772 1806 proiecit,
806 1754 889 1807 ipse
912 1768 981 1807 pro
1005 1754 1146 1794 castris
1168 1753 1382 1793 fortissime
1405 1766 1581 1806 pugnans
1604 1766 1669 1792 oc-

141 1817 168 1859 6
189 1819 344 1859 ciditur.
401 1817 463 1859 Illi
486 1833 604 1874 aegre
626 1821 673 1860 ad
696 1828 848 1861 noctem
873 1822 1197 1874 oppugnationem
1221 1820 1442 1870 sustinent,
1478 1827 1597 1860 noctu
1620 1819 1667 1859 ad

140 1886 166 1927 7
187 1901 305 1927 unum
328 1900 463 1927 omnes
487 1888 694 1941 desperata
717 1888 841 1929 salute
863 1903 906 1929 sc
929 1888 1002 1942 ipsi
1024 1888 1281 1928 interficiunt.
1338 1886 1461 1927 Pauci
1483 1901 1535 1928 ex
1557 1901 1669 1941 proe-

186 1954 240 1994 lio
262 1954 361 2007 lapsi
382 1954 545 1995 incertis
567 1955 774 1996 itineribus
797 1970 867 2010 per
889 1956 1009 1996 siluas
1032 1957 1079 1996 ad
1101 1954 1232 1996 Titum
1254 1954 1476 1996 Labienum
1498 1955 1666 2009 legatum

186 2023 228 2063 in
249 2022 412 2063 hibe-rna
434 2023 670 2076 perueniunt
690 2030 805 2078 atque
820 2038 903 2064 eum
921 2025 966 2064 de
989 2024 1104 2065 rebus
1127 2024 1249 2078 gestis
1273 2023 1479 2064 certiorem
1504 2023 1664 2063 faciunt.

332 2171 346 2203 1
367 2170 494 2203 Lucius
513 2172 543 2203 B
558 2171 647 2213 CD,
667 2172 707 2204 L.
730 2183 764 2204 ιι.
919 2175 939 2208 2
958 2175 989 2205 in
1009 2174 1189 2205 aduersum
1210 2183 1246 2204 os
1264 2172 1295 2204 A
1311 2170 1369 2212 (B)
1387 2171 1480 2210 CD,
1501 2170 1667 2201 aduersus

188 2233 224 2254 os
244 2221 267 2254 d
284 2225 334 2262 et,
366 2225 432 2263 qui
447 2222 507 2253 hos
521 2247 530 2260 ‚
552 2234 568 2253 e
587 2227 640 2263 el,
670 2224 712 2255 de
730 2225 876 2265 quibus,
907 2236 943 2256 os
962 2236 1006 2256 ιιη
1027 2226 1087 2257 hos
1107 2226 1277 2263 habeant,
1306 2225 1481 2254 Incertum
1500 2224 1572 2261 est,
1603 2221 1620 2252 b
1634 2230 1663 2251 c.

332 2276 350 2307 3
371 2274 514 2316 Quintus
534 2276 668 2313 BCD,
690 2275 784 2317 Q.11.
923 2279 942 2309 4
963 2276 1092 2309 Gneuin
1110 2277 1182 2308 AB
1197 2276 1290 2314 (D,-
1312 2273 1375 2305 Gn.
1396 2273 1436 2313 d,
1459 2271 1521 2304 Cn.
1541 2282 1576 2304 u.

190 2327 207 2357 5
227 2325 405 2367 appelatus
423 2326 466 2357 B.
607 2326 625 2358 6
645 2327 801 2368 conloqui
821 2327 862 2358 B.
1003 2329 1023 2359 8
1043 2327 1127 2358 nihil
1146 2326 1294 2357 nocitum
1315 2324 1356 2356 iri
1374 2324 1475 2364 Affl)
1491 2324 1580 2362 CD,
1603 2334 1665 2354 non

187 2376 336 2408 nocitum
355 2376 397 2407 iri
416 2387 432 2406 e
451 2379 485 2407 et
502 2376 693 2408 seeundum
715 2377 868 2419 eoeempl.
889 2377 997 2409 Fubr.
1019 2377 1060 2417 d,
1090 2387 1153 2408 non
1175 2376 1364 2407 nociturum
1383 2375 1401 2406 b
1419 2377 1455 2405 et
1478 2374 1668 2406 secundum

192 2426 280 2458 Oud.
301 2426 334 2458 d.
514 2427 546 2457 in
567 2437 662 2468 quam
683 2438 753 2458 rein
774 2428 790 2458 b
804 2438 859 2459 ee.
1048 2438 1085 2459 se
1105 2437 1198 2459 suain
1216 2426 1248 2458 A
1260 2425 1324 2468 (B)
1341 2426 1426 2465 CD,
1449 2436 1485 2457 se
1504 2436 1666 2467 suamque

192 2480 287 2509 ‘'ms-s.
309 2475 353 2509 δ’.
498 2477 537 2509 10
558 2478 822 2519 (conloquuntur
838 2479 926 2519 BD)
946 2479 1168 2510 conlocantur
1186 2478 1223 2509 C.
1369 2486 1508 2517 sperare
1527 2477 1558 2507 A
1570 2476 1629 2517 (B)
1645 2476 1671 2508 C

189 2531 244 2570 D,
265 2538 403 2571 sperare
423 2540 458 2560 se
478 2540 505 2560 c.
662 2530 702 2561 ab
723 2531 776 2572 ρο]
798 2530 906 2561 habeo
929 2531 968 2562 C.
1130 2530 1164 2561 ll
1187 2529 1363 2571 impetrari
1382 2529 1412 2559 B
1425 2539 1440 2558 e
1460 2532 1496 2559 et
1511 2529 1664 2570 reliqui,

190 2582 374 2623 impetrare
394 2581 469 2612 Ab.
611 2582 650 2615 12
668 2581 884 2623 perseuerat]
904 2583 1060 2614 constitit
1077 2582 1168 2613 cde.
1316 2583 1350 2612 i5
1371 2581 1506 2613 abicere
1521 2584 1670 2623 praeter

192 2632 222 2664 B
241 2633 348 2663 etiam
367 2631 400 2662 A
415 2630 498 2662 CD.
639 2632 688 2673 ut]
710 2633 740 2663 id
762 2637 795 2663 ut
815 2634 850 2672 b,
873 2633 901 2664 is
920 2638 957 2664 ut
975 2643 1004 2663 c.
1146 2633 1311 2673 imperant
1331 2632 1375 2663 D.
1535 2632 1574 2664 15
1593 2642 1670 2663 con-

191 2683 373 2716 ditionibus
391 2682 466 2723 (B).
609 2684 648 2716 19
670 2684 772 2715 facito
795 2685 834 2716 C.
989 2684 1115 2716 Lucius
1134 2685 1183 2723 B,
1204 2684 1243 2714 L.
1265 2695 1298 2715 ιι.
1464 2685 1506 2717 20
1526 2684 1670 2726 reliquis

191 2746 228 2768 se
245 2738 327 2766 ante
347 2744 439 2766 corr.
458 2736 501 2764 B.
642 2735 677 2767 21
703 2736 790 2766 unde
812 2734 948 2766 fuerant
967 2736 996 2766 b.
1138 2735 1265 2766 Lucius
1284 2735 1313 2766 B
1331 2735 1357 2766 C
1371 2736 1424 2775 D,
1444 2734 1482 2766 L.
1504 2746 1539 2767 11.

191 2788 235 2821 ‘24
254 2795 355 2827 aegre
374 2795 414 2817 ea
433 2790 531 2816 nocte
548 2785 593 2816 D.
757 2786 799 2818 25
819 2796 834 2817 e
853 2787 982 2828 proelio
1003 2787 1033 2818 b.
1197 2787 1238 2821 2ὓ
1257 2787 1345 2829 lapsi
1363 2788 1438 2820 AB
1451 2786 1538 2827 CD,
1561 2787 1668 2830 elapsi

193 2838 211 2868 b
224 2837 315 2869 cde.
457 2835 569 2868 Titum
587 2837 618 2869 l}
633 2837 721 2878 (ΣΙ),
744 2836 784 2869 Τ.
807 2848 839 2870 ιι.
981 2838 1021 2873 27
1043 2839 1197 2871 hibernia
1220 2839 1259 2872 C.

1692 546 1710 577 5

1700 882 1739 915 10

1701 1219 1740 1252 15

1699 1556 1742 1590 20

1699 1894 1741 1929 25
