1835 3240
95 904 136 937 10

98 1244 111 1275 'l
120 1246 137 1275 5

95 2263 136 2295 30

560 170 744 215 COMM.
768 171 1016 216 V111·CAP.
1035 166 1240 215 19—22.
1644 172 1728 215 473

171 287 393 342 profugiunt
415 286 554 340 partim
578 286 688 326 siluis
712 287 859 341 petitis,
884 287 1024 341 partim
1048 287 1206 328 flumine
1241 286 1325 340 (qui
1349 293 1477 326 tamen
1499 286 1537 326 in
1562 287 1652 340 fuga
1684 278 1689 282 ²

169 370 192 396 a
214 354 360 394 nostris
385 354 530 394 acriter
549 354 847 407 insequentibus
871 356 1168 407 conficiuntur),
1194 369 1280 395 cum
1302 353 1458 394 interim
1474 354 1575 393 nulla
1590 368 1653 394 ca-
1674 353 1701 395 8

168 422 342 463 lamitate
364 421 493 462 uictus
517 419 693 462 Correus
716 422 912 463 excedere
935 424 1083 477 proelio
1106 423 1306 476 siluasque
1341 428 1474 475 petere
1508 427 1573 459 aut
1594 421 1653 460 in-

168 490 383 530 uitantibus
418 489 564 529 nostris
595 491 642 530 ad
680 489 915 530 deditionem
949 491 1075 544 potuit
1115 491 1275 541 adduci,
1318 489 1409 542 quin
1442 487 1655 527 fortissime

171 557 399 612 proeliando
413 559 698 611 conpluresque
720 557 963 597 uulnerando
977 566 1138 612 cogeret
1159 559 1284 599 elatos
1307 555 1512 597 iracundia
1536 555 1658 595 uicto·

167 639 233 666 res
255 626 295 665 in
318 639 360 665 se
385 625 460 665 tela
482 625 679 665 conicere.
723 623 812 665 Tali
836 626 949 665 modo
972 639 1014 665 re
1036 634 1150 679 gesta
1171 625 1396 666 recentibus
1420 623 1557 678 proelii
1584 637 1651 663 ue-
1673 622 1731 666 20

169 694 295 747 stigiis
317 694 522 747 ingressus
547 691 700 732 Caesar
715 723 724 740 ,
759 707 844 732 cum
868 693 995 733 uictos
1018 700 1129 733 tanta
1152 694 1374 734 calamitate
1397 692 1658 732 existumaret

170 762 304 802 hostes
328 761 463 801 nuntio
486 767 648 814 accepto
670 760 795 800 locum
819 767 1040 801 castrorum
1063 761 1294 811 relicturos,
1331 775 1430 814 quae
1461 774 1540 800 non
1571 759 1657 798 lon-

169 830 258 882 gius
281 830 328 869 ab
359 843 405 869 ea
436 829 555 869 caede
586 828 725 868 abesse
760 829 844 881 plus
867 829 995 868 minus
1019 835 1106 869 octo
1129 829 1284 869 milibus
1309 828 1562 877 dicebantur,
1598 833 1656 866 ta-

169 898 281 937 metsi
305 897 461 937 flumine
493 896 720 950 impeditum
743 887 960 936 ⁵transitum
995 897 1177 946 uidebat,
1208 904 1338 937 tamen
1372 895 1552 936 exercitu
1576 901 1657 934 tra-

170 965 286 1005 ducto
310 965 572 1017 progreditur.
619 964 675 1004 At
696 962 900 1004 Bellouaci
922 965 1174 1017 reliquaeque
1208 965 1387 1004 ciuitates
1418 970 1580 1017 repente
1604 976 1656 1002 ex
1676 960 1704 1002 2

170 1034 260 1085 fuga
282 1033 417 1085 paucis
440 1038 554 1085 atque
587 1032 646 1071 his
671 1032 890 1073 uulneratis
920 1033 1115 1086 receptis,
1151 1033 1213 1086 qui
1247 1032 1433 1072 siluarum
1466 1030 1656 1070 beneficio

169 1102 299 1140 casuln
316 1100 579 1147 euitauerant,
604 1101 782 1140 omnibus
794 1101 989 1147 aduersis,
1015 1101 1174 1155 cognita
1187 1100 1422 1148 calamitate,
1448 1100 1657 1138 interfecto

171 1165 350 1216 Correo,
390 1168 536 1208 amisso
570 1169 746 1221 equitatu
778 1176 817 1209 et
839 1169 1065 1209 fortissimis
1089 1168 1307 1223 peditibus,
1333 1182 1419 1208 cum
1442 1168 1658 1207 aduentare

169 1234 373 1276 Romanos
395 1237 687 1286 existimarent,
714 1237 882 1277 concilio
904 1244 1068 1290 repente
1092 1244 1211 1277 cantu
1234 1237 1414 1276 tubarum
1438 1241 1656 1275 conuocato

170 1305 432 1354 conclamant,
457 1305 573 1357 legati
598 1304 831 1358 obsidesque
853 1306 900 1345 ad
924 1302 1138 1345 Caesarem
1161 1305 1383 1344 mittantur.
1428 1302 1513 1343 Hoc
1537 1301 1662 1341 omui·
1682 1301 1733 1345 21

170 1372 241 1411 bus
265 1372 430 1425 probato
453 1372 619 1412 consilio
643 1370 844 1413 Commius
868 1373 1040 1413 Atrebas
1063 1373 1110 1413 ad
1133 1387 1201 1414 eos
1225 1373 1399 1425 confugit
1415 1370 1653 1419 Germanos,

173 1454 193 1479 a
218 1439 356 1492 quibus
388 1440 434 1479 ad
468 1440 506 1480 id
539 1440 679 1480 bellum
703 1441 849 1481 auxilia
874 1449 1076 1481 mutuatus
1100 1448 1200 1481 erat.
1264 1438 1402 1480 Ceteri
1435 1453 1455 1479 e
1489 1437 1656 1491 uestigio
1678 1437 1704 1476 2

170 1508 328 1547 mittunt
350 1508 396 1548 ad
422 1505 635 1549 Caesarem
660 1509 812 1562 legatos
836 1517 1070 1563 petuntque,
1096 1517 1138 1549 ut
1159 1523 1203 1549 ea
1227 1522 1349 1562 poena
1373 1507 1425 1546 sit
1448 1513 1657 1546 contentus

169 1576 352 1625 hostium,
379 1590 491 1629 quam
515 1576 656 1617 sissine
680 1577 930 1617 dimicatione
952 1577 1099 1618 inferre
1120 1575 1287 1631 integris
1311 1582 1469 1629 posset,
1495 1588 1564 1628 pro
1586 1587 1659 1614 sua

169 1644 375 1684 clementia
410 1645 535 1697 adque
570 1644 809 1685 humanitate
842 1659 1050 1698 numquam
1089 1645 1265 1698 profecto
1297 1651 1401 1684 esset
1443 1643 1654 1682 inlaturus.

166 1711 359 1752 Adflictas
382 1726 474 1765 opes
497 1713 673 1767 equestri
696 1713 846 1766 proelio
860 1711 1165 1752 Bellouacorum
1188 1727 1302 1762 esse,
1328 1712 1569 1751 delectorum
1594 1723 1659 1763 pe-
1680 1708 1705 1749 3

168 1780 286 1820 ditum
309 1780 432 1820 multa
453 1779 559 1820 milia
581 1780 790 1831 interisse,
816 1781 886 1821 uix
907 1780 1105 1834 refugisse
1128 1781 1287 1821 nuntios
1312 1779 1458 1820 caedis.
1502 1777 1658 1818 Tamen
1679 1776 1707 1816 4

171 1862 350 1902 magnum
375 1855 417 1888 ut
444 1847 485 1888 in
517 1855 627 1889 tanta
659 1849 880 1889 calamitate
914 1847 1152 1890 Bellouacos
1176 1863 1222 1888 eo
1246 1847 1395 1902 proelio
1414 1846 1656 1887 commodum

120 1924 133 1939 ⁷
169 1930 257 1956 csse
280 1923 529 1965 consecutos,
556 1917 657 1970 quod
680 1914 872 1965 Correus,
898 1925 1036 1958 auctor
1056 1918 1172 1967 belli,
1198 1916 1420 1957 concitator
1442 1913 1658 1954 multitudi-

171 1984 246 2032 nis,
272 1991 379 2024 esset
400 1984 649 2025 interFectus.
693 1984 918 2038 Numquam
941 1986 1043 2026 enim
1067 1993 1246 2026 senatum
1271 1990 1421 2024 tantum
1444 1983 1480 2022 in
1496 1982 1657 2022 ciuitate

169 2052 236 2091 illo
268 2053 359 2092 uiuo
392 2060 577 2106 quantum
615 2053 834 2107 imperitam
869 2054 1018 2107 plebem
1051 2054 1240 2107 potuisse.
1307 2051 1418 2091 Haec
1449 2050 1655 2090 orantibus
1677 2048 1734 2092 22

169 2119 309 2173 legatis
333 2128 614 2161 commemorat
637 2118 812 2162 Caesar:
846 2121 995 2162 Eodem
1021 2129 1195 2175 tempore
1217 2120 1419 2174 superiore
1443 2133 1544 2158 anuo
1568 2116 1658 2157 Bel—

168 2188 328 2229 louacos
351 2196 584 2242 ceterasque
608 2188 761 2230 Galliae
786 2191 968 2230 ciuitates
992 2190 1215 2244 suscepisse
1231 2188 1399 2229 bellum:
1425 2186 1658 2240 pertinacis-

168 2257 265 2298 sime
290 2257 359 2298 lios
381 2271 434 2297 ex
456 2257 635 2297 omnibus
658 2258 697 2297 in
720 2258 919 2298 sententia
941 2258 1207 2313 permansisse
1230 2269 1356 2309 neque
1378 2255 1426 2295 ad
1448 2254 1658 2294 sanitatem

315 2412 327 2444 l
350 2412 547 2454 perfugiunt
565 2425 595 2446 e.
739 2413 852 2455 fugam
872 2424 902 2445 c.
1043 2415 1063 2446 2
1082 2424 1101 2445 a
1120 2423 1189 2446 om.
1210 2413 1332 2445 eAnd.
1474 2410 1658 2442 conficiun-

172 2461 238 2504 tur]
259 2463 513 2497 interficiuntur
533 2467 563 2497 b.
706 2466 724 2498 3
744 2466 895 2498 Gorbeus
915 2466 957 2498 B.
1099 2468 1117 2498 5
1137 2466 1387 2508 conpluresque
1404 2465 1445 2496 B.
1589 2463 1660 2495 ela-

172 2517 224 2543 tos
243 2523 311 2546 om.
331 2525 347 2545 e
363 2516 456 2548 Ana.
480 2517 596 2549 amon.
773 2517 791 2549 6
812 2517 946 2549 coicere
964 2517 1008 2549 B.
1173 2523 1309 2558 regasta
1327 2527 1373 2548 m.
1390 2526 1450 2557 pr.
1471 2516 1513 2547 B.

174 2564 190 2595 7
211 2565 434 2599 existumaret
450 2569 521 2600 AB
537 2570 576 2601 C.
741 2570 759 2601 9
781 2580 812 2600 {x
831 2569 968 2600 milibus
987 2580 1016 2600 e.
1211 2571 1245 2601 13
1268 2570 1462 2600 uitauerant
1481 2569 1510 2600 b.

176 2616 216 2648 14
236 2616 365 2649 Corbeo
383 2619 425 2650 B.
572 2621 609 2653 16
628 2621 810 2652 mittuntur
831 2623 857 2653 C
875 2622 905 2652 b.
1066 2622 1103 2653 17
1123 2621 1277 2662 confugit
1296 2622 1326 2653 B
1346 2621 1524 2662 ‘reliqni'5
1544 2620 1658 2662 profu-

174 2667 221 2707 git
241 2669 258 2699 b
272 2668 331 2708 cd,
353 2669 503 2711 perl'ugit
520 2683 550 2703 e.
696 2673 733 2705 18
753 2678 828 2705 erat
847 2674 887 2705 ad
909 2673 1034 2704 bellum
1054 2683 1134 2705 aux.
1157 2678 1240 2705 mut.
1263 2674 1280 2704 b
1294 2684 1323 2704 e.
1487 2674 1523 2704 ⁴21
1549 2673 1656 2713 adque

174 2719 215 2751 B.
358 2731 535 2763 numquam
554 2723 595 2755 B.
737 2725 907 2756 inlaturus
926 2726 969 2757 B.
1109 2727 1152 2758 22
1164 2725 1334 2767 (adflictas
1348 2726 1392 2766 B)
1406 2726 1548 2757 affectas
1567 2737 1586 2756 a
1599 2727 1654 2756 be.

318 2771 359 2803 ‘23
378 2782 533 2813 inagnum
552 2778 663 2806 tamen
683 2775 714 2807 b.
854 2777 895 2808 25
915 2786 991 2808 esse
1011 2787 1078 2808 om.
1104 2778 1162 2808 be.
1302 2777 1452 2808 Gorbeus
1476 2777 1511 2807 lz'.

176 2823 378 2855 conciliator
395 2835 414 2855 α
434 2825 526 2856 And.
549 2826 679 2867 (λίθω,
700 2827 904 2859 consiliator
922 2839 951 2859 e.
1190 2829 1231 2860 26
1252 2828 1454 2860 interfectos
1473 2838 1518 2859 m.
1537 2838 1590 2869 pr.
1618 2828 1656 2859 B.

320 2886 486 2918 nunquam
507 2877 580 2918 (B).
