1835 3240
90 181 172 225 (306
615 218 618 224 .
655 183 728 225 DE
760 182 946 225 BELLO
979 178 1153 226 CIVIL1

169 296 417 337 uenientibus
450 296 497 337 ab
520 296 665 351 Epiro,
701 310 799 352 quae
831 311 927 350 gens
959 298 1093 350 paucis
1121 305 1213 338 ante
1245 298 1443 339 mensibus
1476 299 1579 339 ultro
1604 300 1649 340 ad

173 362 386 405 Caesarem
412 365 562 417 legatos
587 365 773 412 miserat,
809 371 851 404 ut
872 365 954 404 suis
978 364 1157 405 omnibus
1181 365 1428 408 facultatibus
1451 374 1645 417 uteretur,

121 433 149 473 2
171 432 486 487 praesidiumque
517 432 563 471 ab
597 445 642 471 eo
665 432 826 471 militum
851 433 1030 485 petierat.
1076 430 1154 472 Sed
1177 446 1222 472 eo
1246 434 1346 473 fama
1368 435 1442 474 iam
1465 449 1651 489 praecur-

169 507 292 550 rerat,
318 513 430 552 quam
453 512 570 552 supra
593 499 811 549 docuimus,
837 500 884 540 de
906 501 1055 553 proelio
1076 499 1369 555 Dyrrhachino,
1396 504 1497 554 quod
1518 503 1649 543 multis

123 567 148 608 3
170 574 341 608 auxerat
362 567 553 620 partibus,
596 565 734 619 Itaque
757 566 1071 618 Androsthenes,
1097 576 1257 622 praetor
1280 569 1536 619 Thessaliae,
1561 585 1647 611 cum

170 649 213 675 se
235 635 425 674 uictoriae
447 632 610 687 Pompei
633 635 813 675 comitem
836 650 923 676 esse
945 636 1080 677 mallet
1101 650 1213 689 quam
1236 636 1384 677 socium
1404 634 1589 678 Caesaris
1611 638 1652 678 in

169 702 285 743 rebus
308 701 502 751 aduersis,
527 716 680 742 omnem
704 717 752 743 ex
777 704 882 758 agris
905 704 1191 744 multitudinem
1214 719 1419 746 seruorum
1442 718 1488 745 ac
1509 705 1651 746 libero-

169 784 254 810 rum
287 769 326 809 in
359 769 537 822 oppidum
562 771 667 824 cogit
688 778 900 825 portasque
924 772 1138 825 praecludit
1160 780 1198 813 et
1220 773 1267 812 ad
1290 771 1513 827 Scipionem
1535 772 1653 814 Pom-

169 837 376 890 peiumque
406 838 565 878 nuntios
596 838 739 889 mittit,
775 847 817 879 ut
850 838 923 879 sibi
955 840 1128 880 subsidio
1162 840 1348 881 ueniant:
1382 855 1425 881 se
1457 841 1653 882 confidere

170 904 453 945 munitionibus
476 905 621 959 oppidi,
637 906 668 946 si
688 907 871 948 celeriter
892 915 1150 948 succurratur
1164 925 1174 958 ς
1190 908 1438 963 longinquam
1457 923 1655 963 oppugna-

123 971 150 1011 4
174 972 319 1012 tionem
351 973 551 1014 sustinere
582 987 658 1013 non
682 988 812 1028 posse.
858 972 989 1029 Scipio
1013 976 1191 1016 discessu
1214 977 1458 1017 exercituum
1482 978 1527 1017 ab
1550 975 1654 1030 Dyr-

169 1039 329 1080 rhachio
363 1041 520 1094 cognito
552 1039 734 1082 Larisam
766 1042 941 1097 legiones
973 1044 1214 1094 adduxerat3
1240 1042 1451 1098 Pompeius
1482 1045 1655 1085 nondum

169 1106 402 1148 Thessaliae
429 1109 778 1162 adpropinquabat.
825 1108 978 1151 Caesar
999 1112 1142 1152 castris
1165 1112 1325 1152 munitis
1347 1112 1475 1152 scalas
1498 1126 1655 1152 muscu-

171 1175 307 1228 losque
339 1176 387 1216 ad
418 1177 662 1230 repentinam
696 1179 1025 1232 oppugnationem
1048 1179 1131 1219 fieri
1155 1186 1194 1219 et
1216 1186 1344 1219 crates
1368 1180 1497 1233 parari
1519 1179 1650 1220 iussit.

124 1241 149 1282 5
173 1240 324 1294 Quibus
348 1244 465 1284 rebus
489 1245 638 1284 effectis
662 1246 888 1286 cohortatus
911 1246 1055 1286 milites
1079 1247 1224 1294 docuit,
1246 1253 1428 1299 quantum
1454 1261 1564 1287 usum
1589 1247 1656 1287 ha·

171 1310 285 1350 beret
315 1311 362 1349 ad
393 1310 672 1352 subleuandam
705 1313 875 1354 omnium
895 1328 1023 1354 rerum
1047 1314 1217 1368 inopiam
1240 1314 1357 1367 potiri
1380 1314 1518 1368 oppido
1541 1315 1655 1368 pleno

170 1384 286 1430 atque
310 1378 491 1431 opulento
509 1410 519 1429 ,
556 1380 672 1419 simul
694 1381 856 1434 reliquis
879 1382 1106 1423 ciuitatibus
1129 1381 1240 1421 huius
1263 1382 1370 1422 urbis
1393 1383 1574 1436 exemplo
1595 1383 1656 1423 in-

174 1447 278 1486 ferre
311 1453 502 1487 terrorem
536 1455 576 1488 et
605 1449 643 1488 id
676 1449 758 1489 fieri
783 1450 990 1500 celeriter,
1026 1450 1249 1504 priusquam
1272 1450 1421 1490 auxilia
1443 1465 1656 1491 concurre-

125 1511 152 1553 6
174 1521 279 1554 rent.
322 1512 461 1568 Itaque
493 1529 586 1556 usus
618 1516 808 1571 singulari
831 1518 993 1558 militum
1025 1518 1154 1558 studio
1179 1518 1340 1568 eodem,
1375 1533 1450 1574 quo
1473 1525 1653 1567 uenerat,

172 1581 234 1621 die
263 1589 352 1635 post
373 1582 507 1623 horam
530 1598 671 1625 nonam
696 1586 875 1640 oppidum
898 1586 1099 1627 altissimis
1121 1586 1325 1627 moenibus
1348 1601 1571 1642 oppugnare
1592 1587 1659 1628 ad-

172 1663 333 1702 gressus
355 1657 446 1691 ante
469 1651 564 1692 solis
589 1667 769 1694 occasum
794 1655 1039 1709 expugnauit
1061 1662 1099 1694 et
1121 1655 1167 1694 ad
1191 1655 1447 1708 diripiendum
1467 1655 1656 1695 militibus

174 1719 372 1758 concessit
401 1720 610 1774 statimque
640 1721 686 1761 ab
718 1723 857 1775 oppido
888 1730 1018 1763 castra
1047 1723 1172 1762 mouit
1193 1730 1232 1762 et
1254 1721 1505 1776 Metropolim
1530 1722 1654 1772 uenit,

98 1783 152 1828 81
175 1785 232 1825 sic
264 1793 303 1824 ut
326 1788 485 1828 nuntios
508 1790 724 1842 expugnati
748 1790 875 1843 oppidi
901 1791 1117 1844 famamque
1140 1791 1407 1831 antecederet.
1452 1789 1657 1844 Metropo-

173 1853 266 1893 litae
298 1855 461 1908 primum
493 1857 629 1897 eodem
661 1858 724 1897 usi
751 1858 915 1897 consilio
945 1859 1068 1898 isdem
1091 1860 1256 1912 permoti
1278 1858 1502 1899 rumoribus
1525 1865 1656 1912 portas

175 1922 403 1962 clauserunt
424 1937 633 1980 murosque
657 1925 818 1965 armatis
841 1926 1161 1979 compleuerunt3
1195 1927 1263 1966 sed
1286 1934 1422 1980 postea
1445 1940 1539 1967 casu
1562 1926 1658 1966 ciui-

175 1990 266 2029 tatis
286 1988 550 2044 Gomphensis
574 1993 731 2047 cognito
755 2007 804 2033 ex
830 1994 1010 2047 captiuis,
1034 2008 1133 2047 quos
1153 1992 1304 2034 Caesar
1325 1995 1372 2034 ad
1394 2009 1543 2035 murum
1568 2009 1657 2049 pro-

126 2055 151 2097 2
175 2057 371 2098 ducendos
395 2067 620 2110 curauerat,
639 2068 770 2114 portas
788 2069 1040 2115 aperuerunt.
1077 2060 1229 2115 Quibus
1247 2063 1546 2116 diligentissime
1564 2077 1657 2103 con-

173 2126 340 2166 seruatis
363 2126 503 2167 collata
526 2129 683 2169 fortuna
695 2127 994 2183 Metropolitum
1014 2144 1100 2170 eum
1119 2144 1211 2170 casu
1226 2129 1532 2184 Gomphensium
1551 2131 1656 2171 nulla

172 2191 405 2235 Thessaliae
430 2196 502 2236 suit
523 2197 662 2238 ciuitas
684 2205 842 2252 praeter
853 2196 1086 2246 Larisaeos,
1104 2199 1166 2251 qui
1188 2200 1217 2252 ’ἷ-
1238 2199 1391 2252 magnis
1415 2198 1655 2239 exercitibus

175 2258 376 2316 Scipionis
402 2264 661 2316 tenebantur,
694 2266 785 2320 quin
810 2265 974 2307 Caesari
997 2274 1181 2321 parerent
1203 2274 1319 2320 atque
1341 2267 1531 2321 imperata
1554 2267 1656 2307 face-

322 2366 333 2398 l
356 2366 469 2410 Epyro
489 2379 522 2400 α.
711 2371 729 2404 3
748 2370 910 2413 petierat]
932 2376 1115 2413 occeperat
1134 2372 1164 2403 b.
1349 2372 1370 2403 4
1388 2370 1601 2413 Dyrrachino
1620 2382 1654 2402 a.

318 2419 336 2449 5
357 2425 526 2452 auxerant
546 2421 562 2452 b
575 2431 603 2452 e.
746 2422 982 2455 Androstenes
998 2433 1032 2454 a.
1175 2423 1251 2454 dum
1265 2423 1296 2454 b.
1438 2423 1455 2454 (i
1474 2422 1653 2464 Pompeia.

321 2469 360 2502 10
381 2472 664 2515 longinquamque
683 2484 716 2505 a.
875 2474 1157 2516 expugnationem
1180 2476 1211 2506 ἱ).
1376 2474 1412 2507 11
1435 2475 1608 2506 exercitus
1626 2487 1654 2506 e.

320 2523 359 2553 ab
380 2521 592 2565 Dyrrhachio
612 2536 702 2556 uuus
722 2525 814 2564 dem
844 2527 886 2557 ad
906 2525 1086 2557 Dirrachio
1104 2536 1144 2565 a,
1167 2526 1209 2557 ad
1228 2524 1453 2568 Dyrrachium
1476 2527 1512 2565 ὓς
1534 2536 1551 2557 a
1571 2526 1656 2569 Dyr-

176 2571 315 2602 rhachio
335 2573 478 2614 reliqui.
623 2576 660 2607 Γ.)
680 2575 835 2608 Larisam
855 2587 887 2617 a,
909 2576 1084 2608 Larissam
1104 2587 1139 2608 u.
1305 2577 1344 2609 13
1365 2577 1659 2620 adpropinquabat

175 2634 210 2655 a.
373 2625 415 2657 20
434 2627 539 2657 muris
560 2627 590 2657 b.
755 2628 939 2669 adgressus
959 2638 992 2658 α.
1148 2627 1190 2660 23
1211 2628 1347 2659 nuntius
1368 2629 1398 2659 b.
1555 2639 1658 2670 expu-

177 2676 295 2715 gnanti
314 2680 397 2707 aule
417 2688 509 2709 corr.
530 2689 562 2719 a,
585 2681 802 2721 expugnandi
823 2681 851 2711 Ι).
1018 2680 1173 2722 oppidum
1195 2681 1224 2711 b.
1398 2681 1602 2713 antecedere
1621 2692 1655 2712 α.

321 2727 362 2760 24
383 2728 488 2768 primo
507 2733 592 2761 [mle
611 2740 702 2761 corr.
723 2741 757 2762 α.
899 2731 1006 2761 isdem
1026 2742 1058 2770 a,
1081 2731 1198 2762 iisdem
1217 2741 1251 2762 v.
1409 2732 1450 2764 26
1472 2731 1659 2774 Gomphen-

177 2779 225 2809 sis
250 2778 481 2821 (·faeeonz·us;
503 2782 770 2823 *comprehensis
791 2782 850 2813 uel
862 2783 1071 2824 comprensis
1082 2793 1164 2813 771ss.
1179 2782 1279 2822 Μετ’,
1300 2783 1502 2825 compressis
1515 2793 1548 2823 a,
1570 2794 1658 2814 eom-

179 2839 318 2871 prcssae
338 2831 367 2861 b.
507 2832 550 2865 28
570 2831 800 2863 Gomfensium
821 2843 853 2871 (ι,
876 2835 939 2873 qui
955 2843 1030 2863 eam
1053 2833 1070 2863 b
1084 2843 1100 2863 c
1117 2833 1199 2864 add.
1222 2833 1329 2864 uenit.
1479 2834 1519 2865 29
1539 2830 1659 2864 Larisa

180 2891 236 2911 cos
255 2892 297 2921 a,-
319 2881 494 2915 Larissam
514 2894 638 2926 eosque
660 2885 689 2924 I),
712 2884 910 2916 Larissaeus
930 2895 963 2916 ιι.
1089 2885 1113 2926 -1-
1129 2885 1261 2926 magnis
1280 2885 1506 2927 exercitibus]
1526 2886 1563 2918 P.
1581 2886 1656 2918 184.

1687 915 1728 948 10

1689 1255 1729 1287 15

1688 1594 1731 1627 20

1689 1933 1731 1968 25

1689 2275 1730 2306 30
