1835 3240
85 150 167 193 508
646 156 719 197 DE
751 154 940 197 BELLO
974 156 1148 199 CIVILI

162 264 271 318 peius
302 265 388 308 siue
416 268 600 322 operibus
623 267 812 310 Caesaris
840 276 1040 322 permotus
1072 271 1158 312 siue
1187 272 1305 313 etiam
1336 273 1437 326 quod
1459 273 1506 315 ab
1528 274 1640 315 initio

158 329 274 373 Italia
303 336 497 376 excedere
528 337 789 376 constituerat
818 337 988 377 aduentu
1020 339 1174 378 nauium
1199 341 1478 393 profectionem
1502 356 1641 396 parare

114 398 140 439 3
161 399 298 455 incipit
319 409 374 451 et,
399 418 473 456 quo
494 403 842 457 faciliusimpetum
857 401 1044 446 Caesaris
1069 407 1257 457 tardaret,
1284 421 1331 448 ne
1353 409 1424 449 sub
1447 409 1531 463 ipsa
1553 424 1641 463 pro-

162 468 333 510 fectione
356 471 497 510 milites
520 471 699 524 oppidum
721 472 1014 525 inrumperent,
1050 481 1182 527 portas
1205 475 1397 525 obstruit,
1431 477 1538 517 uicos
1561 478 1642 531 pla-

161 542 323 589 teasque
346 537 567 578 inaedificat
583 569 594 589 ,
622 540 747 579 l'ossas
771 547 1022 581 transuersas
1046 542 1118 581 uiis
1144 543 1344 595 praeducit
1365 550 1479 596 atque
1501 544 1552 584 ibi
1575 559 1637 584 su-

112 601 138 641 4
161 603 228 643 des
250 605 482 657 stipitesque
505 615 740 659 praeacutos
765 608 910 661 defigit.
957 608 1064 649 Haec
1087 610 1239 650 leuibus
1262 610 1435 650 cratibus
1460 618 1642 665 terraque

156 670 367 724 inaequat3
393 673 520 714 aditus
543 682 672 715 autem
696 683 813 728 atque
836 676 979 717 itinera
1002 678 1101 727 duo,
1137 692 1234 731 quae
1267 685 1383 718 extra
1413 692 1563 718 murum
1595 679 1641 719 ad

159 746 314 792 portum
346 741 547 792 serebant,
591 744 773 783 maximis
806 744 945 784 defixis
979 745 1154 786 trabibus
1187 753 1300 799 atque
1332 746 1388 786 eis
1421 746 1642 799 praeacutis

112 804 136 846 5
159 807 369 861 praesepit.
433 807 507 850 His
539 811 686 864 paratis
718 811 834 852 rebus
866 812 1009 853 milites
1038 813 1197 854 silentio
1230 828 1354 854 naues
1377 814 1643 854 conscendere

158 873 282 924 iubet,
308 876 513 930 expeditos
535 885 665 919 autem
688 893 738 919 ex
761 880 958 930 euocatis,
984 881 1198 936 sagittariis
1221 881 1560 934 funditoribusque
1581 895 1644 922 ra-

111 939 137 981 6
158 955 225 982 ros
247 943 287 983 in
305 958 417 984 muro
440 946 691 1000 turribusque
714 947 894 1001 disponit.
937 947 1022 990 Hos
1053 957 1164 989 certo
1193 949 1307 1003 signo
1338 962 1529 990 reuocare
1551 963 1645 990 con-

158 1010 310 1061 stituit,
345 1027 431 1053 cum
456 1028 594 1055 omnes
616 1015 760 1056 milites
784 1029 905 1057 naues
928 1018 1279 1067 conscendissent,
1314 1024 1429 1070 atque
1450 1017 1499 1058 iis
1522 1030 1642 1070 expe-

80 1075 139 1121 28
162 1077 243 1118 dito
273 1079 360 1120 loco
394 1083 569 1123 actuaria
601 1084 759 1137 nauigia
790 1085 990 1138 relinquit.
1056 1084 1283 1126 Brundisini
1313 1083 1643 1139 Pompeianorum

156 1145 321 1187 militum
343 1147 499 1190 iniuriis
522 1157 639 1204 atque
660 1152 782 1205 ipsius
805 1151 981 1206 Pompeii
1005 1154 1252 1193 contumeliis
1274 1153 1442 1206 permoti
1456 1151 1642 1193 Caesaris

110 1211 137 1252 2
157 1214 276 1255 rebus
309 1216 510 1257 fauebant.
553 1217 691 1272 Itaque
729 1221 885 1273 cognita
908 1219 1081 1274 Pompeii
1106 1220 1351 1274 profectione
1375 1219 1645 1259 concursanti-

156 1281 230 1322 bus
262 1282 337 1323 illis
369 1292 485 1340 atque
516 1286 556 1325 in
588 1300 633 1326 ea
664 1300 706 1326 re
738 1288 941 1341 occupatis
976 1289 1092 1341 uulgo
1126 1302 1179 1328 ex
1213 1288 1328 1328 tectis
1351 1286 1640 1340 significabant.

156 1346 237 1389 Per
259 1365 356 1406 quos
379 1366 421 1392 re
445 1354 603 1406 cognita
626 1352 778 1395 Caesar
797 1356 923 1396 scalas
947 1356 1076 1409 parari
1099 1356 1319 1408 militesque
1351 1355 1495 1395 armari
1518 1355 1640 1404 iubet,

109 1415 134 1455 3
157 1431 206 1457 ne
229 1432 344 1473 quam
367 1420 425 1460 rei
447 1422 645 1474 gerendae
668 1424 893 1464 facultatem
916 1423 1100 1464 dimittat.
1163 1422 1373 1477 Pompeius
1397 1423 1468 1463 sub
1492 1432 1644 1463 noctem

157 1499 282 1526 naues
303 1488 438 1528 soluit.
484 1488 562 1542 Qui
585 1497 698 1531 erant
718 1491 758 1531 in
782 1506 894 1532 muro
917 1491 1117 1532 custodiae
1140 1505 1257 1532 causa
1280 1491 1497 1541 conlocati,
1522 1504 1568 1531 eo
1590 1490 1643 1531 si-

157 1567 249 1607 gn0,
275 1557 376 1608 quod
400 1565 659 1608 conuenerat,
685 1567 925 1600 reuocantur
945 1559 1127 1612 notisque
1147 1560 1356 1600 itineribus
1380 1559 1426 1600 ad
1448 1572 1570 1599 naues
1581 1558 1646 1599 de-

108 1620 134 1659 4
156 1630 336 1663 currunt.
400 1622 552 1667 Milites
583 1627 720 1679 positis
760 1629 878 1669 scalis
914 1641 1046 1668 muros
1078 1627 1322 1679 ascendunt,
1355 1627 1426 1668 sed
1454 1625 1589 1667 moniti
1621 1639 1644 1666 a

154 1686 436 1743 Brundisinis,
471 1701 513 1734 ut
543 1695 687 1735 uallum
711 1710 869 1737 caecum
892 1697 1098 1749 fossasque
1128 1702 1321 1745 caueant,
1356 1694 1574 1735 subsistunt
1605 1699 1643 1733 et

155 1756 276 1811 longo
306 1759 450 1802 itinere
481 1761 530 1802 ab
562 1763 621 1803 his
651 1763 909 1805 circumducti
939 1764 987 1805 ad
1019 1770 1171 1817 portum
1204 1763 1438 1817 perueniunt
1469 1762 1644 1814 duasque

154 1838 278 1866 naues
300 1841 387 1868 cum
411 1829 612 1881 militibus,
638 1846 736 1884 quae
759 1833 806 1873 ad
828 1831 950 1873 moles
974 1830 1162 1872 Caesaris
1185 1830 1460 1880 adhaeserant,
1487 1828 1642 1883 scaphis

81 1891 137 1937 29
160 1892 421 1949 lintribusque
443 1899 760 1951 reprehendunt,
796 1900 1059 1953 reprehensas
1092 1899 1311 1952 excipiunt.
1358 1895 1535 1944 Caesar,
1569 1895 1644 1936 etsi

156 1961 204 2001 ad
226 1976 333 2016 spem
348 1966 578 2006 conficiendi
602 1968 749 2020 negotii
774 1968 945 2008 maxime
969 1967 1158 2021 probabat
1180 1966 1328 2006 coactis
1352 1965 1515 2006 nauibus
1536 1977 1643 2005 mare

159 2032 329 2072 transire
352 2040 390 2072 et
410 2032 640 2088 Pompeium
663 2036 790 2089 sequi,
830 2036 1054 2089 priusquam
1076 2035 1142 2075 ille
1164 2049 1254 2075 sese
1276 2033 1553 2074 transmarinis
1576 2046 1645 2073 au-

154 2098 262 2139 xiliis
285 2101 561 2152 confirmaret,
588 2110 717 2144 tamen
740 2105 824 2144 eius
845 2104 903 2143 rei
927 2117 1072 2143 moram
1097 2103 1358 2156 temporisque
1380 2101 1641 2154 longinquita-

157 2173 232 2207 tem
256 2168 439 2219 timebat,
475 2171 573 2223 quod
598 2171 779 2211 omnibus
803 2171 950 2211 coactis
972 2171 1138 2211 nauibus
1160 2169 1372 2222 Pompeius
1395 2175 1640 2222 praesentem

109 2233 136 2274 2
158 2235 384 2276 facultatem
406 2238 638 2291 insequendi
661 2239 722 2279 sui
745 2239 958 2279 ademerat.
1006 2238 1335 2292 Relinquebatur,
1359 2243 1401 2276 ut
1418 2250 1471 2276 ex
1491 2235 1643 2288 longin-

156 2302 358 2354 quioribus
402 2306 628 2360 regionibus
660 2306 812 2347 Galliae
842 2305 1057 2360 Picenique
1097 2314 1134 2347 et
1166 2320 1188 2346 a
1221 2307 1322 2345 freto
1355 2317 1476 2344 naues
1509 2310 1643 2343 essent

155 2372 439 2424 expectandae.
483 2372 527 2414 Id
551 2382 712 2430 propter
733 2374 826 2415 anni
850 2382 1002 2429 tempus
1024 2374 1180 2428 longum
1203 2380 1318 2426 atque
1339 2371 1563 2426 impeditum
1582 2370 1639 2410 ui-

300 2507 319 2539 4
337 2506 573 2548 inrumperent
590 2518 624 2538 α.
791 2508 808 2538 5
825 2510 908 2538 ante
929 2506 1040 2539 fossas
1058 2505 1140 2538 add.
1162 2515 1200 2536 ac
1219 2514 1240 2535 a
1254 2504 1285 2535 b.
1459 2503 1477 2535 9
1497 2502 1639 2546 paratis]

154 2557 304 2599 peractis
322 2568 387 2599 pro
407 2568 484 2590 nar.
509 2559 589 2592 lect.
610 2559 644 2591 d.
811 2559 852 2591 12
871 2558 921 2590 his
940 2569 973 2589 α.
1148 2556 1189 2588 13
1209 2555 1443 2597 Pompeiorum
1460 2564 1494 2586 a.

160 2608 197 2641 15
216 2609 332 2652 rebus]
353 2610 505 2652 partibus
527 2611 557 2642 b.
732 2610 772 2642 19
792 2610 962 2641 conlocati
980 2620 1014 2641 a.
1200 2608 1242 2640 20
1263 2607 1442 2648 noctisque
1460 2616 1492 2637 a.

153 2662 194 2695 21
215 2663 406 2695 ascendunt
426 2663 490 2704 (α).
631 2662 675 2697 22
693 2661 874 2693 Brundinis
893 2672 925 2693 α.
1079 2660 1203 2691 uallem
1223 2668 1359 2691 caecum
1381 2657 1553 2699 fossisque
1572 2666 1592 2687 α
1606 2656 1636 2688 b.

298 2714 340 2749 23
360 2714 562 2746 circumdati
581 2724 615 2745 a.
794 2714 836 2745 24
856 2713 1064 2744 adheserant
1081 2722 1114 2743 α.
1284 2711 1327 2744 25
1347 2710 1585 2753 lyntribusque
1605 2719 1639 2740 a.

299 2765 574 2808 reprehendunt,
613 2763 838 2805 reprehensas
863 2762 998 2802 abed,-
1036 2762 1313 2805 deprehendunt,
1343 2760 1577 2803 deprehensas
1592 2769 1636 2817 ft.

299 2818 341 2851 27
359 2817 409 2849 illi
427 2827 503 2849 esse
521 2827 541 2847 a
560 2827 577 2848 c
591 2819 677 2857 post
696 2815 745 2847 illi
763 2825 832 2845 sec.
854 2825 899 2846 m.
919 2825 1095 2856 suprase„
1117 2824 1152 2845 se
1172 2813 1243 2843 illic
1263 2814 1292 2844 b.
1449 2811 1491 2843 30
1511 2811 1641 2851 longin-

156 2868 230 2910 quis
251 2869 281 2901 b.
424 2868 466 2901 32
485 2867 718 2910 expectandae
737 2876 771 2897 a.

1677 889 1717 921 10

1678 1226 1717 1258 15

1675 1564 1718 1599 20

1675 2242 1716 2274 30
