1835 3240
80 885 121 919 10

85 1226 125 1258 15

83 1563 125 1597 20

86 2238 128 2271 30

575 152 759 196 COMM.
784 153 802 195 Ι
823 151 947 195 CAP.
971 152 1023 194 71
1039 152 1174 194 —74.
1629 154 1710 197 529

157 285 235 312 non
256 282 344 310 esse
366 275 624 322 pugnaturos.
668 267 740 308 Ille
771 269 810 309 in
842 281 912 307 sua
945 266 1139 307 sententia
1170 273 1400 319 perseuerat
1422 274 1459 307 et
1483 269 1634 321 paulum

156 353 209 378 ex
230 351 275 377 eo
297 337 383 376 loco
407 336 656 390 degreditur,
692 343 733 376 ut
767 336 944 375 timorem
976 333 1217 375 aduersariis
1239 333 1405 372 minuat.
1455 333 1635 377 Petreius
1658 336 1682 377 5

156 413 269 458 atque
291 404 481 443 Afranius
514 403 642 443 oblata
675 403 860 443 facultate
891 403 930 442 in
961 408 1091 442 castra
1113 414 1202 441 sese
1224 402 1418 441 referunt.
1484 400 1636 444 Caesar

153 471 357 526 praesidiis
380 471 576 511 montibus
610 469 808 524 dispositis
847 469 951 508 omni
973 470 1018 508 ad
1043 468 1234 509 Hiberum
1255 468 1471 508 intercluso
1494 469 1636 511 itinere

158 554 269 593 quam
294 539 472 593 proxime
504 545 634 592 potest
666 537 834 577 hostium
865 537 1006 576 castris
1030 544 1158 576 castra
1181 535 1407 575 communit.
1469 534 1636 577 Postero
1658 538 1713 582 73

155 607 216 647 die
239 607 356 647 duces
379 606 695 647 aduersariorum
719 603 952 657 perturbati,
978 604 1078 656 quod
1102 617 1255 643 omnem
1278 604 1335 644 rei
1354 604 1637 645 frumentariae

153 674 402 727 fluminisque
417 673 552 713 Hiberi
575 687 682 726 spem
701 672 946 721 dimiserant,
972 671 1018 710 de
1040 671 1201 723 reliquis
1215 670 1331 711 rebus
1345 671 1634 712 consultabant.

157 742 259 784 Erat
279 756 394 782 unum
418 741 509 790 iter,
534 739 703 780 Ilerdam
725 740 758 779 si
780 739 929 779 reuerti
954 738 1125 788 uellent3
1159 738 1323 778 alterum
1342 769 1352 786 ,
1384 739 1418 778 si
1438 737 1637 779 Tarraco-
1658 739 1687 779 2

154 824 241 851 nem
274 816 468 863 peterent.
528 807 636 848 Haec
666 806 966 847 consiliantibus
997 806 1054 845 eis
1086 806 1316 845 nuntiantur
1346 813 1556 858 aquatores
1591 806 1638 847 ab

154 878 326 931 equitatu
349 876 470 930 premi
495 883 644 916 nostro,
677 872 767 926 Qua
788 888 832 914 re
855 873 1012 926 cognita
1034 872 1192 912 crebras
1214 874 1406 914 stationes
1429 874 1639 928 disponunt
1660 873 1685 914 3

156 944 327 998 equitum
350 951 389 984 et
410 944 626 984 cohortium
652 942 863 982 alariarum
886 940 1201 994 legionariasque
1223 941 1447 981 Intericiunt
1465 942 1639 982 cohortis

155 1012 376 1064 uallumque
400 1025 451 1050 cx
474 1010 615 1050 castris
639 1010 684 1049 ad
708 1024 846 1062 aquam
871 1009 1015 1048 ducere
1036 1008 1243 1061 incipiunt,
1269 1015 1309 1048 ut
1330 1008 1435 1048 intra
1457 1009 1638 1048 munitio-

155 1093 242 1119 nem
265 1086 304 1118 et
325 1079 410 1119 sine
434 1078 573 1117 timore
596 1085 635 1118 et
655 1078 741 1117 sine
764 1076 998 1117 stationibus
1021 1076 1156 1129 aquari
1180 1082 1355 1130 possent.
1396 1074 1438 1115 Id
1463 1090 1558 1129 opus
1580 1076 1640 1116 in-

157 1154 218 1187 ter
239 1160 281 1186 se
303 1145 486 1187 Petreius
518 1153 633 1199 atque
656 1145 846 1185 Afranius
877 1145 1102 1198 partiuntur
1123 1144 1273 1197 ipsique
1296 1144 1526 1198 perficiundi
1549 1158 1640 1198 ope-

158 1216 212 1255 ris
235 1228 356 1254 causa
377 1214 531 1268 longius
557 1213 877 1269 progrediuntur.
924 1211 1103 1264 Quorum
1137 1212 1313 1253 discessu
1345 1213 1507 1253 liberam
1532 1212 1637 1253 nacti
1658 1211 1715 1256 7-1

157 1285 303 1326 milites
325 1282 604 1334 colloquiorum
629 1282 851 1320 facultatem
874 1281 993 1333 uulgo
1017 1281 1254 1334 procedunt,
1281 1288 1319 1320 et
1341 1295 1455 1333 quem
1478 1281 1642 1333 quisquc

157 1351 360 1393 incastris
394 1357 528 1389 notum
559 1355 626 1388 aut
656 1348 890 1401 municipem
923 1348 1090 1388 habebat
1120 1348 1316 1400 conquirit
1346 1355 1460 1401 atque
1483 1354 1640 1388 euocat.

156 1418 331 1459 Primum
355 1424 477 1470 agunt
498 1416 645 1470 gratias
669 1429 804 1455 omnes
828 1416 1028 1466 omnibus,
1055 1417 1154 1468 quod
1178 1416 1249 1455 sibi
1273 1416 1497 1468 perterritis
1519 1416 1643 1469 pridie
1664 1414 1690 1456 2

156 1487 448 1541 pepercissent:
475 1498 607 1524 eorum
631 1498 673 1524 se
695 1484 884 1523 beneficio
909 1484 1058 1524 uiuere.
1086 1483 1237 1524 Deinde
1258 1483 1508 1536 imperatoris
1531 1483 1645 1523 fidem

158 1561 375 1609 quaerunt,
408 1559 569 1593 rectene
592 1566 633 1592 se
656 1552 711 1592 illi
735 1551 814 1591 sint
835 1552 1107 1601 commissuri,
1146 1559 1209 1598 et,
1235 1550 1337 1604 quod
1361 1565 1439 1590 non
1460 1550 1507 1590 ab
1530 1550 1644 1590 initio

159 1622 328 1663 fecerint
349 1633 533 1673 armaque
557 1634 641 1659 cum
665 1619 886 1659 hominibus
910 1619 1145 1659 necessariis
1169 1626 1208 1659 et
1229 1619 1536 1672 consanguineis
1551 1632 1644 1658 con-

157 1688 335 1738 tulerint,
361 1695 592 1741 queruntur.
629 1686 703 1727 His
726 1687 931 1741 prouocati
953 1687 1201 1727 sermonibus
1216 1687 1327 1726 fidem
1345 1686 1644 1739 abimpcratore
1667 1685 1691 1725 3

159 1757 206 1798 de
226 1755 379 1797 Petreii
402 1763 517 1809 atque
539 1755 696 1795 Afranii
722 1756 798 1795 uita
824 1762 983 1809 petunt,
1016 1768 1065 1794 ne
1098 1755 1197 1807 quod
1220 1754 1259 1793 in
1282 1768 1324 1794 se
1347 1754 1476 1794 scelus
1500 1766 1643 1793 conce-

158 1824 264 1879 pisse
288 1838 362 1864 neu
384 1838 477 1864 suos
501 1823 720 1877 prodidisse
742 1823 965 1863 uideantur.
1021 1820 1173 1875 Quibus
1196 1822 1437 1862 confirmatis
1459 1821 1578 1862 rebus
1601 1834 1645 1861 se

158 1892 289 1933 statim
312 1891 425 1945 signa
449 1892 710 1932 translaturos
733 1892 967 1930 confirmant
988 1891 1218 1944 legatosque
1249 1891 1294 1930 de
1318 1903 1411 1944 pace
1434 1889 1645 1943 primorum

160 1960 338 2000 ordinum
361 1959 614 2000 centuriones
645 1960 692 1999 ad
716 1956 930 1999 Caesarem
965 1958 1136 1998 mittunt.
1190 1957 1353 1998 Interim
1386 1958 1452 1998 alii
1484 1972 1576 1997 suos
1607 1958 1646 1996 in
1667 1956 1695 1996 4

160 2034 293 2068 castra
314 2027 506 2067 inuitandi
528 2041 646 2067 causa
670 2027 890 2075 adducunt,
917 2026 982 2066 alii
1006 2025 1052 2065 ab
1074 2026 1156 2066 suis
1179 2026 1426 2065 abducuntur
1441 2056 1451 2075 ,
1485 2026 1582 2065 adeo
1604 2031 1646 2064 ut

159 2110 239 2136 una
270 2102 401 2136 castra
429 2095 506 2135 iam
538 2096 642 2135 sacta
674 2108 724 2134 ex
756 2095 860 2134 binis
883 2094 1136 2144 uiderentur,
1169 2094 1468 2147 compluresque
1497 2092 1647 2132 tribuni

160 2164 325 2204 militum
348 2170 388 2203 et
408 2162 662 2203 centuriones
675 2163 723 2202 ad
736 2160 955 2203 Caesarem
977 2162 1143 2202 ueniunt
1164 2175 1284 2214 seque
1307 2161 1342 2201 ei
1358 2160 1644 2200 commendant.

159 2230 264 2272 Idem
289 2232 362 2272 hoc
383 2231 426 2271 fit
447 2245 468 2270 a
489 2230 729 2284 principibus
754 2229 971 2283 Hispaniae
987 2261 997 2279 ,
1033 2243 1129 2285 quos
1160 2234 1427 2269 euocauerant
1449 2234 1487 2267 et
1509 2241 1643 2268 secum
1666 2226 1689 2267 5

160 2300 201 2340 in
223 2300 363 2340 castris
385 2299 582 2339 habebant
597 2298 773 2338 obsidum
796 2297 898 2337 loco.
933 2297 986 2337 Hi
1008 2311 1102 2338 suos
1125 2304 1241 2337 notos
1264 2296 1515 2350 hospitesque
1529 2309 1647 2348 quae-

159 2367 325 2418 rebant,
352 2381 422 2421 per
443 2381 557 2420 quem
589 2366 750 2419 quisque
774 2380 908 2406 eorum
931 2365 1081 2406 aditum
1104 2364 1457 2406 commendationis
1481 2363 1645 2404 haberet

307 2492 321 2524 1
344 2492 516 2533 paululum
537 2502 613 2522 cum
634 2493 653 2525 2
673 2491 759 2522 dett.
783 2491 833 2523 ‘et
849 2491 867 2523 3
886 2490 979 2522 alsis'
998 2501 1034 2523 u.
1185 2492 1205 2525 2
1225 2490 1422 2530 degreditur
1439 2499 1459 2520 a
1475 2490 1492 2520 b
1507 2513 1514 2527 ‚
1536 2489 1647 2530 digre-

165 2541 257 2573 ditur
273 2552 308 2572 τι.
471 2544 491 2574 4
509 2546 595 2574 aute
613 2542 784 2573 montibus
805 2541 885 2573 add.
905 2542 937 2572 in
957 2543 977 2576 2
996 2541 1084 2572 dett.
1104 2551 1140 2572 u.
1320 2542 1338 2572 9
1359 2540 1559 2572 nuntiantur
1576 2551 1597 2571 α
1614 2542 1645 2580 Ι),

165 2593 341 2624 nuntiatur
358 2603 394 2624 u.
544 2594 581 2626 11
603 2594 818 2633 (intericiunt
836 2596 944 2624 etiam
964 2594 994 2634 e)
1015 2592 1228 2624 interficiunt
1249 2593 1279 2623 b.
1423 2592 1589 2634 (cohortis
1609 2594 1644 2631 a)

165 2644 362 2675 cohortibus
382 2645 413 2675 b.
558 2644 597 2676 13
618 2650 653 2675 ut
672 2645 744 2675 sine
768 2644 888 2675 timore
906 2654 940 2675 α.
1084 2644 1124 2676 14
1142 2644 1343 2685 perficiundi
1363 2654 1395 2675 α.
1538 2644 1574 2674 21
1594 2653 1647 2673 ar-

165 2704 217 2725 ma
237 2695 369 2736 quicum
388 2704 421 2725 a.
607 2696 649 2727 24
670 2695 879 2736 prodidisset
896 2698 979 2726 ante
997 2703 1090 2725 corr.
1111 2704 1145 2725 a.
1333 2695 1374 2726 25
1401 2694 1530 2734 legatos
1551 2694 1591 2723 de
1613 2694 1643 2723 b.

305 2744 347 2777 27
368 2743 408 2775 ab
427 2744 497 2775 suis
516 2744 732 2776 adducuntur
749 2745 814 2786 (a).
1000 2745 1127 2778 281a1u
1147 2744 1238 2776 facta
1257 2755 1323 2776 om.
1349 2745 1380 2775 b.
1551 2744 1592 2776 29
1612 2748 1647 2774 et

165 2805 233 2827 om.
254 2805 274 2826 a
289 2796 319 2825 b.
478 2796 520 2827 30
540 2806 621 2838 quos
640 2807 659 2828 a
675 2798 704 2837 b,
727 2807 809 2839 quos
829 2797 880 2828 illi
899 2807 932 2829 ιι.
1112 2797 1151 2829 31
1174 2797 1206 2828 hi
1227 2808 1247 2829 α
1267 2797 1343 2828 edd.
1363 2798 1446 2826 ante
1464 2795 1547 2826 Ald.
1569 2795 1646 2827 Ste-

159 2848 314 2889 phanus,
335 2846 358 2877 ii
376 2846 488 2878 Aldus
507 2857 540 2879 u.

187 2912 306 2947 Caesar,
322 2912 366 2939 ed.
383 2911 523 2949 Nipperd.
1365 2902 1418 2942 34
