1835 3240
107 166 187 209 306
625 161 699 204 DE
730 160 920 204 BELLO
952 157 1201 203 GALLICO

181 293 281 320 mam
303 277 515 332 legionem,
540 290 638 330 quae
660 277 770 316 iuxta
793 274 1042 323 constiterat,
1066 275 1158 315 item
1175 273 1309 329 urgeri
1331 273 1377 315 ab
1400 274 1512 315 hoste
1534 274 1655 315 uidis-

180 354 255 397 set,
279 346 457 386 tribunos
478 345 641 385 militum
663 343 838 391 monuit,
863 349 905 381 ut
924 341 1111 395 paulatim
1132 355 1221 382 sese
1243 343 1417 395 legiones
1441 343 1655 396 coniunge-

131 415 159 457 2
179 422 269 456 rent
290 421 329 455 ct
349 427 538 454 conuersa
562 412 673 464 signa
693 410 733 450 in
756 410 891 449 hostes
912 409 1121 449 inferrent.
1184 406 1273 460 Quo
1305 410 1408 449 facto
1439 424 1523 450 eum
1557 410 1655 450 alius

179 483 245 523 alii
266 482 477 522 subsidium
500 481 646 527 ferret,
680 490 804 529 neque
833 477 1039 527 timerent,
1065 490 1114 517 ne
1137 476 1265 516 auersi
1288 476 1334 515 ab
1358 476 1469 516 hoste
1492 477 1657 517 eircum-

133 550 158 592 3
180 551 426 596 uenirentur‚
451 546 635 587 audacius
656 546 843 585 resistere
864 558 909 584 ac
931 545 1071 584 fortius
1093 558 1268 598 pugnare
1291 550 1519 596 coeperunt.
1589 543 1653 584 In-

178 618 293 659 terim
315 616 457 656 milites
481 614 678 666 legionum
702 614 865 652 duarum
881 642 891 661 ,
925 625 1024 665 quae
1054 612 1095 651 in
1132 612 1346 652 nouissimo
1369 611 1523 664 agmine
1546 624 1656 665 prae-

179 686 278 726 sidio
300 681 583 738 impedimentis
606 682 777 729 fuerant,
803 679 953 734 proelio
977 680 1155 721 nuntiato
1178 693 1296 719 cursu
1318 679 1482 719 incitato
1503 679 1542 718 in
1554 693 1657 718 sum—

129 753 157 794 4
177 767 240 793 mo
263 752 361 792 colle
393 750 439 790 ab
471 749 647 790 hostibus
670 748 1038 802 conspiciebantur,
1074 754 1112 788 et
1140 747 1259 787 Titus
1291 746 1493 787 Labienus
1516 746 1657 786 castris

177 821 349 862 hostium
370 818 517 872 potitus
539 824 577 858 et
595 831 646 857 ex
668 817 755 857 loco
779 816 1005 870 superiore,
1040 828 1140 868 qnae
1169 828 1233 854 res
1263 814 1304 855 in
1335 814 1483 855 nostris
1515 813 1656 854 castris

178 894 436 942 gererentur,
471 885 718 939 conspicatus
742 884 930 925 decimam
952 884 1145 938 legionem
1169 882 1342 923 subsidio
1366 882 1514 922 nostris
1536 882 1655 922 misit.

130 954 154 995 5
179 954 273 1008 Qui,
299 969 383 995 cum
407 967 459 994 ex
481 954 650 1007 equitum
676 960 714 993 et
727 952 906 992 calonum
922 953 1028 1006 fuga,
1054 965 1127 1004 quo
1148 950 1190 991 iu
1212 951 1298 991 loeo
1310 963 1374 990 res
1390 957 1511 999 esset,
1538 963 1659 1003 quan—

177 1030 296 1076 toque
327 1024 367 1063 in
398 1022 572 1077 periculo
606 1028 645 1061 et
674 1027 805 1061 castra
836 1026 874 1060 et
909 1019 1086 1072 legiones
1118 1026 1158 1058 et
1178 1019 1390 1071 imperator
1410 1024 1654 1066 uersaretur,

100 1092 155 1136 27
177 1091 484 1146 cognouissent,
524 1090 620 1129 nihil
651 1089 698 1129 ad
730 1088 968 1128 celeritatem
992 1087 1066 1127 sibi
1086 1087 1225 1139 reliqui
1248 1087 1442 1126 fecerunt.
1506 1084 1657 1124 Horum

176 1160 348 1199 aduentu
379 1165 489 1198 tanta
522 1171 652 1197 rerum
683 1155 934 1197 commutatio
969 1162 1030 1194 est
1063 1155 1187 1203 facta,
1224 1161 1265 1193 ut
1295 1154 1423 1193 nostri
1454 1153 1569 1192 etiam
1594 1151 1657 1205 qui

179 1226 409 1267 uulneribus
433 1225 602 1265 confecti
624 1223 953 1277 procubuissent,
980 1221 1104 1261 scutis
1126 1221 1254 1260 innixi
1277 1221 1464 1274 proelium
1487 1220 1659 1260 redinte-

175 1301 362 1348 grarent,
394 1300 475 1332 tum
508 1293 668 1332 calones
690 1290 924 1343 perterritos
947 1289 1082 1328 hostes
1106 1288 1324 1340 conspicati
1347 1287 1464 1327 etiam
1486 1286 1658 1325 inermes

128 1362 155 1402 2
176 1362 338 1402 armatis
362 1365 639 1408 occurrerent,
680 1358 829 1411 equites
851 1370 945 1396 uero
961 1387 972 1406 ,
1008 1362 1050 1395 nt
1071 1355 1352 1408 turpitudinem
1374 1355 1488 1407 fugae
1512 1353 1658 1392 uirtute

175 1429 368 1478 delerent,
394 1427 573 1467 omnibus
595 1427 635 1466 in
656 1425 754 1466 locis
788 1425 990 1478 [puguant
1012 1423 1113 1477 quo]
1147 1436 1189 1462 se
1218 1421 1447 1475 legionariis
1469 1419 1658 1460 militibus

127 1497 151 1538 3
174 1499 435 1552 praeferrent.
482 1495 536 1535 At
558 1495 691 1535 hostes
713 1493 832 1534 etiam
853 1493 893 1532 in
916 1499 1095 1532 extrema
1116 1504 1184 1544 spe
1207 1490 1342 1530 salutis
1365 1496 1513 1530 tantam
1535 1489 1661 1529 uirtu-

173 1573 250 1606 tem
277 1564 581 1618 praestiterunt,
612 1570 676 1612 ut,
712 1575 797 1602 eum
829 1560 943 1615 primi
976 1574 1111 1600 eorum
1134 1559 1386 1608 cecidissent,
1411 1557 1581 1611 proximi
1602 1556 1660 1596 ia-

126 1634 152 1673 4
175 1633 354 1674 centibus
376 1632 610 1672 insisterent
631 1638 747 1683 atque
770 1642 822 1668 ex
846 1642 980 1668 eorum
1005 1626 1235 1681 corporibus
1249 1632 1491 1680 pugnarent3
1516 1624 1576 1664 his
1593 1624 1658 1664 de-

174 1701 289 1742 iectis
313 1707 351 1741 et
374 1699 617 1740 coaceruatis
640 1696 898 1737 cadaueribus
915 1726 925 1746 ,
961 1696 1024 1748 qui
1048 1701 1328 1748 superessent,
1363 1700 1406 1733 ut
1435 1706 1487 1732 ex
1509 1691 1657 1731 tumulo

129 1770 153 1811 5
177 1770 253 1810 tela
274 1769 314 1808 in
335 1775 494 1808 nostros
517 1767 746 1806 eonicerent
775 1771 815 1804 et
844 1764 920 1817 pila
954 1763 1173 1816 intercepta
1194 1762 1469 1802 remitterent:
1506 1767 1548 1799 ut
1579 1773 1656 1799 non

174 1838 409 1891 nequiquam
442 1842 573 1875 tantae
605 1832 764 1874 uirtutis
797 1832 974 1872 homines
1005 1831 1170 1871 iudicari
1211 1829 1369 1870 deberet
1411 1841 1529 1868 ausos
1570 1840 1658 1867 esse

175 1905 347 1945 transire
371 1903 601 1943 latissimum
624 1902 782 1949 flumen,
808 1900 1023 1940 ascendere
1045 1898 1257 1938 altissimas
1279 1898 1384 1950 ripas
1399 1928 1409 1945 ,
1433 1895 1564 1936 subire
1585 1894 1660 1934 ini-

175 1973 401 2026 quissimum
424 1971 575 2021 locum3
601 1983 697 2023 quae
720 1969 850 2009 facilia
863 1981 915 2008 ex
935 1966 1167 2007 difficillimis
1189 1965 1308 2006 animi
1328 1963 1554 2018 magnitudo
1567 1963 1658 2003 red-

319 2143 332 2175 1
356 2140 466 2183 iuxta]
487 2141 543 2172 uix
561 2141 593 2172 D
607 2140 624 2171 b
637 2150 666 2171 c.
837 2137 976 2179 urgueri
993 2136 1066 2169 DE
1083 2139 1119 2167 et
1133 2139 1215 2167 ante
1234 2144 1327 2166 eor-7⁸.
1346 2135 1388 2166 B.
1552 2131 1658 2163 hosti-

174 2198 236 2230 bus
258 2197 289 2228 b.
485 2194 504 2226 3
523 2192 672 2224 inferret
689 2201 735 2222 m.
752 2201 810 2233 pr.
832 2191 875 2222 B.
1074 2187 1165 2230 cum]
1185 2188 1216 2218 in
1235 2187 1317 2219 DE.
1519 2183 1606 2214 alius
1629 2183 1659 2213 A

174 2249 249 2291 (hie
267 2248 276 2279 i
294 2246 472 2290 supr-ase.)
492 2245 522 2276 B
536 2245 575 2281 C,
596 2244 672 2275 aliis
690 2243 722 2274 D
736 2243 766 2274 E
783 2242 845 2283 es.
1054 2241 1073 2272 4
1093 2240 1151 2271 alii
1171 2250 1238 2271 om.
1258 2239 1289 2270 D
1302 2238 1345 2270 E.
1550 2234 1658 2266 ferret

176 2302 246 2332 AB
260 2301 300 2342 G,
323 2299 452 2332 ferrent
469 2298 500 2329 D
515 2296 616 2338 Ees.
825 2295 842 2325 5
862 2293 1017 2325 audicius
1035 2303 1081 2324 m.
1099 2301 1156 2334 pr.
1176 2292 1219 2323 B.
1413 2296 1603 2330 repugnare
1624 2287 1654 2317 b.

318 2351 338 2384 7
357 2352 498 2383 incitata
517 2349 560 2380 A.
762 2347 782 2379 8
800 2345 897 2378 Titus
915 2346 965 2387 B,
986 2344 1027 2377 T.
1048 2355 1083 2377 u.
1304 2343 1323 2375 9
1342 2342 1452 2384 potius
1472 2351 1518 2371 m.
1534 2349 1593 2381 pr.
1614 2339 1655 2370 B.

320 2414 361 2435 ex
381 2414 420 2435 eo
440 2403 514 2433 loco
535 2402 566 2432 b.
708 2399 884 2441 superiore
905 2408 972 2429 om.
992 2408 1039 2429 m.
1057 2406 1113 2439 pr.
1137 2396 1166 2426 b.
1297 2394 1332 2426 11
1357 2403 1430 2424 cum
1450 2392 1603 2433 equitatu
1623 2391 1653 2421 b.

320 2458 437 2486 essent
454 2454 499 2485 D.
642 2450 683 2482 12
702 2449 902 2492 impericulo
922 2449 964 2480 B.
1104 2447 1289 2487 imperator
1305 2448 1494 2475 uexaretur
1513 2443 1543 2473 b.

175 2507 216 2540 14
242 2504 503 2537 commutatione
534 2501 625 2533 sacta
649 2504 732 2531 ante
759 2510 851 2531 corr.
879 2499 932 2540 A,
959 2497 1176 2529 commutatio
1205 2495 1297 2527 sacta
1324 2499 1375 2526 est
1403 2496 1512 2525 tacite
1531 2494 1658 2523 eontra

181 2556 282 2589 codd.
304 2566 339 2586 η.
483 2554 521 2585 15
541 2551 839 2594 procubuerants.
979 2549 1019 2580 16
1040 2553 1107 2580 tuln
1126 2558 1194 2579 om.
1215 2546 1276 2588 ds.
1440 2543 1479 2576 17
1500 2553 1657 2574 occurre-

179 2612 258 2640 rent
275 2606 340 2646 es,
361 2607 586 2635 occurrerunt
603 2601 712 2633 ABE
729 2601 826 2632 ‘mssa
843 2598 1039 2641 pler-z'qne’.
1136 2598 1177 2629 18
1196 2600 1345 2639 pugnant
1364 2606 1428 2637 quo
1442 2593 1512 2625 AB
1525 2593 1592 2625 (Ἰ)
1604 2592 1635 2624 Ε
1647 2617 1655 2631 ,

181 2667 313 2702 pugnae
332 2657 388 2698 ef.
410 2655 449 2686 P.
470 2655 525 2686 65.
684 2652 722 2685 19
743 2656 778 2683 at
795 2661 864 2682 om.
883 2651 929 2681 D.
1070 2649 1113 2683 22
1132 2647 1346 2679 coacerbatis
1370 2647 1401 2677 Α
1419 2649 1457 2676 ct
1470 2655 1516 2677 m.
1533 2653 1592 2685 pr.
1612 2644 1655 2674 B.

322 2718 365 2740 ex
383 2718 421 2738 eo
442 2706 569 2738 tumulo
589 2705 620 2735 b.
789 2703 831 2737 23
851 2701 976 2733 nostris
994 2700 1027 2731 J)
1045 2702 1081 2730 et
1096 2708 1142 2729 m.
1160 2708 1218 2739 pr.
1242 2698 1281 2728 B.
1459 2696 1659 2727 conicerent

177 2764 325 2804 praeter
339 2759 369 2790 B
388 2757 506 2796 ‘mss-J,
528 2756 703 2787 coicerent
722 2754 754 2785 b.
908 2752 951 2787 24
971 2750 1172 2792 nequiquam
1191 2748 1222 2779 A
1237 2748 1264 2779 (¹
1282 2750 1318 2778 et
1334 2757 1425 2778 corr.
1446 2747 1497 2787 B,
1519 2745 1657 2787 nequie-

180 2824 277 2856 quam
295 2811 357 2853 Es
368 2812 405 2842 et·
419 2812 502 2840 ante
520 2817 612 2840 corr.
631 2807 674 2838 B.
803 2805 942 2836 deberet
958 2804 1018 2845 (B)
1030 2805 1044 2834 :²
1062 2802 1197 2841 Aldus,
1220 2800 1384 2831 deberent
1402 2799 1499 2832 codd.
1523 2808 1654 2830 omne-s.

323 2871 425 2894 ausos
446 2859 538 2901 esse]
559 2858 632 2891 ausi
653 2858 740 2900 quod
760 2861 877 2889 essent
893 2856 955 2898 ef.
1072 2855 1115 2889 25
1134 2853 1319 2886 ascendere
1338 2853 1381 2885 B.
1498 2852 1540 2888 26
1559 2851 1655 2884 rede-

1685 553 1702 583 ιἾ

1691 888 1732 922 10

1693 1225 1732 1257 15

1689 1562 1732 1597 20
