1835 3240
565 152 748 196 COMM.
773 153 791 195 I
814 152 938 195 CAP.
964 152 1166 195 32—35.
1609 158 1688 201 511

135 271 214 326 gati
235 269 500 318 mitterentur,
526 267 584 307 his
608 269 884 308 auctoritatem
906 267 1066 307 attribui
1088 268 1346 321 timoremque
1368 281 1527 321 eorum,
1552 273 1614 325 qui

134 340 350 387 mitterent,
377 337 606 390 significari.
648 336 802 377 Tenuis
825 343 941 389 atque
963 336 1106 377 infirmi
1129 337 1225 376 haec
1247 336 1367 376 animi
1388 337 1527 378 uideri.
1565 338 1618 380 Se

137 420 230 447 uero
246 437 256 455 ,
287 414 328 445 ut
350 405 534 458 operibus
557 405 709 445 anteire
731 404 952 454 studuerit,
987 405 1044 444 sic
1065 405 1216 445 iustitia
1239 413 1277 445 et
1298 405 1495 457 aequitate
1517 408 1617 447 uelle

135 487 338 527 superare.
382 471 531 513 Probat
552 487 634 513 rem
658 479 819 513 senatus
843 474 889 512 de
913 473 1113 513 mittendis
1135 473 1300 527 legatis3
1326 474 1418 523 sed,
1444 473 1507 526 qui
1529 474 1616 514 mit·
1637 475 1693 520 33

88 551 106 582 5
138 548 330 591 terentur‚
358 556 434 581 non
449 541 759 595 reperiebantur,
785 541 1199 594 maximequetimoris
1223 555 1339 582 causa
1362 556 1431 595 pro
1451 556 1494 582 se
1516 543 1621 595 quis-

137 623 211 663 que
233 610 268 649 id
293 623 432 650 munus
454 609 662 663 legationis
684 608 905 648 recusabat.
966 608 1180 661 Pompeius
1211 610 1313 650 enim
1343 610 1550 651 discedens
1573 610 1619 651 ab
1641 611 1667 652 2

136 678 231 718 urbe
254 678 292 717 iu
316 685 456 718 senatu
487 678 645 717 dixerat
675 677 809 716 eodem
840 690 883 716 se
907 676 1130 716 habiturum
1153 678 1239 717 loco
1257 710 1265 726 ‚
1299 678 1361 731 qui
1384 677 1536 719 Romae
1558 693 1622 719 re-

135 746 376 785 mansissent
399 753 436 785 et
459 746 522 798 qui
545 746 582 785 in
607 745 749 785 castris
773 743 959 785 Caesaris
984 745 1166 785 fuissent.
1212 743 1278 785 Sic
1301 746 1470 786 triduum
1489 747 1621 800 dispu-
1641 746 1666 788 3

137 814 350 854 talionibus
375 813 776 866 excusationibusque
799 813 1035 853 extrahitur.
1089 811 1294 854 Subicitur
1316 815 1431 855 etiam
1455 813 1506 854 L.
1531 813 1620 855 Me-

61 889 100 922 10
134 883 266 932 tellus,
293 882 472 921 tribunus
495 881 633 935 plebis,
661 882 706 921 ab
729 881 900 921 inimicis
916 878 1118 930 Caesaris,
1145 882 1319 934 quilianc
1333 897 1413 922 rem
1429 883 1623 923 distrahat

134 950 383 1002 reliquasque
416 964 505 999 res,
539 963 799 1002 quascumque
831 963 951 1001 agere
980 948 1222 1000 instituerit,
1255 951 1453 1003 impediat.
1499 948 1622 992 Cuius
1644 950 1671 991 4

136 1018 292 1070 cognito
317 1018 481 1057 consilio
506 1014 657 1057 Caesar
682 1018 824 1057 frustra
849 1017 985 1057 dicbus
1007 1017 1155 1070 aliquot
1177 1019 1434 1071 consumptis,
1460 1033 1509 1059 ne
1531 1020 1624 1060 reli-

136 1100 250 1138 quum
276 1092 424 1138 tempus
448 1086 613 1133 amittat,
640 1085 793 1126 insectis
817 1086 880 1134 iis,
907 1099 1006 1138 quae
1024 1100 1143 1140 agere
1157 1087 1441 1136 destinauerat,
1467 1087 1514 1126 ab
1528 1087 1624 1128 urbe

136 1154 397 1207 proficiscitur
418 1161 533 1206 atque
555 1154 595 1193 in
618 1153 849 1194 ulteriorem
873 1152 1041 1193 Galliam
1066 1155 1259 1207 peruenit.
1324 1152 1412 1206 Quo
1445 1169 1531 1195 cum
1555 1169 1624 1195 ue-
1644 1153 1702 1199 34

64 1229 103 1262 15
136 1221 275 1271 uisset,
302 1222 505 1274 cognoscit
527 1222 686 1261 missum
710 1236 730 1261 a
752 1221 940 1275 Pompeio
965 1220 1178 1262 Vibullium
1201 1222 1372 1272 Rufum,
1398 1237 1510 1276 quem
1534 1237 1626 1277 pau-

139 1290 195 1329 cis
228 1297 316 1329 ante
350 1289 483 1329 diebus
509 1288 685 1329 Corfinio
718 1298 871 1343 captum
907 1291 991 1344 ipse
1024 1291 1248 1340 dimiserat3
1284 1292 1500 1344 profectum
1532 1293 1625 1332 item
1648 1293 1675 1333 2

141 1356 350 1398 Domitium
384 1358 429 1397 ad
468 1358 731 1411 occupandam
762 1357 983 1399 Massiliam
1025 1359 1190 1399 nauibus
1230 1360 1418 1398 actuariis
1447 1367 1624 1413 septem,

140 1440 236 1479 quas
259 1424 345 1478 Igiti
369 1432 408 1464 et
429 1426 467 1464 in
491 1422 650 1465 Cosano
674 1441 695 1466 a
719 1426 883 1479 priuatis
908 1434 1065 1466 coactas
1088 1426 1218 1466 seruis
1236 1458 1245 1476 ‚
1272 1427 1449 1477 libertis,
1475 1428 1627 1468 colonis

141 1494 222 1534 suis
245 1486 532 1547 compleuerat3
569 1494 806 1547 praemissos
838 1494 956 1534 etiam
979 1495 1130 1547 legatos
1154 1493 1432 1535 Massilienses
1456 1496 1625 1545 domum,
1651 1495 1675 1537 3

65 1568 106 1601 20
141 1561 293 1601 nobiles
316 1561 615 1610 adulescentes,
654 1577 751 1615 quos
785 1562 831 1601 ab
863 1563 958 1602 urbe
991 1562 1196 1602 discedens
1218 1561 1431 1616 Pompeius
1455 1572 1541 1604 erat
1561 1565 1628 1605 ad-

141 1630 343 1677 hortatus,
382 1643 431 1669 ne
463 1643 564 1669 noua
590 1628 779 1670 Caesaris
813 1630 936 1669 officia
969 1638 1145 1670 ueterum
1169 1644 1326 1670 suorum
1350 1630 1629 1672 beneficiorum

141 1697 180 1737 in
203 1711 270 1737 eos
293 1697 522 1737 memoriam
555 1698 814 1751 expellerent.
869 1696 1024 1750 Quibus
1057 1698 1249 1739 mandatis
1282 1699 1452 1753 acceptis
1482 1698 1629 1741 Massi-
1652 1699 1680 1742 4

141 1765 285 1805 lienses
309 1772 442 1819 portas
467 1763 632 1806 Caesari
656 1767 903 1816 clauserant3
928 1767 1110 1816 Albicos,
1134 1766 1324 1807 barbaros
1349 1767 1541 1816 homines,
1567 1769 1633 1821 qui

143 1835 183 1874 in
206 1848 341 1874 eorum
365 1834 437 1874 fide
460 1834 675 1887 antiquitus
708 1842 823 1875 erant
843 1843 1075 1888 montesque
1096 1849 1214 1889 supra
1237 1833 1461 1876 Massiliam
1484 1836 1633 1878 incole-

69 1910 110 1943 25
143 1902 261 1951 bant,
296 1903 343 1942 ad
365 1916 407 1941 se
432 1910 698 1953 uocauerant3
735 1904 969 1943 frumentum
994 1917 1044 1943 ex
1068 1904 1245 1944 finitimis
1267 1904 1495 1958 regionibus
1518 1912 1634 1958 atque
1656 1904 1681 1945 5

147 1984 198 2010 ex
221 1970 399 2010 omnibus
422 1971 594 2010 castellis
625 1971 665 2011 in
688 1971 821 2011 urbem
846 1979 1142 2023 conuexerant,
1176 1986 1375 2013 armorum
1398 1973 1572 2014 officinas
1595 1974 1636 2014 in

147 2038 243 2078 urbe
264 2038 543 2089 instituerant3
568 2053 718 2090 muros,
744 2047 894 2094 portas,
920 2039 1087 2081 classem
1109 2040 1354 2082 reficiebant.
1407 2040 1565 2082 Euocat
1586 2042 1634 2083 ad
1655 2041 1713 2087 35

297 2210 306 2242 ¹
331 2209 382 2241 his
401 2219 422 2240 a
440 2209 518 2242 edd.
541 2213 624 2242 ante
642 2209 773 2242 Aldnm
788 2237 797 2253 ,
819 2212 860 2244 iis
879 2212 994 2243 Aldus
1014 2222 1048 2243 u.
1214 2220 1216 2222 ·
1248 2211 1408 2244 attribuit
1426 2223 1446 2245 (ι
1461 2213 1492 2245 b.

148 2262 168 2296 2
187 2260 381 2302 significare
401 2270 420 2291 α
436 2261 466 2291 b.
654 2271 690 2293 se
710 2261 806 2304 uero]
827 2262 879 2294 siu
897 2273 976 2293 cum
995 2273 1012 2293 ο
1031 2271 1139 2304 super
1157 2272 1176 2294 u
1195 2272 1229 2294 a.
1394 2262 1413 2295 3
1434 2263 1553 2306 opibus
1572 2274 1593 2296 a
1606 2275 1635 2298 c.

291 2312 423 2344 anteire
442 2313 500 2353 ed,
524 2314 648 2345 anteiri
666 2325 686 2345 a
699 2315 727 2345 b.
872 2314 920 2356 et]
941 2319 1042 2357 atque
1064 2315 1095 2347 b.
1262 2315 1279 2347 5
1298 2316 1584 2358 repperiebantur
1601 2329 1636 2351 α.

292 2364 310 2396 9
331 2365 486 2395 excusati
505 2365 728 2407 omnibusque
747 2376 780 2406 a,
802 2367 1024 2408 omnibusque
1045 2366 1076 2398 b.
1272 2367 1308 2399 11
1331 2377 1550 2411 quascunque
1570 2367 1637 2409 (a).

295 2416 335 2448 13
349 2417 484 2448 amittat
503 2427 578 2457 ego,
601 2417 715 2448 mittat
732 2428 752 2448 α
768 2418 805 2457 b,·
827 2420 1009 2450 omittatu.
1152 2417 1291 2450 infectis
1310 2419 1339 2450 is
1358 2430 1391 2451 α.
1536 2419 1640 2453 14at-

154 2466 231 2508 que]
251 2471 284 2498 et
304 2468 334 2499 b.
476 2479 549 2500 eum
562 2470 819 2511 peruenissetb.
966 2472 1004 2503 15
1023 2471 1163 2502 missum
1183 2471 1233 2502 ab
1247 2482 1283 2512 c,
1306 2473 1446 2504 missum
1466 2473 1498 2504 in
1518 2472 1640 2516 Hispa-

156 2518 242 2549 niam
252 2518 363 2550 Aldus
376 2529 410 2550 u.
430 2520 471 2551 P.
489 2520 561 2552 166.
705 2519 890 2552 Vibellium
906 2531 938 2562 α,
961 2520 1140 2553 Iubellium
1160 2532 1176 2552 e
1195 2525 1231 2553 et
1248 2523 1529 2556 alter-umutrum
1545 2525 1636 2557 ‘mss.

152 2571 338 2613 plerique'.
504 2572 544 2605 17
565 2573 793 2615 occupandam
814 2573 864 2615 (a)
886 2574 981 2605 ‘msa
1000 2572 1187 2616 plerique',
1209 2575 1442 2617 occupandum
1460 2585 1494 2608 u.

159 2622 198 2653 18
217 2621 316 2661 Sigiti
335 2622 427 2662 aed,
450 2622 560 2664 Sigitli
581 2625 620 2663 ὸς
643 2623 731 2664 Igilii
751 2634 784 2655 u.
931 2623 1063 2656 Casono
1083 2635 1115 2664 α,
1137 2623 1270 2656 Casano
1292 2626 1322 2658 b.
1490 2627 1530 2660 19
1548 2625 1640 2659 Mas-

157 2673 315 2703 silienses
334 2683 367 2704 α.
507 2675 549 2708 20
569 2676 810 2708 adulescentes
830 2686 864 2707 a.
1029 2677 1073 2712 22
1089 2675 1314 2710 Maxilienses
1332 2688 1366 2710 α.
1523 2679 1565 2713 23
1583 2679 1641 2710 Al—

158 2726 271 2757 biccos
290 2736 322 2755 a.
509 2727 551 2761 25
570 2733 669 2770 atque
689 2728 721 2759 in
741 2728 895 2760 omnibus
915 2739 935 2760 α
951 2729 983 2761 b.
1149 2729 1191 2764 26
1211 2729 1362 2762 officinas
1383 2730 1415 2761 in
1435 2730 1550 2762 urbem
1570 2741 1591 2762 α
1607 2732 1636 2763 b.

299 2777 339 2809 27
361 2777 595 2821 instituerant]
616 2786 803 2812 euexerant
822 2791 868 2812 m..
887 2791 942 2822 pr.
964 2792 998 2814 α.
1177 2788 1294 2825 portas
1316 2783 1462 2816 classem
1482 2794 1509 2824 e,
1531 2783 1638 2827 portis

158 2827 307 2859 clausein
326 2838 358 2867 α,
380 2833 494 2869 portas
515 2830 674 2863 claustris
695 2830 736 2871 b,-
756 2832 901 2864 classem
921 2837 1036 2875 portas
1054 2843 1090 2865 u.
