1835 3240
571 177 1221 235 IMHSTOLAE.POEMATA
1631 193 1713 236 783

267 309 327 360 (a.
351 306 424 360 46)
452 306 538 349 Cic.
563 308 621 349 ad
638 307 755 349 Fam.
783 307 863 358 IX,
877 306 919 357 6,
937 306 957 347 1
976 324 985 348 :
1020 304 1120 348 Cum
1142 306 1207 346 ille
1230 305 1468 359 scripsisset,
1494 315 1534 347 ut
1555 308 1636 361 opi-

157 391 244 426 nor,
270 390 312 417 se
334 376 373 416 in
395 375 582 417 Alsiense
604 383 810 416 uenturum
835 382 931 416 cett.

268 446 328 493 (a.
355 444 426 497 45)
456 443 540 484 Cic.
564 443 620 483 ad
638 441 735 483 Att.
760 442 899 489 XIII,
924 441 971 488 7,
998 441 1046 482 1:
1092 439 1248 482 Sestius
1282 441 1382 495 apud
1414 455 1473 481 me
1509 442 1579 482 fuit
1601 450 1641 483 et

155 513 437 566 Theopompus
458 511 607 564 pridie:
634 510 792 551 uenisse
813 524 833 549 a
849 508 1026 549 Caesare
1049 509 1236 549 narrabat
1253 509 1432 559 litteras3
1454 509 1526 549 hoc
1543 511 1639 550 scri-

109 591 127 621 5
159 582 253 622 bere
269 610 279 626 ‚
313 579 386 619 sihi
417 585 566 618 certum
588 591 677 617 esse
698 575 848 617 Romae
871 590 1032 616 manere
1055 590 1292 630 causamque
1314 590 1397 616 eam
1420 576 1637 627 ascribere,

156 663 255 702 quae
278 654 363 687 erat
383 647 423 685 in
445 644 609 698 epistola
632 652 784 693 nostra,
810 658 860 684 ne
881 658 923 684 se
947 643 1110 684 absente
1133 645 1240 697 leges
1263 658 1358 685 suae
1380 645 1640 698 neglegeren-

157 725 235 765 tur,
261 716 362 755 sicut
385 720 490 754 esset
511 712 692 766 neglecta
715 711 975 765 sumptuaria.

269 784 339 833 (a.
365 780 448 836 45)
475 779 562 820 Cic.
590 780 646 820 ad
671 778 768 819 Att.
793 778 932 827 XIII,
958 779 1036 829 45,
1065 779 1111 820 1:
1157 779 1249 820 Fuit
1279 780 1377 834 apud
1408 794 1469 820 me
1499 779 1640 820 Lamia

157 858 246 905 post
266 851 480 890 discessum
505 854 609 887 tuum
633 847 918 901 epistolamque
938 848 983 886 ad
1004 861 1064 887 me
1082 848 1214 888 attulit
1231 849 1391 887 missam
1409 848 1481 887 sibi
1501 862 1523 888 a
1537 845 1642 888 Cae-

85 927 123 958 10
156 932 270 969 sare3
296 931 393 970 quae
425 930 653 969 quamquam
686 921 777 955 ante
802 915 890 954 data
913 922 995 955 erat
1020 930 1129 968 quam
1154 917 1243 956 illae
1265 915 1557 966 Diocharinae,
1582 922 1641 955 ta-

156 1000 243 1026 men
268 986 380 1039 plane
403 983 626 1024 declarabat
647 983 753 1022 illum
776 989 868 1022 ante
891 983 1000 1022 ludos
1023 982 1226 1022 Romanos
1250 997 1338 1023 esse
1361 991 1584 1024 uenturum.

270 1053 436 1093 Seteton.
468 1050 587 1091 Caes.
612 1048 689 1089 26:
735 1048 984 1089 Gladiatores
1007 1041 1138 1099 notos,
1165 1051 1289 1090 sicubi
1313 1052 1465 1091 infestis
1489 1058 1641 1105 specta-

156 1121 305 1161 toribus
329 1120 573 1162 dimicarent,
590 1118 626 1157 ui
648 1117 858 1171 rapiendos
877 1118 1220 1171 reseruandosque
1236 1119 1469 1169 mandabat3
1493 1119 1640 1159 tirones

158 1201 285 1241 neque
308 1188 345 1227 in
369 1188 459 1227 ludo
483 1200 609 1239 neque
632 1199 701 1238 per
723 1185 884 1225 lanistas
900 1216 909 1231 ‚
945 1185 1012 1224 sed
1035 1185 1073 1224 in
1097 1186 1273 1226 domibus
1298 1200 1365 1240 per
1386 1187 1536 1239 equites
1560 1185 1641 1226 Ro-

84 1265 123 1296 15
156 1270 294 1295 manos
327 1262 441 1307 atque
471 1254 587 1294 etiam
619 1267 688 1307 per
709 1260 914 1293 senatores
938 1267 1136 1293 armorum
1161 1255 1308 1308 peritos
1332 1255 1533 1295 erudiebat
1555 1269 1643 1309 pre-

157 1324 266 1364 cibus
289 1324 459 1371 enitens,
487 1321 586 1374 quod
611 1321 787 1374 epistolis
811 1322 894 1362 eius
918 1321 1153 1371 ostenditur,
1179 1329 1219 1362 ut
1243 1322 1486 1376 disciplinam
1509 1323 1643 1377 singu-

157 1391 282 1432 lorum
306 1390 553 1444 susciperent
574 1389 725 1443 ipsique
748 1389 891 1429 dictata
914 1390 1194 1430 exercentibus
1218 1391 1370 1431 darent.

748 1488 1044 1544 ΡΟΕΜΑΤΑ.

275 1583 373 1624 Tac.
399 1582 448 1623 de
470 1588 577 1622 orat.
603 1581 683 1623 21:
717 1581 810 1623 Nisi
834 1583 936 1622 forte
960 1582 1162 1634 quisquam
1183 1589 1250 1622 aut
1268 1581 1457 1623 Caesaris
1480 1598 1549 1638 pro
1562 1582 1643 1626 De-

83 1658 126 1692 20
159 1651 219 1691 cio
243 1649 420 1691 Samnite
450 1657 517 1690 aut
539 1648 649 1690 Bruti
682 1665 751 1704 pro
777 1649 966 1690 Deiotaro
989 1663 1083 1704 rege
1108 1657 1342 1704 ceterosque
1364 1651 1538 1692 eiusdem
1561 1652 1646 1693 len-

158 1719 336 1758 titudinis
359 1733 404 1759 ac
428 1719 572 1772 teporis
593 1718 714 1759 libros
737 1719 846 1771 legit,
865 1718 938 1757 nisi
963 1717 1026 1770 qui
1049 1724 1088 1757 et
1111 1719 1282 1758 carmina
1300 1720 1512 1760 eorundem
1530 1721 1646 1761 mira-

157 1793 234 1826 tur.
268 1784 472 1826 Fecerunt
503 1787 605 1826 enim
637 1793 676 1827 et
709 1786 882 1825 carmina
915 1792 954 1824 et
986 1785 1024 1824 in
1047 1785 1301 1826 bibliothecas
1325 1788 1545 1828 retulerunt
1566 1803 1645 1829 non

157 1855 296 1895 melius
320 1869 434 1908 quam
448 1852 606 1905 Cicero,
625 1854 693 1895 sed
716 1854 882 1901 felicius,
899 1853 988 1906 quia
1010 1853 1098 1893 illos
1118 1854 1258 1895 fecisse
1278 1856 1483 1909 pauciores
1501 1855 1645 1896 sciunt.

273 1923 438 1963 Symeon.
465 1922 581 1963 Caes.
608 1921 685 1962 56:
720 1920 923 1962 Feruntur
953 1928 991 1961 et
1020 1936 1041 1961 a
1073 1935 1191 1975 puero
1221 1930 1260 1962 et
1282 1923 1328 1962 ab
1353 1923 1646 1964 adolescentulo

84 1997 125 2031 25
157 1991 347 2043 quaedam
370 1991 531 2044 scripta,
560 1998 600 2031 ut
621 1990 754 2030 laudes
774 1988 974 2038 Herculis,
995 1990 1199 2042 tragoedia
1213 1988 1413 2045 Oedipus3
1440 2006 1539 2045 quos
1563 2006 1645 2032 om-

161 2073 231 2099 nes
254 2059 405 2099 libellos
427 2060 552 2099 uetuit
573 2060 781 2112 Augustus
804 2056 1008 2110 publicari.

274 2125 383 2167 Plut.
413 2127 532 2168 Caes.
556 2125 606 2167 2:
652 2126 745 2168 Καὶ
776 2122 1010 2179 ποιήματα
1039 2123 1222 2179 γράφων
1255 2127 1325 2169 καὶ
1349 2125 1502 2183 λόγους
1522 2127 1647 2175 τινάς

160 2191 399 2250 ἀκροαταῖς
421 2194 607 2242 ἐκείνοις
630 2193 799 2251 ἐχρῆτο.

276 2261 445 2303 Seceton.
471 2265 544 2303 υἷϊ.
578 2262 742 2303 Terent.
767 2261 816 2301 5:
853 2258 900 2301 C.
926 2258 1103 2300 Caesar:

86 2335 128 2367 30
338 2328 415 2369 ‘Tu
438 2345 605 2384 quoque,
634 2337 672 2369 tu
694 2330 732 2369 in
755 2329 931 2379 summis,
958 2343 980 2368 o
1004 2329 1199 2368 dimidiate
1222 2328 1458 2379 Menander,

333 2396 502 2439 Poneris
526 2406 564 2438 et
587 2398 741 2447 merito,
767 2397 852 2451 puri
876 2397 1068 2437 sermonis
1091 2404 1257 2438 amator.

332 2464 509 2506 Lenibus
533 2473 648 2519 atque
671 2466 818 2505 utinam
842 2465 999 2518 scriptis
1022 2465 1205 2504 adiuncta
1229 2466 1329 2506 foret
1352 2467 1427 2516 uis,

334 2531 495 2575 Comica
518 2542 558 2574 ut
582 2541 746 2587 aequato
769 2534 894 2573 uirtus
918 2533 1081 2587 polleret
1106 2532 1254 2573 honore

306 2659 326 2689 ‘2
346 2658 377 2689 in
395 2659 554 2691 Alsiense
581 2659 775 2701 uenturum]
797 2669 874 2690 eum
903 2670 948 2690 ω·
966 2659 1095 2701 Africa
1115 2662 1150 2689 et
1168 2658 1337 2690 Sardinia
1357 2659 1503 2691 rediret.

164 2712 181 2742 3
197 2711 328 2752 simp.
344 2711 491 2750 772329,
630 2711 884 2753 8V2·d.p.77t),
899 2711 953 2742 30.
1089 2711 1128 2743 10
1141 2710 1384 2751 Diocharinae]
1397 2712 1648 2751 quas-Diochw

163 2772 229 2795 res,
255 2762 421 2793 (fimas-aris
441 2762 602 2802 libertus,
624 2764 812 2794 attulerat.
956 2762 996 2794 18
1010 2762 1068 2803 (js.
1090 2762 1185 2793 Plsn.
1204 2772 1255 2803 ep.
1278 2761 1318 2801 l‘,
1339 2761 1371 2792 3.
1515 2762 1646 2794 191'1'd.

160 2823 199 2853 p.
212 2814 289 2851 7507
303 2814 359 2844 213.
493 2814 537 2845 24
549 2812 676 2855 l‘''e'd.p.
692 2814 770 2853 765,
786 2813 839 2845 17.
974 2812 1017 2844 ‘25
1032 2811 1181 2853 Oedipus
1194 2812 1444 2853 Memmianus,
1459 2811 1579 2855 Oedipi
1593 2814 1653 2844 uel

165 2864 308 2905 Ocdippi
332 2867 454 2895 ceter-1⁴.
595 2865 638 2898 28
656 2861 815 2907 ἐκείνοις]
832 2866 977 2906 piram,
999 2875 1019 2896 a
1038 2866 1166 2906 quibus
1185 2868 1311 2905 captus
1329 2867 1420 2896 erat.
