1835 3240
108 166 190 208 318
630 164 704 207 DE
735 164 924 207 BELLO
956 163 1207 209 GALLICO

135 279 162 318 2
183 291 248 318 sus
273 277 473 317 minuente
495 285 609 318 aestu
630 292 752 318 naues
774 279 814 318 in
836 278 947 318 uadis
970 278 1276 320 adflictarentur.
1339 278 1399 320 Ita
1430 287 1593 334 utraque
1614 295 1658 322 re

135 344 160 385 3
183 345 411 400 oppidorum
442 346 680 399 oppugnatio
709 345 1005 399 inpediebatur3
1048 359 1094 385 ac
1135 347 1168 386 si
1207 348 1360 399 quando
1390 348 1660 402 magnitudine

182 413 311 468 operis
333 414 434 453 forte
455 413 654 466 superati,
691 420 855 452 extruso
885 412 983 452 mari
1013 426 1159 467 aggere
1190 427 1234 452 ac
1265 415 1431 455 molibus
1463 422 1577 468 atque
1601 415 1660 456 his

183 481 310 534 oppidi
341 480 545 520 moenibus
578 480 830 532 adaequatis,
875 480 957 520 suis
989 481 1157 521 fortunis
1191 480 1401 533 desperare
1432 490 1657 536 coeperant,

179 563 323 601 magno
345 560 508 587 numero
531 546 689 586 nauium
711 547 872 600 adpulso
888 578 898 597 ,
924 548 1033 588 cuius
1056 548 1113 588 rei
1135 562 1323 588 summam
1344 549 1567 591 facultatem
1590 552 1657 592 ha-

180 615 348 664 bebant,
380 628 450 654 sua
481 613 737 667 deportabant
769 615 899 656 omnia
927 629 1048 668 seque
1086 615 1126 655 in
1168 616 1348 669 proxima
1389 618 1527 670 oppida
1558 619 1660 659 reci-

132 684 159 724 4
180 683 358 737 piehant:
393 680 446 720 ibi
476 694 519 721 se
549 695 686 721 rursus
716 682 840 723 isdem
873 684 1227 737 opportunitatibus
1265 683 1341 723 loci
1383 684 1655 726 defendebant.

133 750 157 790 5
180 750 290 790 Haec
314 764 359 790 eo
383 748 534 788 facilius
554 763 736 803 magnam
758 757 909 804 partem
931 752 1094 792 aestatis
1116 751 1311 792 faciebant
1326 782 1336 801 ,
1369 752 1471 804 quod
1500 759 1660 794 nostrae

180 831 304 858 naues
337 816 633 870 tempestatibus
667 817 966 869 detinebantur,
1009 832 1235 872 summaque
1268 826 1353 859 erat
1387 826 1500 859 uasto
1539 826 1658 872 atque

179 891 314 938 aperto
336 883 450 932 mari,
475 886 626 937 magnis
649 885 840 936 aestibus,
864 886 966 926 raris
989 900 1034 926 ac
1055 900 1173 940 prope
1195 887 1312 927 nullis
1335 886 1533 941 portibus,
1567 886 1661 927 diffi-

103 951 158 996 13
181 952 305 992 cultas
328 951 552 1006 nauigandi.
604 951 788 1006 Namque
819 954 993 1008 ipsorum
1015 968 1136 994 naues
1159 954 1206 994 ad
1229 954 1329 994 hunc
1351 955 1506 994 modum
1529 955 1657 994 factae

178 1026 432 1071 armataeque
465 1026 603 1059 erant:
638 1021 797 1061 carinae
829 1022 1029 1074 aliquanto
1059 1021 1256 1074 planiores
1286 1036 1397 1074 quam
1429 1028 1658 1062 nostrarum

179 1087 362 1136 nauium,
395 1100 469 1139 quo
501 1087 653 1127 facilius
684 1088 781 1127 uada
814 1102 859 1128 ac
883 1088 1084 1128 decessum
1106 1095 1240 1128 aestus
1262 1089 1447 1142 excipere
1468 1096 1653 1143 possent3

130 1154 158 1194 2
179 1167 319 1208 prorae
347 1154 552 1193 admodum
594 1161 752 1195 erectae
793 1162 908 1208 atque
947 1155 1039 1195 item
1079 1169 1226 1209 puppes
1267 1156 1314 1195 ad
1345 1156 1656 1210 magnitudinem

131 1220 156 1260 3
178 1222 361 1261 fluctuum
392 1228 747 1275 tempestatumque
778 1223 1119 1274 adcommodatae3
1151 1236 1273 1263 naues
1304 1229 1412 1263 totae
1444 1224 1572 1264 factae
1605 1237 1658 1263 ex

129 1288 156 1328 4
175 1289 319 1330 robore
340 1289 386 1328 ad
408 1288 584 1341 quamuis
605 1289 682 1328 uim
706 1296 745 1330 et
766 1290 1041 1330 contumeliam
1065 1290 1361 1344 perferendam3
1396 1297 1573 1330 transtra
1593 1303 1659 1342 pe-

177 1356 328 1396 dalibus
350 1356 391 1396 in
414 1356 657 1396 altitudinem
680 1357 855 1398 trabibus
879 1359 1035 1398 confixa
1058 1358 1180 1399 clauis
1209 1357 1350 1398 ferreis
1375 1357 1483 1411 digiti
1506 1356 1657 1411 pollicis

129 1422 153 1463 5
178 1423 465 1473 crassitudine,
518 1437 687 1465 ancorae
737 1439 806 1478 pro
855 1426 1012 1466 funibus
1054 1426 1194 1466 ferreis
1237 1425 1388 1465 catenis
1428 1425 1654 1474 reuinctae3

126 1489 153 1531 6
175 1491 296 1545 pelles
319 1505 387 1545 pro
411 1492 508 1532 uelis
531 1492 739 1545 alutaeque
760 1493 935 1533 tenuiter
956 1494 1181 1543 confectae,
1207 1493 1281 1534 hae
1302 1493 1387 1533 siue
1408 1499 1568 1547 propter
1588 1491 1658 1532 lini

173 1558 344 1612 inopiam
368 1566 485 1612 atque
508 1559 592 1599 eius
615 1574 708 1600 usus
730 1561 980 1601 inscientiam
998 1592 1008 1611 ,
1043 1561 1128 1601 siue
1151 1575 1213 1611 eo,
1240 1561 1342 1614 quod
1363 1568 1424 1601 est
1445 1559 1568 1615 magis
1591 1573 1656 1600 ue-

170 1627 333 1667 risimile
348 1657 358 1676 ,
394 1627 494 1679 quod
527 1635 656 1668 tantas
689 1635 942 1682 tempestates
965 1627 1116 1669 Oceani
1140 1636 1349 1682 tantosque
1369 1629 1538 1682 impetus
1559 1641 1656 1668 uen-

173 1701 304 1735 torum
337 1694 526 1734 sustineri
558 1708 602 1735 ac
636 1703 744 1736 tanta
774 1710 895 1737 onera
926 1696 1081 1736 nauium
1104 1697 1190 1750 regi
1212 1696 1310 1737 uelis
1332 1710 1410 1736 non
1431 1696 1528 1736 satis
1551 1709 1656 1735 com-

126 1761 153 1803 7
174 1762 287 1802 mode
309 1775 425 1815 posse
447 1762 757 1803 arbitrabantur.
821 1761 921 1804 Cum
955 1764 1013 1804 his
1036 1765 1203 1805 nauibus
1226 1771 1386 1804 nostrae
1408 1763 1527 1804 classi
1550 1763 1655 1803 eius-

171 1830 275 1869 modi
297 1843 534 1884 congressus
557 1838 656 1881 erat,
681 1838 721 1871 ut
744 1845 820 1872 una
841 1832 1045 1872 celeritate
1068 1839 1105 1873 et
1128 1833 1240 1886 pulsu
1260 1846 1455 1872 remorum
1479 1837 1655 1884 praesta-

169 1904 248 1948 ret,
270 1898 422 1950 reliqua
444 1911 513 1950 pro
535 1898 610 1939 loci
632 1906 788 1949 natura,
814 1914 883 1953 pro
905 1899 944 1939 ui
966 1907 1241 1954 tempestatum
1263 1899 1338 1939 illis
1351 1906 1484 1939 essent
1505 1898 1655 1952 aptiora

314 2033 330 2066 1
351 2033 571 2067 imminuente
591 2036 622 2067 b.
765 2036 1023 2068 adssictarentur
1038 2037 1081 2067 B.
1223 2037 1243 2071 2
1262 2034 1518 2077 (inpediebatur
1534 2034 1578 2075 B)
1593 2034 1654 2065 im-

168 2084 351 2127 pedibatur
367 2095 413 2116 m.
428 2095 487 2126 pr.
509 2087 554 2117 A.
693 2091 728 2118 at
746 2087 775 2118 si
795 2087 826 2118 b.
967 2087 986 2119 3
1006 2086 1117 2117 sortue
1136 2089 1218 2117 ante
1237 2096 1329 2117 corr.
1348 2086 1392 2118 B.
1510 2090 1651 2117 extruso

169 2149 229 2180 pro
240 2139 324 2170 mari
343 2148 469 2179 aggere
487 2148 504 2168 c
521 2141 575 2178 et,
597 2140 661 2179 qui
677 2148 770 2170 corr.
791 2138 1045 2179 exstruct0,s,·
1065 2141 1206 2168 extruso
1217 2137 1302 2167 mari
1321 2146 1379 2177 pro
1398 2145 1521 2176 aggere
1541 2137 1558 2167 b
1578 2136 1651 2175 (ex-

169 2189 264 2221 cluso
283 2200 362 2221 aar.
385 2190 466 2221 lect.
487 2189 546 2230 A).
717 2189 785 2232 his]
805 2189 934 2221 hisdem
954 2200 970 2220 e
988 2192 1025 2220 et
1040 2199 1086 2220 m.
1107 2189 1266 2230 sec.fet
1283 2187 1474 2219 secundum,
1493 2186 1647 2227 eoeempl.

166 2241 274 2273 Fabr.
296 2240 337 2282 cl,
367 2240 473 2272 isdem
503 2240 521 2270 b
547 2242 582 2271 et
611 2250 671 2281 pr.
697 2250 745 2272 m.
763 2241 796 2282 f
817 2243 853 2271 et
875 2239 1068 2272 secundum
1098 2239 1185 2271 oud.
1215 2239 1257 2279 ἀς
1295 2238 1347 2270 his
1381 2237 1485 2269 ferme
1522 2240 1649 2269 eontra

167 2291 266 2323 codd.
287 2302 322 2323 u.
462 2293 480 2324 4
498 2290 672 2322 moenibus
693 2291 804 2334 oppidi
825 2290 887 2322 bd.
1030 2292 1047 2323 5
1065 2290 1206 2333 adpulso
1225 2290 1267 2321 B.
1411 2289 1429 2321 7
1448 2288 1556 2320 isdem
1572 2288 1604 2320 A
1618 2288 1648 2319 B

171 2343 198 2374 C
217 2346 254 2374 et
268 2352 315 2374 m.
331 2341 446 2384 mnf,
467 2343 529 2382 qui
545 2341 675 2373 hisdem
694 2352 762 2373 see.
782 2351 854 2382 m.,·
873 2341 908 2373 id
927 2346 980 2373 est
996 2341 1078 2375 DE.
1217 2339 1507 2383 oportunitatibus
1526 2339 1568 2370 B.

166 2393 187 2425 8
204 2403 326 2433 magna
344 2397 438 2435 parte
458 2392 721 2424 satisfaciebant
737 2393 821 2425 DE.
970 2394 989 2426 9
1009 2393 1260 2425 detenebantur
1273 2402 1329 2434 pr.
1349 2402 1398 2424 m.
1417 2391 1502 2423 AB.

168 2443 210 2476 10
228 2453 349 2484 magno
368 2444 412 2475 D.
556 2444 720 2486 portubus
741 2445 882 2486 cortus.
1041 2445 1081 2476 12
1100 2448 1198 2475 erant
1217 2453 1282 2475 om.
1303 2443 1332 2474 b.
1500 2441 1539 2473 13
1559 2440 1647 2471 uada

165 2495 283 2536 om.s.
387 2504 406 2525 a
425 2494 602 2526 decessum
621 2494 747 2526 addita
766 2505 782 2526 c
800 2497 866 2526 int.
887 2504 981 2526 uers.
1006 2494 1045 2535 C,
1067 2504 1105 2527 ac
1124 2504 1256 2526 cessum
1276 2494 1465 2525 interiecta
1487 2492 1597 2523 litura
1607 2490 1645 2532 f.

310 2546 349 2578 15
369 2546 645 2578 adcommodatae
664 2547 706 2577 B.
850 2546 890 2579 16
909 2547 1008 2578 robor
1027 2557 1073 2578 m.
1089 2556 1148 2587 pr.
1173 2547 1215 2577 B.
1358 2544 1495 2586 quasuis
1514 2562 1555 2567 —
1572 2552 1649 2585 per·

169 2596 327 2630 serendas
344 2598 391 2629 D.
587 2602 741 2629 transtra
759 2608 800 2629 ex
819 2598 996 2640 pedalibus
1016 2609 1053 2639 e,
1074 2603 1224 2629 transtra
1243 2597 1484 2640 sexpedalibus
1501 2597 1644 2638 comus.

308 2650 348 2682 17
365 2650 398 2680 in
416 2649 633 2681 latitudinem
651 2653 777 2681 eontra
795 2650 896 2682 codd.
917 2660 952 2681 u.
1141 2650 1181 2682 18
1200 2650 1426 2691 grossitudine
1445 2660 1515 2681 sec.
1533 2659 1580 2680 m.
1602 2648 1642 2680 B.

305 2709 453 2731 ancorae
469 2700 502 2732 A
516 2700 546 2731 B
565 2700 662 2732 ‘mss.
678 2700 875 2742 plerique’,
897 2700 1065 2731 anchorae
1082 2701 1115 2732 D
1129 2701 1203 2742 Es.
1366 2701 1409 2735 20
1434 2711 1472 2732 eo
1491 2710 1560 2732 om.
1580 2700 1643 2741 es.

305 2752 349 2785 22
367 2750 537 2782 sustinere
555 2753 636 2785 AB
651 2751 733 2783 CD.
874 2751 916 2786 23
935 2761 1033 2794 posse
1053 2761 1120 2783 om.
1142 2762 1160 2782 c
1174 2751 1313 2793 desei
1329 2763 1376 2784 m.
1392 2761 1450 2793 pr.
1470 2761 1491 2783 a
1505 2750 1537 2782 b.

165 2804 208 2839 24
227 2806 263 2834 ut
280 2802 313 2834 in
330 2811 397 2834 una
417 2802 448 2834 b.
590 2802 791 2834 caeleritate
810 2802 853 2834 B.
985 2802 1084 2845 pulsu
1102 2802 1286 2845 remorum]
1307 2803 1539 2835 incitationem
1558 2799 1640 2833 add.

167 2855 206 2896 b,
228 2853 427 2887 incitatione
447 2852 529 2886 add.
548 2852 582 2885 d.

1693 894 1732 927 10

1690 1230 1729 1263 15

1686 1566 1729 1601 20

1684 1904 1726 1937 25
