1835 3240
895 161 978 203 200
1038 185 1149 190 ——-

194 276 307 329 plane
330 283 435 317 esset
456 276 629 317 subiecta
645 307 655 325 ‚
690 290 768 316 non
803 281 957 328 poterat
987 275 1034 314 ad
1067 281 1199 327 partes
1222 271 1353 314 Cassii
1372 275 1555 328 perducta
1581 275 1671 315 dici.

193 341 320 384 Recte
350 342 524 384 Iurinius
554 344 778 384 emendauit
821 342 1099 395 ‘adiungitque
1130 342 1164 381 ei
1193 341 1361 395 legioni,
1396 356 1509 395 quam
1541 356 1673 382 secum

194 411 428 462 adduxerat,
455 413 672 465 complures
695 410 878 449 cohortes
904 409 1134 449 auxiliarias
1158 409 1453 462 Hispanorum'.

307 476 355 518 C.
381 478 450 529 63,
475 479 499 518 5
522 480 643 518 edunt.
673 476 791 517 ‘Non
814 483 964 516 tantum
995 477 1158 516 indutiis
1181 478 1315 524 sactis,
1350 477 1417 516 sed
1449 490 1569 529 prope
1599 476 1674 516 iam

194 547 408 587 constituta
441 560 557 600 opera
587 559 672 584 cum
709 544 1016 598 complanarent'
1049 551 1140 584 cett.
1191 543 1337 584 Verum
1362 550 1401 583 et
1423 544 1678 584 uehementer

195 613 429 652 inconcinna
452 620 513 652 est
535 613 629 653 haec
652 612 844 652 orationis
868 613 1006 660 forma,
1034 625 1161 664 neque
1185 611 1334 665 ‘prope'
1357 610 1444 663 quid
1467 610 1539 650 sihi
1562 610 1672 661 uelit,

193 680 449 733 intellegitur,
475 694 598 733 neque
621 680 836 720 constituta
858 693 977 733 opera
998 687 1106 719 recte
1128 679 1322 719 dicuntur.
1354 677 1677 732 Itaquesuppleto

194 748 382 787 uocabulo
405 748 461 787 sic
482 748 731 787 scribendum
755 747 906 787 iudico:
944 745 1063 786 ‘Non
1084 753 1234 786 tantum
1256 746 1416 786 indutiis
1440 746 1574 792 factis,
1607 745 1677 786 sed

194 828 312 868 prope
340 815 415 854 iam
432 829 542 869 pace
573 815 786 855 constituta
818 827 935 868 opera
968 828 1053 853 cum
1078 813 1402 867 complanarent'.
1446 813 1677 855 Desiderari

193 882 336 934 aliquid
359 882 434 921 iam
458 881 629 922 lurinius
651 889 859 932 senserat,
898 881 966 922 sed
989 881 1116 922 minus
1138 880 1392 935 probabiliter
1425 886 1435 905 ‘
1451 882 1679 923 constitutis

193 949 385 989 omnibus'
409 949 593 989 coniecit.

308 1013 357 1056 C.
391 1015 471 1065 66,
505 1015 532 1056 6
565 1017 622 1057 sic
645 1018 796 1058 editur:
834 1016 1042 1058 ‘Fratrem
1074 1024 1203 1057 autem
1236 1015 1526 1056 Ariobarzanis
1558 1018 1677 1058 Aria-

192 1084 349 1134 rathen,
375 1099 459 1124 cum
478 1084 577 1125 bene
596 1085 757 1125 meritus
776 1093 937 1139 uterque
961 1099 1094 1125 eorum
1116 1085 1161 1124 de
1184 1083 1384 1137 republica
1397 1091 1518 1134 esset,
1545 1098 1593 1125 ne
1610 1092 1681 1125 aut

193 1152 305 1205 regni
338 1153 536 1193 hereditas
566 1152 809 1194 Ariarathen
841 1154 1088 1201 sollicitaret,
1112 1158 1178 1191 aut
1199 1151 1312 1191 heres
1343 1152 1456 1204 regni
1489 1159 1675 1202 terreret,

191 1219 456 1260 Ariobarzani
479 1220 674 1272 attribuit,
707 1221 769 1274 qui
792 1221 862 1261 sub
885 1220 969 1261 eius
992 1219 1155 1275 imperio
1178 1233 1224 1258 ac
1245 1218 1398 1257 dicione
1420 1219 1554 1258 esset'.
1599 1216 1678 1259 Sed

194 1300 319 1339 neque
342 1287 438 1327 haec
459 1288 512 1328 ita
535 1295 647 1342 gesta
670 1296 786 1339 sunt,
825 1303 952 1342 neque
985 1289 1099 1328 heres
1130 1289 1241 1341 regni
1264 1295 1415 1327 terrere
1437 1286 1677 1327 Ariarathen

194 1355 333 1408 potuit,
359 1356 422 1408 qui
445 1355 530 1408 ipse
549 1364 635 1396 erat
655 1356 720 1397 ille
743 1357 872 1396 heres.
909 1354 951 1396 Si
975 1356 1060 1409 quis
1082 1363 1211 1396 autem
1233 1354 1413 1407 intellegi
1435 1368 1549 1407 posse
1571 1361 1680 1408 putat

194 1422 374 1462 heredem
397 1424 509 1476 regui
533 1425 727 1465 terruisse
749 1424 1068 1473 Ariobarzanen,
1093 1423 1165 1463 hoc
1187 1423 1303 1463 aliter
1323 1422 1406 1462 fieri
1428 1436 1505 1461 non
1529 1428 1676 1475 potest,

194 1490 269 1530 nisi
302 1491 500 1532 scribatur
533 1499 624 1531 ‘aut
651 1492 733 1546 ipse
764 1492 880 1531 heres
910 1491 1024 1544 regni
1051 1491 1249 1531 terreret'.
1290 1490 1411 1543 Atqui
1436 1489 1475 1528 in
1498 1488 1678 1529 omnibus

193 1559 305 1598 codd.
331 1566 488 1612 praeter
518 1560 613 1600 duos
644 1560 861 1600 deteriores
893 1559 1037 1613 legitur
1068 1559 1203 1598 ‘fratri
1233 1565 1361 1598 autem
1392 1556 1680 1597 Ariobarzanis

191 1626 425 1667 Ariarathi'.
469 1626 607 1680 Itaque
641 1629 762 1668 forma
796 1626 1011 1675 orationis,
1045 1639 1143 1678 quae
1165 1626 1330 1674 fuisset,
1363 1622 1535 1663 Iurinius
1564 1624 1676 1672 uidit,

193 1694 254 1747 qui
279 1694 373 1734 haec
395 1694 448 1734 ita
472 1695 759 1736 constituebat:
798 1693 954 1734 ‘Fratri
984 1700 1114 1733 autem
1146 1691 1434 1733 Ariobarzanis
1458 1691 1678 1741 Ariarathi‚

194 1776 280 1801 cum
295 1762 395 1802 bene
406 1763 570 1802 meritus
584 1769 747 1817 uterque
760 1776 896 1803 eorum
909 1761 956 1800 de
970 1760 1169 1815 republica
1182 1767 1308 1810 esset,
1335 1774 1383 1800 ne
1407 1766 1471 1799 aut
1483 1758 1594 1813 regui
1611 1758 1679 1798 he-

192 1829 583 1870 reditasAriaratheu
595 1830 843 1879 sollicitaret,
858 1836 923 1868 aut
934 1829 1048 1868 heres
1062 1829 1172 1881 regni
1183 1827 1679 1877 terreretAriobarzanen‚

192 1898 435 1938 Armeniam
449 1900 642 1937 minorem
654 1897 848 1946 attribuit,
863 1895 1039 1950 quaesub
1053 1896 1135 1935 eius
1148 1895 1311 1949 imperio
1322 1909 1366 1934 ac
1379 1894 1532 1934 dicione
1543 1893 1677 1934 esset’.

190 1964 322 2017 Atque
337 1961 423 2004 Cic.
447 1963 549 2005 Phil.
574 1963 626 2011 II,
651 1963 721 2014 37,
744 1964 799 2005 94
821 1965 926 2005 etde
950 1964 1029 2004 diu.
1053 1962 1087 2011 I,
1116 1962 1182 2013 15,
1207 1962 1260 2003 27
1284 1970 1322 2003 et.
1354 1960 1409 2012 II,
1433 1961 1500 2012 37,
1526 1960 1581 2002 79
1602 1961 1683 2001 Ar-

192 2032 359 2072 meniam
384 2033 572 2073 minorem
595 2032 788 2073 Deiotaro
809 2033 1025 2086 ademptam
1049 2031 1201 2071 scribit.
1237 2028 1316 2071 Sed
1338 2030 1559 2070 accuratius
1581 2027 1682 2070 Cas-

194 2099 276 2140 sius
298 2098 375 2140 Dio
397 2098 514 2151 XLI,
549 2099 603 2141 63
626 2107 664 2141 et
684 2097 822 2148 XLII,
857 2099 911 2140 48
932 2107 1081 2153 partem
1106 2105 1254 2138 tantum
1278 2096 1492 2137 Armeniae
1515 2096 1680 2136 minoris

194 2168 362 2208 ablatam
395 2182 483 2208 esse
505 2167 697 2209 Deiotaro
728 2169 851 2208 refert
881 2181 1007 2220 neque
1038 2180 1121 2206 eam
1146 2165 1348 2205 Ariarathi
1370 2164 1578 2213 tributam,
1611 2164 1680 2203 sed

193 2236 476 2276 Ariobarzani.
520 2234 657 2289 Itaque
688 2242 844 2276 retenta
876 2236 988 2275 codd.
1013 2234 1208 2287 scriptura
1241 2233 1336 2272 haec
1368 2231 1487 2272 uerba
1516 2231 1556 2271 in
1579 2230 1680 2271 hunc

193 2304 347 2344 modum
372 2303 582 2357 supplenda
595 2310 710 2343 suut:
739 2302 1032 2344 ‘Fratriautem
1047 2301 1335 2343 Ariobarzanis
1350 2298 1567 2348 Ariarathi,
1593 2312 1679 2339 cum

192 2371 294 2411 bene
315 2371 478 2411 meritus
501 2378 667 2424 uterque
690 2385 825 2412 eorum
849 2372 895 2411 de
917 2371 1113 2424 republica
1137 2376 1257 2418 esset,
1283 2382 1331 2408 ne
1354 2375 1422 2407 aut
1443 2367 1552 2421 regni
1568 2367 1682 2408 here-

194 2439 294 2479 ditas
307 2438 547 2480 Ariarathen
561 2439 806 2488 sollicitaret⁷
827 2445 895 2478 aut
907 2439 1021 2478 heres
1035 2438 1149 2493 regni
1161 2443 1328 2477 terreret
1339 2435 1678 2485 Ariobarzanen,

187 2513 350 2562 portem
364 2504 591 2545 Armeniae
613 2508 783 2546 minoris
794 2507 995 2546 concessit
1018 2519 1183 2560 eumque
1197 2502 1460 2543 Ariobarzani
1483 2503 1676 2552 attribuit,

194 2574 257 2627 qui
281 2573 351 2614 sub
374 2574 457 2612 eius
479 2573 644 2627 imperio
666 2588 711 2613 ac
733 2573 886 2613 dicione
909 2571 1043 2612 esset’.
1088 2571 1149 2611 Ita
1178 2572 1279 2611 enim
1303 2577 1342 2611 et
1363 2584 1479 2610 causa
1504 2571 1680 2611 defectus

196 2648 373 2695 apparet,
399 2647 437 2680 et
457 2640 552 2680 haec
577 2641 769 2689 narratio,
794 2641 868 2680 nisi
893 2640 992 2692 quod
1015 2639 1128 2692 paulo
1150 2638 1455 2688 estaccuratior‚
1481 2651 1565 2677 cum
1581 2635 1682 2678 Cas-

194 2710 254 2750 sio
275 2707 405 2749 Dione
427 2708 629 2748 conuenit.
669 2707 812 2760 Neque
844 2721 942 2759 quae
965 2704 1051 2747 Cic.
1078 2707 1125 2746 ad
1146 2707 1231 2746 Att.
1257 2704 1378 2755 XIII,
1414 2705 1455 2755 2,
1489 2705 1516 2745 2
1544 2706 1681 2746 scribit

195 2776 463 2825 ‘Ariarathes‚
487 2774 773 2815 Ariobarzanis
795 2775 912 2823 filius,
939 2773 1104 2814 Romam
1127 2774 1250 2814 uenit.
1276 2773 1387 2822 Vult,
1427 2773 1582 2826 opinor,
1618 2786 1681 2813 re·

195 2859 313 2899 gnum
336 2843 489 2896 aliquod
511 2855 642 2884 emere
674 2855 695 2881 a
728 2839 919 2883 Caesare.
962 2841 1066 2883 Nam
1090 2841 1281 2894 quomodo
1304 2855 1406 2881 nunc
1429 2848 1513 2891 est,
1547 2840 1681 2894 pedem
