1835 3240
716 165 1140 207 —134—

179 281 334 334 quidem
365 294 550 321 numerus
581 287 694 334 aptus
724 287 800 320 est.
849 278 999 319 Eiectis
1027 279 1167 320 alienis
1196 279 1427 320 commentis
1449 275 1666 320 Caesarem

180 348 236 389 ita
257 348 466 403 scripsisse
487 349 738 389 statuendum
759 354 835 387 est:
863 344 1028 387 ‘Sullam
1052 347 1197 387 nudata
1218 346 1397 388 omnibus
1412 347 1530 387 rebus
1544 347 1667 388 tribu-

181 415 287 457 nicia
307 423 500 471 potestate
514 415 982 457 tamenintercessionem
997 414 1161 455 liberam
1172 415 1394 468 reliquisse,
1418 413 1665 469 Pompeium,

182 484 247 537 qui
268 484 412 525 amissa
434 485 656 525 restituisse
678 483 873 532 uideatur,
898 482 1120 522 ademisse.
1153 481 1304 523 Eodem
1327 483 1442 523 modo
1463 482 1667 536 sequentia

180 552 417 605 interpolata
438 559 542 592 sunt:
571 549 922 603 ‘Quotiescumque
944 551 995 589 sit
1016 551 1228 598 decretum,
1256 550 1394 589 darent
1414 551 1669 603 magistratus

181 633 357 673 operam,
396 632 445 659 ne
476 619 565 672 quid
596 618 819 674 respublica
849 617 1072 658 detrimenti
1106 624 1280 671 caperet,
1316 631 1392 670 qua
1412 631 1510 658 uoce
1532 625 1572 658 et
1592 632 1668 671 quo

181 694 347 728 senatus
367 687 546 726 consulto
569 686 731 740 populus
753 685 958 726 Romanus
980 685 1028 725 ad
1054 698 1163 725 arma
1183 685 1237 725 sit
1257 692 1437 732 uocatus,
1461 686 1605 725 factum
1626 686 1668 725 in

180 755 414 809 perniciosis
437 753 604 807 legibus,
640 755 679 794 in
701 754 741 794 ui
762 752 992 803 tribunicia,
1021 752 1063 792 in
1085 752 1312 793 secessione
1333 751 1479 806 populi,
1513 752 1668 806 templis

179 824 354 876 locisque
376 821 606 862 editioribus
623 822 822 876 occupatis
845 828 981 874 (atque
996 820 1091 861 haec
1103 819 1320 874 superioris
1333 820 1474 860 aetatis
1488 819 1669 873 exempla

180 891 340 944 expiata
355 888 558 930 Saturnini
579 897 692 943 atque
707 888 976 931 Gracchorum
1000 888 1158 929 casibus
1183 889 1333 941 doceo:
1359 901 1521 940 quarum
1535 901 1668 928 rerum

178 959 246 999 illo
268 966 444 1011 tempore
465 958 561 998 nihil
585 960 743 1007 sactum,
768 972 818 998 ne
842 957 1056 1010 cogitatum
1079 956 1248 1009 quidem:
1283 955 1388 996 nulla
1409 956 1477 996 lex
1497 956 1669 1009 promul-

178 1034 284 1081 gata,
311 1040 390 1066 non
413 1040 497 1066 cum
522 1026 660 1079 populo
683 1025 746 1080 agi
769 1032 964 1079 coeptum,
990 1024 1094 1064 nulla
1115 1024 1289 1065 secessio
1311 1023 1443 1064 facta'.
1477 1023 1668 1064 Animad-

177 1095 281 1135 uerti
311 1101 418 1147 puto,
443 1101 685 1147 quantopere
708 1100 794 1147 post
815 1107 977 1146 grauem
998 1093 1104 1132 illam
1127 1092 1340 1132 clausulam
1366 1096 1430 1132 ‘ne
1453 1091 1668 1145 cogitatum

179 1162 345 1216 quidem'
375 1169 595 1202 extremum
618 1161 785 1202 tricolon
816 1162 1018 1215 langueat.
1061 1159 1149 1200 Duo
1180 1167 1309 1201 autem
1341 1161 1473 1214 priora
1494 1160 1668 1201 membra

180 1230 303 1271 ‘nulla
324 1231 390 1270 lex
413 1230 672 1283 promulgata,
707 1243 786 1269 non
816 1243 901 1268 cum
924 1229 1066 1282 populo
1087 1229 1151 1282 agi
1183 1228 1373 1281 coeptum'
1407 1241 1492 1267 eam
1523 1228 1669 1268 hahent

177 1298 429 1347 sententiam⁷
467 1304 509 1337 ut
541 1310 589 1337 ne
619 1311 665 1338 ea
696 1297 866 1350 quidem⁷
901 1310 998 1349 quae
1019 1296 1066 1336 ab
1089 1296 1269 1336 omnibus
1290 1296 1458 1336 tribunis
1480 1295 1543 1349 agi
1565 1295 1668 1335 sole-

176 1365 286 1414 bant,
311 1372 413 1415 acta,
439 1372 478 1405 et
499 1372 629 1405 tamen
648 1365 742 1405 illud
764 1371 925 1404 senatus
940 1363 1162 1403 consultum
1174 1364 1319 1403 factum
1342 1363 1510 1402 dicatur.
1541 1362 1667 1403 Plane

177 1433 416 1473 contrarium
448 1440 509 1473 est
536 1433 694 1473 tertium
727 1431 966 1472 memhrumz
1000 1431 1038 1471 id
1070 1430 1173 1470 enim
1196 1431 1340 1470 factum
1373 1437 1556 1483 negatur,
1591 1444 1669 1483 quo

176 1501 281 1542 facto
302 1515 411 1540 more
434 1501 622 1541 maiorum
646 1500 693 1540 ad
716 1506 878 1540 senatus
892 1498 1219 1539 consultumillud
1236 1498 1439 1537 decursum
1464 1511 1552 1538 esse
1565 1496 1670 1539 Cae-

176 1582 244 1609 sar
264 1569 377 1608 modo
401 1568 573 1609 dixerat.
608 1566 687 1608 Sed
711 1581 867 1621 operam
892 1567 1012 1620 perdo
1035 1566 1330 1619 compositionis
1345 1565 1440 1605 uitia
1458 1565 1664 1620 colligens,

176 1651 264 1677 cum
286 1636 541 1691 grammatica
562 1637 687 1676 forma
709 1641 844 1688 aperte
866 1635 1024 1674 soloeca
1045 1633 1112 1673 sit.
1166 1630 1309 1673 Omnia
1331 1632 1434 1672 enim
1457 1640 1497 1672 et
1517 1633 1669 1687 superi-

177 1718 247 1744 ora
270 1711 310 1744 et
329 1703 574 1757 insequentia
597 1702 788 1755 obliquam
812 1701 1029 1741 orationem
1053 1700 1214 1751 habent,
1243 1700 1316 1740 hoc
1337 1700 1504 1740 tricolon
1528 1701 1574 1741 de
1595 1701 1668 1741 im-

175 1771 334 1826 prouiso
356 1779 466 1812 recta
487 1770 666 1811 oratione
688 1770 850 1823 ingruit.
884 1767 1020 1821 Itaque
1043 1768 1139 1808 haec
1161 1768 1338 1808 eicienda
1359 1775 1467 1808 sunt.

293 1838 342 1881 C.
369 1838 421 1880 10
443 1837 919 1880 initiumitaseribendum
943 1842 1042 1876 erat:
1070 1835 1480 1889 ‘Acceptismandatis
1493 1834 1666 1876 Roscius

177 1923 201 1950 a
222 1905 398 1949 Caesare
416 1905 590 1961 Capuam
612 1905 795 1960 peruenit
814 1904 946 1958 ibique
969 1904 1150 1945 consules
1171 1903 1479 1958 Pompeiumque
1501 1902 1667 1943 inuenit:

177 1977 375 2031 postulat-a
397 1972 584 2016 Caesaris
615 1973 831 2015 renuntiat.
882 1971 946 2013 Illi
978 1972 1195 2013 deliberata
1226 1986 1270 2013 re
1299 1972 1540 2025 respondent
1567 1971 1667 2012 scri-

178 2051 323 2099 ptaque
344 2044 392 2084 ad
414 2057 498 2083 eum
522 2042 705 2083 mandata
726 2040 946 2082 remittunt.⁷
976 2047 1069 2080 cett.
1112 2039 1255 2079 Editur
1286 2038 1475 2079 ‘Roscius
1499 2054 1586 2079 cum
1609 2037 1663 2079 L.

178 2109 382 2154 Caesare’:
408 2117 451 2151 ut
473 2111 599 2164 posui,
626 2117 685 2151 est
705 2110 746 2150 in
769 2109 923 2162 optimis
937 2109 1047 2148 codd.
1082 2106 1236 2148 Deinde
1257 2107 1444 2160 uulgatur
1467 2108 1668 2148 ‘mandata

177 2194 249 2235 per
279 2193 347 2220 eos
375 2178 609 2228 remittunt'‚
648 2178 748 2234 quod
779 2183 938 2230 recepta
966 2176 1033 2216 illa
1055 2176 1288 2231 optimorum
1322 2175 1435 2215 codd.
1471 2175 1667 2228 scriptura

178 2248 275 2288 ferri
296 2261 376 2288 non
398 2253 542 2300 potest.
582 2245 714 2300 Atque
737 2242 1040 2297 Oudendorpius
1072 2244 1112 2284 in
1133 2243 1251 2284 Leid.
1275 2258 1334 2297 pr.
1361 2249 1400 2282 et
1427 2240 1534 2283 Scal.
1563 2249 1668 2295 ‘per-

179 2315 361 2356 mittunt'
391 2314 467 2368 legi
490 2314 599 2364 dicit,
632 2327 682 2353 ex
705 2327 791 2354 mea
814 2311 1024 2352 collatione
1046 2310 1141 2351 Par.
1167 2326 1247 2353 sec.
1275 2318 1426 2352 certum
1456 2317 1517 2351 est
1542 2314 1667 2350 ‘man-

179 2384 268 2424 data
295 2381 546 2436 permittunt'
578 2382 619 2422 in
645 2382 723 2422 illis
755 2393 908 2434 quoque
939 2379 1129 2433 scriptum
1151 2393 1254 2420 esse.
1297 2377 1436 2432 Itaque
1460 2378 1668 2419 ‘mandata

177 2450 396 2492 remittunt'
419 2449 546 2503 posui.
592 2447 698 2490 Sane
721 2446 874 2489 Caesar
895 2462 931 2488 c.
956 2446 982 2488 8
1003 2454 1237 2489 narrauerat
1257 2444 1309 2487 L.
1335 2444 1552 2487 Caesarem
1574 2446 1668 2486 ado-

177 2518 393 2559 lescentem
416 2517 463 2556 ad
484 2531 528 2559 se
538 2516 716 2571 Pompeii
737 2517 919 2557 mandata
941 2515 1127 2556 detulisse
1150 2515 1362 2567 eademque
1385 2515 1467 2554 sere
1477 2512 1666 2554 Roscium

177 2593 402 2642 praetorem
424 2599 557 2626 secum
580 2585 733 2638 egisse:
767 2586 900 2638 itaque
923 2597 968 2624 se
988 2585 1150 2625 idoneos
1173 2590 1329 2624 nactum
1352 2582 1528 2622 homines
1551 2581 1598 2621 ab
1619 2582 1668 2622 iis

178 2654 352 2709 petisse,
376 2660 420 2693 ut
441 2667 512 2694 sua
536 2667 687 2706 quoque
710 2653 894 2693 mandata
931 2653 979 2692 ad
1008 2650 1236 2705 Pompeium
1260 2652 1474 2691 deferrent.
1520 2648 1668 2702 Quam-

179 2722 313 2763 obrem
348 2721 421 2761 hoc
453 2720 606 2774 quidem
638 2720 795 2761 dubium
825 2735 904 2761 non
935 2726 1020 2770 est,
1064 2720 1156 2772 quin
1185 2719 1341 2772 utrique
1375 2718 1559 2759 mandata
1579 2731 1668 2772 per-

179 2789 342 2831 ferenda
363 2788 454 2829 data
473 2787 569 2829 sint.
611 2787 743 2842 Atque
772 2787 916 2829 Cicero
945 2788 994 2828 ad
1023 2785 1220 2837 Att.VII‚
1247 2786 1298 2826 13
1319 2785 1370 2838 Β,
1405 2785 1446 2827 6.
1480 2785 1548 2837 14,
1580 2784 1603 2825 1
1628 2792 1668 2826 et

178 2857 337 2912 saepius
368 2857 494 2897 solum
523 2854 576 2897 L.
609 2853 825 2897 Caesarem
846 2856 1027 2897 mandata
1049 2868 1073 2895 a
1093 2852 1270 2897 Caesare
1291 2855 1474 2897 attulisse
1495 2854 1574 2895 ait:
1597 2852 1668 2896 sed
