1835 3240
655 170 1079 212 -179—

135 288 309 332 turbauit
329 294 383 337 et,
407 299 494 326 cum
517 298 560 325 se
582 284 648 325 illa
670 283 710 324 in
732 284 896 324 interius
919 283 1124 324 castellum
1146 284 1376 337 recepisset,
1394 299 1440 325 eo
1463 300 1613 340 quoque

132 357 272 410 irrupit
293 357 348 406 (c.
373 352 462 405 67).
497 349 576 392 Sed
603 351 784 392 dextrum
808 350 996 393 Caesaris
1018 365 1141 391 cornu
1163 352 1210 392 ad
1234 352 1488 393 munitionem
1511 354 1614 395 illam

132 425 179 466 ad
200 424 340 463 flumen
364 421 623 475 pertinentem
648 420 830 474 peruenit
851 433 1036 472 eamque,
1071 433 1156 458 cum
1180 426 1328 472 partem
1353 420 1444 460 ualli
1467 428 1616 461 castro-

131 506 214 533 rum
239 490 503 539 existimaret,
529 489 640 540 sequi
664 488 808 541 eoepit,
827 493 867 527 ut
889 501 958 540 per
980 494 1132 541 portam
1154 487 1346 537 intraret,
1372 487 1512 528 deinde
1534 489 1617 529 ani-

130 559 336 599 maduerso
368 570 504 597 errore
526 555 701 608 prorutis
724 555 1004 595 munitionibus
1028 555 1262 596 defendente
1285 555 1389 595 nullo
1413 561 1617 596 transcen-

128 626 198 673 dit,
220 626 496 678 equitatusque
511 620 698 663 Caesaris
721 637 788 663 eas
811 623 993 662 cohortes
1016 630 1176 663 secutus
1201 624 1328 673 est(c.
1344 620 1432 674 68).
1464 623 1616 665 Verum

129 694 287 734 interim
301 707 343 733 re
361 692 535 732 nuntiata
549 688 760 745 Pompeius
776 690 944 744 quinque
958 690 1133 744 legiones
1145 689 1318 731 subsidio
1335 689 1418 730 suis
1434 690 1612 730 adduxit.

127 760 231 801 Nam
255 776 288 800 c.
314 759 392 809 69,
422 758 439 799 1
459 789 469 809 ,
496 773 582 798 cum
615 759 655 799 in
677 758 834 813 optimis
858 758 971 798 codd.
996 758 1152 813 legatur
1175 758 1229 801 ‘V
1251 758 1408 812 legione
1429 758 1475 798 ab
1498 773 1617 813 opere

128 829 294 869 deducta
313 827 484 868 subsidio
507 827 588 866 suis
612 827 751 877 duxit’,
771 841 850 866 non
867 825 921 867 ‘V
942 826 1139 880 legionem
1153 852 1207 856 —
1221 827 1455 877 deductam',
1471 834 1514 867 ut
1535 827 1616 867 edi-

127 903 205 946 tur,
222 897 290 936 sed
315 894 368 937 ‘V
386 895 563 948 legiones
579 919 627 923 —
644 895 1104 935 deductas'scribendum
1128 908 1218 935 esse
1241 902 1388 935 certum
1411 902 1486 935 est.
1513 892 1617 936 Cae-

128 978 196 1004 sar
217 963 337 1014 enim,
363 977 447 1003 cuni
471 962 637 1016 amplius
659 969 740 1002 tres
762 962 940 1015 legiones
965 963 1172 1003 eduxisset
1193 966 1246 1015 (c.
1269 961 1339 1013 67,
1365 961 1425 1015 3),
1451 977 1486 1003 c.
1501 962 1572 1013 72,
1589 962 1616 1003 2

126 1031 364 1085 paucitatem
395 1031 559 1070 militum
590 1044 748 1070 suorum
773 1037 1078 1080 commemorat,
1112 1031 1150 1070 id
1172 1030 1271 1083 quod
1293 1030 1424 1084 inepte
1447 1031 1612 1082 faceret,

127 1097 158 1138 si
182 1097 329 1138 duabus
346 1096 599 1152 Pompeianis
623 1097 844 1150 legionibus
867 1098 1130 1138 resistendum
1155 1098 1309 1138 suisset.
1343 1097 1498 1139 Deinde
1512 1096 1616 1139 Oro-

127 1165 208 1206 sius
230 1164 313 1217 VI,
341 1164 391 1206 15
414 1164 644 1220 Pompeium
677 1165 857 1206 omnibus
888 1166 1010 1220 copiis
1042 1179 1256 1221 oppressae
1286 1165 1433 1220 legioni
1455 1179 1616 1206 succur-

126 1233 227 1274 risse
256 1234 408 1274 scribit.
451 1232 536 1274 Eae
567 1241 699 1274 autem
732 1247 867 1274 omnes
891 1234 1051 1288 copiae,
1087 1249 1172 1274 cum
1195 1232 1407 1288 Pompeius
1431 1249 1519 1274 cum
1542 1248 1618 1275 sex

127 1301 348 1354 legionibus
371 1302 570 1355 erupisset
593 1308 643 1349 (c.
669 1299 746 1351 (32,
771 1301 816 1353 2)
840 1308 879 1340 et
899 1316 1017 1341 unam
1048 1301 1243 1356 legionem
1264 1302 1305 1342 in
1328 1309 1463 1342 uetera
1485 1310 1617 1343 eastra

127 1369 345 1410 remisisset
369 1372 423 1421 (c.
446 1367 524 1418 66,
551 1368 616 1421 1),
650 1369 760 1422 ipsae
789 1369 958 1422 quinque
979 1369 1157 1424 legiones
1181 1376 1309 1410 erant.
1343 1368 1478 1424 Itaque
1498 1368 1616 1411 Pom-

128 1437 214 1491 peio
236 1451 320 1477 cum
344 1435 567 1489 legionibus
589 1435 941 1489 appropinquante,
960 1450 1047 1476 cum
1071 1437 1207 1477 eodem
1223 1443 1399 1491 tempore
1416 1438 1615 1491 equitatus

128 1504 212 1545 eius
242 1504 288 1546 ad
312 1501 501 1544 Caesaris
533 1503 687 1556 equites
709 1503 940 1554 accederet,
974 1504 1079 1558 legio
1100 1502 1343 1560 Pompeiana
1363 1506 1405 1546 in
1427 1506 1571 1547 castris
1593 1520 1615 1547 a

127 1569 305 1612 Caesare
335 1584 522 1625 oppressa
552 1576 592 1610 et
622 1570 699 1610 iam
722 1570 769 1610 ad
792 1571 1046 1612 decumanam
1068 1580 1221 1626 portam
1242 1573 1389 1614 reiecta
1405 1605 1416 1624 ,
1451 1574 1554 1614 ultro
1575 1574 1616 1614 in

127 1636 393 1680 Caesarianos
416 1638 599 1691 impetum
623 1636 730 1687 fecit,
752 1651 874 1690 eaque
897 1647 1109 1681 consecuta
1131 1647 1240 1691 sunt,
1257 1641 1303 1681 de
1326 1641 1466 1694 quibus
1488 1641 1614 1696 ipsum

127 1704 341 1748 Caesarem
363 1705 566 1745 audiamus
589 1718 624 1744 c.
650 1703 777 1756 69,2.
816 1705 1073 1759 ‘Equitatus',
1098 1707 1240 1761 inquit,
1269 1706 1487 1759 ‘Caesaris,
1513 1710 1615 1762 quod

126 1781 293 1829 angusto
314 1774 458 1814 itinere
481 1785 550 1826 per
568 1786 734 1826 aggeres
751 1774 1008 1825 ascendebat,
1023 1775 1199 1830 receptui
1216 1790 1288 1816 suo
1305 1776 1445 1817 timens
1459 1777 1615 1818 initium

125 1842 240 1895 fugae
261 1841 445 1882 faciebat.
481 1838 678 1881 Dextrum
700 1855 839 1889 cornu,
856 1843 957 1895 quod
979 1850 1066 1883 erat
1087 1857 1109 1884 a
1125 1844 1289 1884 sinistro
1308 1844 1520 1894 seclusum,
1535 1853 1616 1887 ter-

124 1923 217 1949 rore
239 1909 411 1962 equitum
434 1907 732 1959 animaduerso,
757 1923 807 1950 ne
828 1909 934 1950 intra
955 1912 1214 1953 munitionem
1237 1913 1545 1967 opprimeretur,
1570 1927 1616 1954 ea

126 1983 262 2030 parte,
296 1991 408 2030 quam
433 1983 664 2030 proruerat,
689 1990 780 2017 sese
801 1978 1029 2032 recipiebat,
1055 1995 1100 2021 ac
1123 1981 1298 2035 plerique
1322 1995 1375 2021 ex
1396 1980 1480 2032 his,
1506 1994 1555 2022 ne
1576 1981 1617 2021 in

125 2044 328 2096 angustias
349 2045 584 2095 inciderent,
610 2058 663 2085 ex
683 2042 725 2083 X
746 2045 884 2099 pedum
906 2048 1123 2089 munitione
1146 2063 1190 2090 se
1211 2049 1251 2089 in
1274 2050 1402 2090 fossas
1425 2049 1616 2104 praecipi-

126 2110 275 2152 tabant’
297 2119 392 2153 cett.
437 2111 498 2153 Ita
521 2113 624 2153 enim
647 2113 743 2153 haec
765 2115 1005 2156 emendanda
1030 2123 1157 2157 erant.
1194 2116 1338 2157 Editur
1358 2117 1523 2171 primum
1549 2122 1617 2158 ‘ex

126 2187 236 2233 parte
253 2210 264 2231 ,
297 2195 370 2234 qua
393 2180 642 2234 proruebat':
670 2180 809 2234 quibus
831 2183 963 2223 uerbis
987 2184 1078 2237 quid
1102 2192 1163 2225 est
1184 2185 1371 2239 ineptius,
1398 2185 1451 2226 ibi
1472 2185 1616 2226 milites

126 2244 314 2288 Caesaris
336 2262 379 2289 se
400 2249 602 2302 recepisse
624 2249 725 2299 dici,
750 2249 816 2289 ubi
839 2253 1094 2304 proruerint?
1124 2251 1269 2306 Neque
1293 2267 1388 2294 uero
1412 2267 1465 2293 ex
1486 2260 1613 2307 parte,

124 2329 238 2368 quam
261 2323 485 2369 proruerat,
503 2330 628 2356 cornu
649 2330 693 2356 se
716 2317 946 2370 recipiebat,
964 2320 1033 2359 sed
1055 2333 1108 2360 ex
1130 2320 1298 2361 circuitu
1320 2320 1550 2361 munitionis
1572 2335 1616 2362 se

122 2383 320 2437 recipiens
342 2397 388 2424 ea
409 2392 519 2438 parte
541 2384 816 2435 munitionum,
841 2399 954 2438 quam
978 2396 1187 2440 proruerat
1209 2391 1263 2442 (c.
1285 2388 1355 2439 68,
1373 2388 1433 2441 3),
1457 2388 1537 2430 iter
1558 2390 1615 2430 fa-

123 2449 265 2491 ciebat.
299 2450 432 2505 Atque
452 2457 515 2492 ‘ea
537 2452 660 2505 parte'
683 2453 757 2492 iam
776 2451 967 2494 Dauisius
991 2457 1184 2497 correxit.
1218 2456 1313 2498 Non
1335 2457 1483 2498 rectius
1507 2458 1614 2499 dein-

125 2531 216 2571 ceps
250 2518 379 2559 editur
402 2518 460 2559 6Χ
482 2521 619 2574 pedum
655 2520 883 2561 munitionis
906 2535 949 2562 se
971 2521 1009 2561 in
1032 2523 1161 2564 fossas
1185 2525 1527 2579 praecipitabant'.
1562 2525 1615 2567 Hi

126 2585 227 2624 enim
249 2586 393 2626 milites
416 2601 461 2627 ea
486 2594 596 2641 parte
619 2588 727 2638 ualli,
747 2603 847 2642 quae
869 2597 1032 2643 proruta
1055 2598 1155 2642 erat,
1171 2592 1218 2632 ab
1241 2592 1330 2632 aliis
1354 2601 1543 2648 occupata
1561 2608 1612 2635 ex

124 2651 279 2705 integra
302 2655 518 2695 munitione
541 2655 790 2696 desiliebant.
837 2654 951 2710 Quod
973 2659 1008 2699 si
1030 2659 1116 2712 quis
1138 2661 1323 2714 opinatur
1345 2675 1430 2702 eum
1448 2694 1458 2713 ,
1484 2662 1547 2715 qui
1569 2677 1612 2703 se

123 2717 162 2757 in
184 2718 310 2759 fossas
332 2720 374 2761 X
395 2724 533 2776 pedum
555 2723 786 2764 munitionis
809 2726 1069 2781 praecipitare
1092 2728 1259 2780 dicatur,
1275 2737 1413 2784 sponte
1433 2729 1610 2784 intellegi

126 2799 178 2826 ex
199 2788 414 2829 munitione
436 2790 519 2831 eius
542 2790 761 2831 altitudinis
785 2792 944 2834 desilire
960 2825 971 2845 ,
998 2809 1126 2849 neque
1149 2796 1222 2837 hoc
1246 2811 1380 2838 uerum
1405 2804 1488 2848 est,
1526 2811 1610 2837 cum

125 2853 276 2895 sublata
298 2856 513 2898 munitione
535 2859 665 2900 fossae
685 2859 856 2916 relinqui
870 2861 1045 2915 possint,
1063 2864 1399 2918 nequequisquam
1417 2865 1514 2905 satis
1530 2864 1615 2918 qui-

1331 2930 1384 2971 12
1396 2933 1412 2951 *
