1835 3240
99 885 140 919 10

102 1222 141 1255 15

99 1560 142 1594 20

602 153 786 198 COMM.
810 152 849 197 V
871 152 996 196 CAP.
1020 152 1219 197 26—27.
1645 156 1727 200 363

171 272 362 327 Hispania
394 268 570 323 quidam,
605 269 669 322 qui
698 269 774 310 iam
807 276 898 309 ante
926 268 1050 309 missu
1082 263 1271 306 Caesaris
1303 266 1350 306 ad
1381 266 1651 323 Ambiorigem

171 340 366 381 uentitare
389 344 626 387 consuerat3
656 338 755 391 apud
778 351 873 390 quos
896 335 1106 376 Ambiorix
1127 335 1174 374 ad
1199 334 1299 374 hunc
1323 334 1474 374 modum
1496 337 1650 378 loeutus

170 414 255 448 est:
300 403 400 447 Sese
432 419 501 459 pro
525 401 713 446 Caesaris
747 405 788 445 in
811 418 854 444 se
875 403 1075 443 beneficiis
1098 401 1304 456 plurimum
1329 402 1363 442 ei
1387 404 1564 443 confiteri
1587 405 1652 444 de·
1673 404 1701 446 2

170 475 264 515 bere
280 504 290 522 ‚
329 473 429 526 quod
453 473 536 514 eius
559 487 678 527 opera
701 471 895 526 stipendio
918 471 1107 511 liberatus
1129 476 1259 519 esset,
1296 469 1394 522 quod
1416 469 1653 520 Aduatucis‚

173 541 359 582 finitumis
382 541 463 581 suis
480 571 490 590 ,
523 540 693 594 pendere
716 545 973 588 consuesset,
1008 538 1186 590 quodque
1219 537 1254 578 ei
1278 544 1316 578 et
1338 537 1439 577 filius
1463 544 1502 577 et
1524 538 1655 578 fratris

171 609 273 650 filius
297 609 343 649 ab
368 605 544 649 Caesare
565 607 722 648 remissi
744 613 901 656 essent,
937 619 1032 658 quos
1054 605 1251 645 Aduatuci
1283 605 1460 645 obsidum
1492 618 1656 645 numero

170 676 314 716 missos
337 677 438 730 apud
462 690 504 716 se
525 676 565 716 in
588 675 779 716 seruitute
801 680 840 713 et
863 673 1013 713 catenis
1036 673 1283 722 tenuissent3
1318 686 1445 725 neque
1466 672 1502 712 id
1519 703 1529 722 ‚
1554 673 1656 725 quod
1678 672 1702 713 3

172 744 312 784 fecerit
334 744 379 784 de
403 743 691 797 oppugnatione
713 749 933 783 castrorum
949 772 959 791 ‚
994 748 1062 780 aut
1092 740 1236 780 iudicio
1268 747 1334 779 aut
1363 740 1565 780 uoluntate
1587 754 1660 780 sua

172 811 332 861 fecisse,
357 811 424 851 sed
443 817 579 851 coactu
597 810 768 851 ciuitatis
783 841 793 860 ⁷
820 823 968 862 suaque
990 822 1079 848 esse
1102 807 1292 848 eiusmodi
1314 808 1491 861 imperia,
1518 814 1559 848 ut
1579 822 1659 849 non

171 879 298 919 minus
332 879 494 919 haberet
523 878 620 918 iuris
650 878 690 918 in
721 891 764 918 se
793 877 997 917 multitudo
1014 907 1024 927 ,
1050 889 1163 929 quam
1186 875 1268 929 ipse
1290 876 1330 915 in
1352 876 1654 916 multitudinem.

177 945 342 987 Ciuitati
366 960 482 1000 porro
505 946 605 986 hanc
628 946 750 986 fuisse
772 945 863 984 belli
886 959 1062 994 causam,
1087 944 1187 997 quod
1206 943 1436 996 repentinae
1453 942 1657 983 Gallorum
1679 942 1707 983 4

173 1014 440 1054 coniurationi
472 1014 661 1054 resistere
684 1027 760 1053 non
784 1013 972 1066 potuerit.
1004 1011 1048 1052 Id
1070 1026 1113 1052 se
1138 1011 1249 1051 facile
1272 1025 1325 1050 ex
1346 1011 1565 1050 humilitate
1587 1024 1659 1051 sua

173 1081 341 1135 probare
364 1095 479 1135 posse
494 1112 504 1131 ,
538 1081 639 1134 quod
662 1095 737 1121 non
762 1081 859 1121 adeo
882 1080 933 1120 sit
954 1080 1156 1134 imperitus
1178 1092 1335 1129 rerum,
1369 1085 1412 1117 ut
1434 1079 1514 1118 suis
1537 1078 1659 1132 copiis

173 1149 352 1202 populum
368 1148 591 1189 Romanum
614 1148 794 1202 superari
818 1162 932 1201 posse
956 1148 1139 1188 confidat.
1175 1145 1253 1187 Sed
1276 1160 1365 1186 esse
1379 1144 1533 1186 Galliae
1556 1160 1660 1186 com·
1681 1144 1706 1187 5

173 1229 289 1256 mune
303 1217 508 1257 consilium
527 1234 535 1257 ε
562 1217 740 1257 omnibus
754 1216 929 1256 hibernis
944 1213 1132 1257 Caesaris
1155 1214 1423 1268 oppugnandis
1447 1214 1548 1254 hunc
1571 1227 1660 1254 esse

175 1283 319 1323 dictum
344 1284 442 1324 diem
459 1316 469 1334 ‚
504 1299 553 1325 ne
577 1299 648 1338 qua
673 1285 775 1339 legio
797 1285 948 1325 alterae
969 1284 1116 1338 legioni
1144 1283 1318 1324 subsidio
1347 1283 1485 1322 uenire
1508 1288 1656 1336 posset.

173 1349 268 1390 Non
291 1351 405 1392 facile
428 1349 562 1392 Gallos
577 1350 702 1393 Gallis
726 1367 871 1406 negare
894 1351 1086 1406 potuisse,
1111 1351 1341 1405 praesertim
1367 1364 1454 1390 cum
1477 1350 1523 1389 de
1546 1362 1660 1388 recum
1681 1347 1708 1389 6

174 1419 345 1471 peranda
377 1420 572 1459 communi
601 1420 781 1460 libertate
821 1420 1026 1459 consilium
1056 1419 1195 1459 initum
1229 1418 1444 1458 uideretur.
1508 1415 1660 1468 Quibus
1681 1415 1708 1457 7

177 1485 358 1538 quoniam
382 1500 451 1540 pro
474 1487 618 1540 pietate
640 1487 903 1537 satisfecerit,
939 1487 1083 1527 habere
1116 1500 1217 1526 nunc
1250 1500 1293 1526 se
1323 1485 1517 1525 rationem
1548 1484 1662 1524 officii

174 1568 244 1608 pro
267 1554 466 1595 beneficiis
490 1552 703 1595 Caesaris:
736 1569 919 1605 monere,
945 1569 1059 1595 orare
1080 1553 1276 1594 Titurium
1300 1567 1368 1607 pro
1392 1552 1558 1605 hospitio
1575 1582 1585 1599 ‚
1619 1558 1662 1591 ut

174 1636 270 1662 suae
293 1636 338 1662 ac
363 1623 526 1662 militum
558 1624 675 1663 saluti
709 1623 900 1662 consulat.
963 1621 1151 1676 Magnam
1180 1636 1338 1661 manum
1369 1619 1659 1660 Germanorum
1680 1617 1708 1659 8

176 1690 407 1730 conductam
428 1689 610 1730 Rhenum
635 1690 852 1741 transisse3
887 1690 986 1729 hanc
1017 1690 1151 1729 adfore
1172 1690 1304 1729 biduo.
1366 1686 1547 1741 Ipsorum
1569 1701 1658 1728 esse
1679 1686 1707 1728 9

174 1757 398 1807 consilium,
424 1757 599 1798 uelintne
621 1758 751 1812 prius,
786 1772 899 1811 quam
921 1758 1085 1798 finitumi
1109 1758 1308 1806 sentiant,
1345 1756 1506 1796 eductos
1530 1769 1583 1795 ex
1604 1755 1661 1795 hi*

174 1823 308 1864 bernis
330 1825 473 1865 milites
497 1832 566 1865 aut
587 1825 634 1865 ad
658 1823 895 1866 Ciceronem
918 1833 986 1866 aut
1007 1827 1054 1866 ad
1075 1824 1297 1866 Labienum
1321 1825 1535 1874 deducere,
1568 1837 1663 1876 quo-

172 1906 260 1932 rum
282 1893 382 1933 alter
402 1894 508 1934 milia
529 1908 714 1948 passuum
738 1894 1212 1949 circiterquinquaginta⁷
1237 1895 1339 1934 alter
1360 1893 1474 1946 paulo
1497 1891 1662 1945 amplius

175 1959 222 2000 ab
245 1960 294 2000 iis
317 1961 434 2001 absit.
467 1960 566 2002 Illud
587 1977 630 2003 se
652 1962 827 2016 polliceri
851 1970 889 2002 et
908 1962 1162 2003 iureiurando
1185 1963 1418 2002 confirmare
1441 1967 1562 2000 tutum
1585 1960 1663 1999 iter
1686 1955 1738 1997 10

176 2041 247 2082 per
276 2028 374 2070 fines
411 2030 606 2070 daturum.
654 2027 770 2082 Quod
802 2045 889 2070 cum
911 2031 1054 2080 faciat,
1090 2037 1130 2071 et
1150 2030 1300 2071 ciuitati
1321 2042 1410 2070 sese
1433 2028 1657 2076 consulere,
1686 2025 1737 2066 11

321 2176 334 2208 1
357 2176 450 2209 missi
469 2176 520 2217 A,
541 2177 635 2209 iussu
656 2187 747 2210 corr.
769 2188 785 2209 e
805 2177 953 2219 (suerat
969 2178 1087 2217 missu,
1107 2181 1148 2209 ut
1165 2176 1340 2219 uidetur).
1482 2177 1502 2210 2
1522 2184 1663 2207 consue-

176 2231 231 2259 rat
248 2227 279 2259 Β
292 2228 382 2269 CD,
405 2234 614 2261 consuerant
631 2231 685 2271 A,-
705 2235 957 2263 consueuerant
977 2231 994 2262 b
1007 2242 1042 2271 e,
1065 2234 1296 2262 consueuerat
1314 2240 1349 2261 u.
1514 2229 1556 2260 ad
1574 2229 1662 2259 hunc

177 2279 311 2311 modum
330 2279 389 2321 (B)
411 2279 567 2321 ‘ceter-112
589 2281 620 2313 in
642 2281 728 2313 hunc
748 2282 880 2313 modum
901 2282 1018 2314 bede.
1283 2281 1301 2313 3
1322 2291 1357 2313 se
1372 2279 1508 2321 postia
1528 2290 1596 2312 om.
1616 2288 1663 2310 m.

173 2339 232 2370 pr.
252 2331 294 2362 B.
438 2333 455 2363 5
476 2332 638 2364 finitumis
656 2334 730 2365 AB
743 2334 769 2366 C
782 2334 827 2365 D.
971 2333 989 2366 7
1008 2333 1102 2365 missi
1120 2333 1165 2365 A.
1318 2331 1366 2374 id]
1388 2332 1435 2363 hii
1455 2332 1472 2363 b
1490 2342 1519 2362 c.

182 2381 202 2413 8
220 2381 367 2414 fecerint
387 2383 473 2414 boe.
617 2385 657 2417 de
677 2385 929 2428 impugnatione
950 2386 980 2417 b.
1124 2385 1163 2417 10
1183 2385 1349 2416 haberent
1370 2385 1410 2417 C.
1518 2384 1556 2417 13
1577 2384 1665 2426 quod

181 2443 246 2465 non
263 2452 309 2457 —-
325 2445 426 2478 posse
446 2446 514 2467 om.
535 2447 564 2468 e.
709 2438 750 2470 14
769 2438 926 2480 superari
946 2437 1088 2479 posseB
1106 2441 1141 2468 et
1158 2437 1305 2478 reliqui,
1327 2447 1362 2468 se
1382 2446 1546 2479 superare
1567 2445 1665 2478 posse

183 2485 200 2515 b
214 2485 275 2517 cd.
449 2488 489 2519 15
509 2487 640 2519 alterae
659 2488 729 2519 AB
748 2492 801 2529 et,
824 2491 889 2530 qui
905 2489 1028 2529 altere,
1051 2488 1140 2527 CD,·
1161 2488 1301 2519 alteria
1316 2499 1345 2520 e.
1464 2491 1606 2530 possent
1625 2486 1665 2519 C.

325 2539 366 2572 17
385 2540 610 2582 reciperanda
628 2544 712 2573 ante
731 2550 822 2571 corr.
845 2551 874 2573 e.
1054 2541 1093 2573 18
1112 2541 1246 2572 initium
1265 2544 1348 2572 ante
1366 2550 1460 2573 corr.
1480 2540 1521 2571 B.

184 2587 224 2619 19
244 2589 398 2629 quoniam
415 2591 625 2633 proprietate
643 2592 673 2623 B
692 2591 789 2623 ‘mssa
809 2591 854 2623 δ’.
1016 2592 1059 2626 20
1079 2592 1229 2633 hospicio
1248 2592 1290 2624 B.
1456 2591 1495 2626 21
1517 2589 1666 2631 manum]

182 2648 338 2679 magnum
356 2641 398 2673 B.
537 2644 580 2676 23
599 2644 743 2675 finitumi
762 2644 832 2676 AB
846 2644 892 2675 D.
1034 2645 1078 2678 24
1096 2644 1224 2676 milites
1244 2645 1285 2676 ad
1305 2644 1376 2676 Cic.
1400 2645 1417 2676 b
1432 2655 1491 2676 ce.
1609 2647 1667 2675 aut

181 2689 367 2722 Labienum
386 2692 416 2723 b.
534 2694 575 2726 2ss
595 2694 635 2726 ab
655 2694 696 2726 iis
715 2694 766 2735 B;
788 2694 829 2726 ab
848 2694 900 2726 his
923 2694 1007 2725 ‘met'
1022 2695 1130 2735 τηε-33,
1153 2695 1316 2736 idemque
1337 2695 1437 2727 codd.
1458 2696 1670 2727 Achaiam-ti

183 2751 374 2783 agnoscere
392 2743 583 2785 dicuntur,-
602 2756 670 2778 om.
692 2757 721 2777 e.
918 2751 1027 2778 tutum
1048 2747 1114 2780 iter
1131 2747 1236 2790 A(B)
1255 2748 1343 2787 CI),
1366 2752 1475 2780 tutum
1495 2759 1531 2780 se
1551 2748 1617 2780 iter
1635 2757 1664 2778 e,

325 2794 369 2828 27
386 2806 446 2837 per
463 2796 547 2830 fines
565 2798 638 2830 AB
653 2799 747 2840 CD,·
767 2809 828 2841 per
845 2809 924 2832 suos
938 2799 1022 2832 fines
1035 2811 1063 2841 e,
1085 2803 1121 2833 et
1139 2802 1230 2833 ‘suos
1248 2804 1399 2832 seruant
1416 2801 1433 2831 b
1446 2801 1488 2840 c',·
1508 2810 1567 2842 per
1583 2800 1666 2831 fines

188 2855 265 2878 suos
286 2857 320 2877 η.
