1835 3240
87 185 171 228 778
766 188 1043 233 CAESARIS

612 320 660 344 AD
681 319 744 344 cn.
770 317 962 344 DOMl'rWM
984 315 1194 343 CALvuwM.

817 374 877 424 (a.
901 370 993 424 48.)

280 436 396 478 Caes.
420 437 459 478 b.
485 440 563 478 ciet.
587 438 680 488 III,
703 437 760 479 78
778 469 788 488 ,
813 437 863 478 5:
898 437 1137 479 Praemissis
1168 435 1315 476 nuntiis
1337 436 1384 476 ad
1406 433 1483 478 Cn.
1508 437 1643 479 Domi-

146 503 240 544 tium
263 500 417 544 Caesar
437 505 594 558 scripsit
615 512 669 554 et,
694 506 782 558 quid
805 505 890 545 fieri
913 506 1046 553 uellet,
1073 506 1262 546 ostendit.

277 571 391 611 Hz'rt.
416 572 453 612 b.
474 570 610 612 Alex.
633 572 704 622 34,
720 572 769 612 3:
803 571 868 614 Ad
889 573 1064 626 legiones
1086 574 1281 627 profectus
1304 587 1418 614 unam
1442 586 1494 613 ex
1516 572 1640 612 tribus

163 644 311 679 XXXVI
334 652 464 679 secum
488 639 607 692 ducit,
633 641 728 681 duas
749 641 790 680 in
812 640 1035 695 Aegyptum
1058 642 1105 681 ad
1128 638 1341 681 Caesarem
1364 641 1483 681 mittit
1503 640 1645 680 litteris

164 707 248 747 eius
272 713 474 746 euocatas.

278 774 389 813 Idem
412 774 508 814 ibid.
535 774 612 824 38,
639 775 684 815 ’1ε
718 775 910 817 Proxima
943 783 1057 816 nocte
1078 775 1307 817 Pharnaces
1339 775 1568 829 interceptis
1591 781 1646 814 ta-

163 839 353 890 bellariis,
379 842 444 894 qui
466 842 511 881 de
526 842 811 885 Alexandrinis
834 845 953 885 rebus
975 844 1128 884 litteras
1150 845 1198 884 ad
1211 843 1426 884 Domitium
1448 843 1642 891 ferebant,

164 908 370 960 cognoscit
392 906 606 950 Caesarem
630 926 770 965 magno
793 912 833 951 in
856 912 1028 966 periculo
1051 912 1206 952 uersari
1228 911 1473 965 flagitarique
1496 910 1542 950 ab
1566 908 1647 949 Do-

164 974 288 1025 mitio,
313 983 356 1015 ut
378 991 490 1029 quam
514 979 678 1031 primum
702 977 868 1021 Caesari
890 979 1063 1020 subsidia
1085 979 1281 1029 mitteret,
1306 978 1541 1033 propiusque
1562 977 1645 1031 ipse

162 1041 448 1084 Alexandriam
473 1059 543 1099 per
567 1044 725 1102 Syriam
748 1049 968 1089 accederet.

735 1130 784 1155 An
806 1130 843 1156 A.
870 1130 1069 1156 GABlNlVM.

278 1184 337 1231 (a.
362 1180 436 1233 48)
459 1181 572 1222 Hir—t.
599 1182 635 1222 b.
661 1180 795 1223 Aleoe.
820 1182 890 1233 42,
906 1184 955 1224 5:
991 1181 1091 1224 Cum
1115 1182 1384 1223 diuersissima
1407 1188 1517 1234 parte
1539 1180 1644 1221 orbis

163 1255 356 1289 terrarum
388 1246 464 1289 Cn.
488 1248 716 1304 Pompeium
747 1248 899 1291 Caesar
928 1251 1056 1290 uictor
1086 1257 1320 1303 sequeretur
1349 1249 1646 1303 compluresque

161 1316 410 1357 aduersarios
433 1318 473 1357 in
495 1316 692 1372 Illyricum
716 1325 874 1372 propter
890 1317 1148 1358 Macedoniae
1170 1317 1497 1371 propinquitatem
1521 1330 1563 1356 se
1585 1329 1644 1355 re-

161 1383 291 1436 liquiis
324 1399 375 1425 ex
407 1386 497 1438 fuga
532 1386 705 1426 collectis
736 1386 953 1427 contulisse
975 1386 1154 1435 audiret,
1187 1385 1341 1426 litteras
1364 1386 1412 1425 ad
1435 1384 1646 1425 Gabinium

161 1452 302 1501 mittit,
328 1454 383 1492 uti
405 1468 492 1493 cum
515 1453 734 1506 legionibus
759 1455 951 1504 tironum,
977 1467 1077 1507 quae
1100 1467 1223 1507 nuper
1244 1461 1357 1493 erant
1378 1453 1643 1505 conscriptae,

161 1520 477 1573 proficisceretur
498 1521 537 1560 in
554 1519 754 1576 Illyricum
777 1523 1074 1575 coniunctisque
1096 1521 1217 1575 copiis
1240 1535 1323 1560 cum
1343 1518 1393 1573 Q.
1413 1518 1644 1568 Cornificio,

162 1587 196 1627 si
228 1589 329 1641 quod
362 1589 576 1643 periculum
609 1590 835 1643 prouinciae
864 1590 1101 1639 inferretur,
1136 1589 1374 1642 depelleret,
1408 1589 1468 1628 sin
1501 1601 1547 1628 ea
1569 1601 1648 1627 uon

161 1657 315 1710 magnis
337 1658 458 1712 copiis
482 1665 563 1699 tuta
587 1671 675 1699 esse
698 1665 846 1712 posset,
872 1658 910 1698 in
927 1657 1200 1698 Macedoniam
1223 1657 1399 1711 legiones
1417 1657 1643 1697 adduceret.

631 1741 679 1766 An
702 1743 739 1773 Q.
765 1741 925 1767 CAssivM
947 1740 1163 1767 Lon-GnWM.

815 1797 876 1846 (α.
901 1793 993 1846 48.)

274 1860 386 1901 Hirt.
414 1862 451 1901 b.
479 1862 611 1902 Alma
635 1861 704 1912 51,
734 1861 781 1902 1:
817 1861 977 1903 Interim
1000 1863 1153 1903 litteras
1175 1861 1325 1914 accepit
1347 1874 1366 1900 a
1391 1857 1581 1909 Caesare,
1607 1866 1648 1898 ut

160 1927 201 1967 in
223 1927 398 1968 Africam
433 1930 649 1969 exercitum
683 1930 868 1970 traiceret
899 1945 1044 1984 perque
1066 1929 1349 1970 Mauritaniam
1372 1928 1419 1967 ad
1441 1929 1537 1968 fines
1558 1925 1647 1967 Nu·

160 1995 302 2036 midiae
324 1997 568 2049 perueniret,
593 1998 693 2050 quod
718 2011 858 2051 magna
881 1996 958 2038 Cn.
982 1996 1171 2052 Pompeio
1194 1995 1291 2037 Iuba
1311 1996 1473 2037 miserat
1494 1994 1644 2036 auxilia

159 2063 385 2116 maioraque
407 2064 599 2104 missurus
623 2065 940 2107 existimabatur.

274 2131 384 2171 Idem
409 2132 510 2171 ibid.
536 2131 605 2182 56,
633 2132 680 2172 1:
718 2131 895 2174 Litteras
918 2148 939 2173 a
962 2131 1140 2175 Caesare
1162 2134 1302 2174 missas
1325 2132 1481 2186 accipit,
1507 2130 1641 2185 quibus

160 2200 361 2254 cognoscit
384 2198 614 2253 Pompeium
638 2200 678 2240 in
701 2201 785 2242 acie
807 2202 952 2242 uictum
976 2202 1132 2242 amissis
1155 2202 1276 2256 copiis
1300 2202 1460 2255 fugisse.

755 2284 803 2308 An
827 2284 1044 2311 AMANTWM.

276 2336 332 2386 (a.
356 2334 429 2387 47)
453 2334 564 2376 Plat.
595 2334 714 2375 Caes.
741 2334 819 2376 50:
869 2337 955 2391 Τῆς
984 2336 1133 2394 μάχης
1165 2333 1328 2391 ταύτης
1350 2334 1433 2390 τήν
1455 2329 1641 2386 ὀξύτητα

159 2402 232 2444 καὶ
264 2403 314 2444 τὸ
346 2398 478 2461 τοῖχος
511 2400 795 2460 ἀναγγέλλων
826 2406 888 2451 εἷς
908 2401 1084 2460 Ῥώμην
1116 2400 1225 2459 πρός
1255 2419 1355 2447 τινα
1388 2402 1477 2444 τῶν
1499 2399 1641 2456 φίλων

157 2465 406 2527 Ἀμάντιον
429 2475 599 2527 ἔγραψε
619 2480 735 2526 τρεῖς
758 2472 891 2520 λέξεις
904 2468 1102 2523 Ἦλθον,
1125 2471 1262 2523 εἶδον,
1286 2470 1481 2524 ἐνίκησα.

652 2554 701 2580 An
724 2555 758 2579 c.
784 2554 957 2580 mcmvn
981 2554 1147 2580 CALVVM.

271 2605 440 2646 Sueten.
465 2605 583 2646 Caes.
599 2606 677 2648 73:
713 2605 760 2648 C.
784 2605 908 2648 Caluo
932 2615 1020 2661 post
1041 2608 1188 2646 famosa
1211 2605 1491 2659 epigrammata
1514 2602 1559 2643 de
1582 2616 1644 2642 re-

159 2673 434 2714 conciliatione
457 2687 526 2726 pet·
547 2674 694 2715 amicos
717 2676 849 2728 agenti
872 2676 974 2715 ultro
997 2689 1040 2714 ac
1064 2674 1170 2727 prior
1191 2672 1362 2725 scripsit.

301 2744 317 2774 5
339 2741 528 2784 profectus]
549 2743 744 2774 Domitius.
886 2744 924 2775 31
946 2741 1007 2782 τῆς
1023 2739 1135 2782 μάχης
1152 2740 1293 2782 ταύτης]
1313 2740 1410 2782 apud
1422 2740 1548 2772 Zelam
1564 2748 1643 2770 cum

155 2794 339 2826 Pharaone
367 2797 585 2826 commissae.
614 2795 741 2827 Eodem
768 2795 871 2827 modo
888 2794 1045 2835 Appian.
1068 2794 1097 2824 b.
1119 2795 1186 2824 cin.
1210 2794 1261 2833 ΙΙ,
1286 2794 1322 2825 91
1342 2808 1348 2823 :
1371 2790 1427 2826 Ἐς
1452 2787 1489 2823 δὲ
1504 2788 1642 2833 Ῥώμην

154 2848 234 2888 περὶ
259 2842 366 2886 τῆσδε
392 2844 450 2885 τῆς
474 2842 587 2887 μάχης
609 2843 809 2877 ἐπέστελλεν
834 2843 919 2887 Ἐγὼ
939 2840 975 2875 δὲ
995 2837 1128 2884 ἦλθον,
1151 2840 1424 2885 εἶὸ“οι’,ἐιί’κησα.
1454 2843 1644 2874 Suetonius

156 2897 251 2927 nihil
265 2896 306 2928 de
326 2897 482 2937 litteris,
503 2897 565 2928 sed
590 2899 623 2928 ίη
645 2897 824 2938 triumpho
847 2897 996 2928 Pontico
1018 2898 1126 2928 trium
1147 2897 1335 2928 uerborum
1355 2896 1526 2929 tz'tnlum:
1547 2894 1639 2935 ueni,

158 2950 244 2989 uidi,
265 2950 332 2981 uici
356 2950 540 2981 Caesarem
557 2950 774 2991 praetulisse
792 2960 820 2980 e.
843 2949 881 2981 37
903 2949 1026 2990 refert.

1679 917 1719 949 10

1679 1255 1719 1288 15

1677 1593 1720 1625 20

1677 1933 1719 1967 25

1673 2268 1715 2301 30

1676 2607 1717 2641 35
