1835 3240
879 168 1104 210 77——

165 284 428 328 existimabat'
452 283 497 323 ad
520 283 683 324 alterum
721 289 872 323 tantum
902 281 1146 335 participium
1183 284 1511 336 ‘contractisque'
1542 286 1644 326 refe-

163 368 294 395 ramus
317 360 432 405 atque
454 352 509 392 sic
531 351 624 391 haee
646 351 768 391 uerba
792 363 1048 390 enarremus:
1085 354 1095 373 ⁴
1112 349 1277 389 nauibus
1300 351 1458 390 circiter
1478 348 1645 391 LXXX

164 420 354 461 onerariis
378 419 525 459 coactis
548 425 587 458 et
609 425 663 458 tot
686 418 852 458 nauibus
876 417 1106 465 contractis,
1133 424 1226 470 quot
1248 417 1344 457 satis
1368 431 1455 457 esse
1482 418 1528 456 ad
1552 419 1645 458 duas

164 488 484 541 transportandas
508 487 683 540 legiones
707 485 988 525 existimabat'.
1051 483 1137 524 Hoc
1170 485 1283 524 modo
1315 492 1355 525 et
1386 485 1578 524 onerariis
1611 492 1650 525 et,

164 555 292 608 longis
317 555 481 594 nauibus
505 554 706 595 exercitus
729 554 933 593 traductus
956 552 1120 601 dicitur,
1158 560 1200 592 ut
1220 560 1328 592 recte
1353 567 1386 592 c.
1412 551 1489 600 29,
1516 552 1541 591 2
1564 553 1648 592 lon-

164 638 235 676 gae
260 638 380 663 naues
402 621 696 662 commemorari
720 621 937 674 potuerint,
962 620 1101 672 quibus
1124 620 1161 659 id
1178 621 1318 659 sactum
1340 626 1460 660 esset.
1495 618 1647 659 Deinde.

162 691 237 729 iam
261 698 368 730 reete
391 691 464 730 duo
488 689 605 729 uerba
629 689 767 728 similis
789 688 1087 742 significationis
1110 694 1322 741 ponuntur,
1349 688 1541 741 utpotede
1556 689 1649 728 dua-

163 758 234 797 bus
267 758 410 807 rebus,
445 757 768 810 quemadmodum
802 757 887 795 hor.
923 770 1064 795 comm.
1099 754 1160 805 ΙΙ,
1194 754 1276 804 25,
1315 756 1334 795 ’1
1369 756 1554 809 scriptum
1590 763 1650 796 est

167 825 478 865 ‘centurionibus
501 824 641 864 occisis
665 824 933 877 signiferoque
966 823 1216 863 interl'ecto'.
1264 820 1416 874 ‘Quot'
1447 830 1575 863 autem
1608 823 1648 863 in

163 895 234 933 hac
256 893 409 932 ratione
432 892 699 932 necessarium
724 905 812 931 esse
835 898 1011 944 apparet.
1075 888 1258 931 Orosium
1291 897 1330 930 et
1351 892 1483 931 eadem
1508 892 1568 931 hic
1592 898 1649 931 at-

164 975 238 1012 que
269 974 340 999 nos
372 960 518 1013 legisse
546 973 674 1012 neque
704 959 821 998 aliter
852 959 972 1008 haec,
1007 972 1121 1011 quam
1153 958 1271 1011 uulgo
1304 959 1367 1008 fit,
1399 959 1649 999 intellexisse

164 1028 281 1068 uerba
307 1029 390 1068 eius
423 1026 536 1078 (VI,
570 1026 625 1078 9)
657 1027 890 1066 ostendunt:
931 1026 1110 1066 ‘nauibus
1135 1026 1295 1065 circiter
1316 1027 1510 1066 onerariis
1533 1034 1649 1080 atque

164 1095 349 1136 actuariis
382 1094 582 1147 octoginta
616 1094 862 1148 praeparatis
894 1094 933 1132 in
961 1093 1203 1133 Britanniam
1227 1094 1535 1144 transuehitur',
1573 1094 1649 1134 nisi

164 1164 263 1215 quod
286 1163 498 1210 actuarias,
526 1169 565 1201 ut
586 1162 660 1201 alia
684 1162 770 1201 aliis
793 1161 907 1210 locis,
932 1161 1014 1214 ipse
1037 1162 1192 1201 adiecit.

279 1229 327 1270 C.
354 1229 431 1279 38,
457 1230 482 1269 ’2
505 1244 556 1270 ex
579 1229 776 1269 codicibus
800 1229 1061 1284 interpolatae
1086 1229 1257 1269 familiae
1280 1229 1405 1269 adhuc
1427 1229 1481 1269 ita
1505 1229 1649 1269 editum

165 1305 248 1337 estt
274 1296 368 1350 ‘Qui
390 1312 477 1337 cum
500 1305 659 1351 propter
680 1297 879 1337 siccitates
903 1297 1105 1350 paludum,
1132 1312 1204 1349 quo
1228 1312 1270 1337 se
1292 1297 1539 1351 reciperent,
1573 1312 1650 1337 non

167 1365 382 1414 haberent,
415 1379 489 1417 quo
521 1365 699 1417 perfugio
731 1365 936 1417 superiore
959 1379 1061 1404 anno
1086 1372 1199 1405 erant
1221 1365 1306 1411 usi,
1339 1379 1474 1405 omnes
1505 1367 1589 1406 fere
1610 1366 1650 1405 in

168 1440 398 1485 potestatem
423 1431 591 1472 Labieni
614 1432 911 1484 peruenerunt'.
957 1430 1035 1471 Sed
1064 1433 1104 1471 in
1133 1433 1257 1471 tribus
1281 1433 1435 1485 optimis
1459 1433 1570 1472 codd.
1596 1434 1651 1473 le-

168 1501 274 1552 gitur
299 1506 390 1552 ‘quo
413 1500 618 1553 superiore
641 1513 742 1538 anno
765 1500 996 1552 perfuerant
1017 1500 1074 1539 usi
1089 1501 1113 1548 ’,
1151 1500 1261 1539 cuius
1285 1501 1505 1553 scripturae
1527 1500 1567 1540 in
1589 1514 1652 1541 re-

168 1568 280 1619 liquis
304 1567 497 1607 correctio
523 1573 709 1619 temptata
740 1573 824 1616 est,
857 1568 965 1606 uelut
997 1567 1035 1605 in
1057 1566 1171 1621 Egm.
1196 1575 1235 1606 et
1257 1566 1374 1607 Vrat.
1409 1582 1468 1621 pr.
1504 1569 1651 1609 omisso

169 1635 282 1687 Ἴων’,
307 1635 346 1674 in
368 1635 456 1674 aliis
482 1634 663 1686 ‘semper'
686 1634 776 1673 inde
799 1634 955 1673 effecto.
988 1634 1138 1674 Verum
1161 1634 1649 1687 uiditWeissenbornius‚

166 1702 228 1754 qui
252 1702 291 1741 in
314 1700 475 1755 Bergkii
499 1709 537 1742 et
559 1698 746 1741 Caesaris
770 1702 921 1754 ephem.
948 1715 984 1740 a.
1018 1701 1119 1742 1845
1144 1717 1178 1756 p.
1208 1701 1259 1742 53
1282 1703 1533 1743 scribendum
1553 1705 1654 1744 dixit

169 1774 260 1822 ‘quo
284 1771 486 1823 superiore
509 1784 611 1809 anno
635 1769 812 1822 perfugio
836 1770 991 1809 fuerant.
1020 1769 1108 1809 usi'.
1171 1769 1361 1823 Apertum
1396 1778 1456 1811 est
1487 1773 1589 1811 enim
1612 1772 1653 1812 in

166 1838 321 1891 optimis
345 1838 457 1877 codd.
489 1838 535 1878 ab
569 1838 702 1878 eadem
734 1837 885 1893 syllaba
910 1838 955 1877 ad
979 1837 1141 1877 alteram
1173 1838 1422 1888 aberratum,
1456 1838 1496 1878 in
1528 1839 1654 1880 inter-

165 1905 305 1958 polatis
328 1912 456 1945 autem
481 1913 519 1945 et
540 1906 748 1946 uerborum
772 1906 1067 1946 collocationem
1101 1912 1140 1945 et
1171 1906 1336 1946 formam
1359 1907 1653 1960 plusquamper-

168 1973 257 2012 secti
282 1973 326 2012 ad
350 1973 665 2025 peruagatiorem
687 1974 880 2013 rationem
904 1980 1051 2013 mutata
1075 1987 1179 2013 esse.
1232 1972 1339 2013 Nam
1362 1975 1461 2029 quod
1487 1972 1653 2016 Schnei—

167 2040 281 2080 derus
305 2041 490 2093 scriptum
515 2041 634 2081 fuisse
649 2048 758 2095 putat
783 2049 872 2095 ‘quo
886 2042 1090 2095 superiore
1112 2054 1215 2081 anno
1230 2043 1408 2095 perfugio
1424 2049 1538 2082 erant
1560 2043 1649 2092 usi’,

168 2107 216 2147 ita
242 2122 361 2147 causa
383 2108 589 2148 aberrandi
613 2124 690 2148 non
714 2116 815 2149 erat.
877 2108 1270 2163 Plusquanlperfecta
1300 2117 1429 2149 autem
1460 2110 1543 2150 eius
1572 2112 1653 2150 for-

168 2190 268 2225 mae,
295 2175 405 2216 cuius
428 2183 489 2216 est
511 2177 673 2215 ‘fueram
697 2179 819 2227 usus',
846 2192 923 2216 non
946 2179 1071 2217 solum
1095 2178 1142 2217 ad
1165 2177 1329 2217 alterum
1355 2178 1653 2232 plusquamper-

169 2244 324 2290 fectum,
350 2244 417 2283 sed
431 2257 553 2297 aeque
565 2251 672 2284 recte
687 2245 733 2284 ad
756 2244 1041 2296 imperfectum,
1069 2246 1300 2299 perfectum,
1329 2259 1514 2298 praesens
1531 2246 1652 2287 histo-

166 2310 289 2350 ricum
313 2312 564 2351 reseruntur:
598 2304 633 2351 id
657 2312 759 2352 enim
784 2310 1068 2352 Schneiderum
1092 2326 1263 2365 negare,
1298 2326 1349 2352 ex
1372 2314 1419 2353 iis
1442 2315 1650 2367 exemplis,

167 2392 265 2430 quae
288 2378 486 2432 ascripsit,
512 2379 678 2433 collig03
705 2394 792 2419 nam
816 2380 936 2433 ipsius
959 2381 1081 2419 uerba
1105 2394 1164 2419 me
1188 2394 1320 2433 parum
1345 2381 1575 2434 intellegere
1600 2382 1654 2421 fa-

167 2452 266 2485 teor.
313 2443 376 2485 Cf.
402 2447 525 2499 igitur
539 2444 625 2486 Cic.
652 2462 719 2501 pro
733 2446 842 2487 Sulla
864 2447 933 2496 22,
959 2446 1012 2487 63
1039 2454 1219 2501 ‘poenam
1243 2448 1412 2488 ambitus
1434 2449 1651 2499 auferebat,

168 2527 266 2564 quae
289 2514 417 2553 fuerat
439 2529 564 2567 nuper
585 2516 852 2568 superioribus
876 2516 1028 2569 legibus
1052 2516 1296 2565 constituta’,
1321 2517 1366 2555 ad
1391 2515 1475 2555 Att.
1502 2515 1556 2566 ΙΙ,
1581 2516 1651 2566 24,

168 2578 192 2617 3
217 2581 379 2620 <addidit
406 2582 453 2620 ad
486 2589 732 2630 extremum,
765 2598 850 2623 cum
882 2584 958 2624 iam
990 2583 1147 2623 dimissa
1180 2583 1366 2623 contione
1398 2591 1609 2624 reuocatus
1632 2597 1655 2623 a

173 2645 330 2687 Vatinio
354 2649 522 2696 l'uisset'‚
547 2650 594 2689 ad
610 2647 660 2701 Q.
688 2652 776 2690 frat.
803 2649 857 2700 ΙΙ,
883 2651 924 2701 8,
949 2652 975 2691 2
1001 2652 1117 2703 ‘quod
1140 2650 1274 2691 Idibus
1298 2658 1337 2692 et
1359 2652 1548 2704 postridie
1572 2652 1654 2691 sue-

170 2720 232 2751 rat
254 2714 395 2754 dictum
419 2717 464 2756 de
486 2731 581 2769 agro
606 2715 808 2771 Campano
831 2726 958 2759 actum
981 2720 1045 2768 iri,
1072 2733 1150 2758 non
1174 2726 1234 2758 est
1256 2719 1413 2767 actum'3
1440 2717 1538 2758 Sall.
1563 2716 1650 2771 lug.

173 2779 225 2817 52
257 2782 446 2822 ‘aduerso
469 2785 583 2835 colle,
609 2786 722 2826 sicuti
747 2794 997 2840 praeceptum
1022 2788 1165 2836 fuerat,
1191 2786 1400 2835 euadunt'‚
1435 2786 1487 2826 59
1513 2786 1591 2837 ‘qui
1615 2786 1653 2824 in

173 2848 352 2899 proximo
383 2849 498 2891 locati
537 2853 714 2902 fuerant,
758 2853 958 2907 paulisper
988 2853 1115 2893 territi
1149 2853 1467 2907 perturbantur',
1512 2853 1564 2893 93
1597 2853 1650 2891 in.
