1835 3240
702 171 1128 211 ——--ll7-——

165 287 276 326 uallis
309 284 560 333 obsiderent,
604 284 842 324 considendo
884 283 978 323 nibil
1010 284 1208 337 peculiare
1239 286 1448 328 faciebant.
1503 289 1649 342 Quam-

164 353 296 392 obrem
331 364 409 390 nou
440 350 596 390 Hirtius
626 351 900 404 neglegentiae
933 352 1178 393 accusandus
1210 360 1293 402 cst,
1337 355 1448 406 quasi
1483 357 1646 409 aliquam

161 433 243 459 rem
266 419 366 472 apud
384 416 598 459 Caesarem
621 419 858 459 declaratam
882 419 1065 468 dixisset,
1092 433 1191 472 quae
1212 421 1311 473 apud
1334 434 1419 460 eum
1443 436 1522 462 nou
1544 424 1649 477 lege-

162 493 285 535 retur,
310 486 379 525 sed
401 492 482 526 tota
506 500 568 526 res
592 487 865 527 commenticia
887 487 1169 527 existimanda.
1223 485 1381 541 Corrigi
1403 496 1532 529 autem
1555 491 1650 531 haec

161 553 281 593 uerba
304 568 382 593 non
405 561 593 607 possunt,
618 568 704 594 cum
729 553 883 595 Caesar
905 568 953 594 ne
975 555 1021 594 de
1045 555 1215 595 fascibus
1238 556 1392 608 quidem
1416 555 1533 595 ullam
1557 555 1652 597 Gal-

160 622 283 661 lorum
308 622 632 661 consuetudinem
654 623 850 662 retulerit.
885 622 1011 662 Recte
1028 621 1233 671 VVassius,
1259 623 1319 662 cui
1343 623 1475 675 plures
1497 625 1649 665 assensi

160 696 276 737 sunt,
312 690 406 730 haec
438 689 572 742 spuria
608 702 695 729 csse
729 690 932 730 iudicauit.
988 690 1120 742 Atque
1149 690 1189 729 in
1222 704 1266 730 ea
1289 691 1508 744 scriptura,
1535 707 1648 747 quam

158 770 275 810 supra
298 756 425 809 posui,
454 756 547 795 haec
571 756 693 795 uerba
712 757 845 810 inepte
868 757 969 797 adici
988 764 1173 810 apparet:
1199 771 1317 797 causa
1336 758 1529 800 adiciendi
1547 768 1649 810 erat,

159 838 244 863 cum
278 824 372 863 baec
403 824 457 863 ita
487 823 786 873 scribebantur,
823 831 864 863 ut
893 825 933 864 in
964 825 1209 878 interpolatis
1242 826 1353 866 codd.
1388 828 1530 867 sactum
1564 836 1648 868 est:

163 892 306 932 ‘fasces
321 922 331 941 ,
357 890 421 931 ubi
444 892 706 931 consederant
727 894 913 945 (namque
936 892 973 931 in
998 893 1082 932 acie
1105 894 1246 933 sedere
1269 892 1406 935 Gallos
1437 910 1652 936 consuesse

160 959 430 1011 superioribus
453 960 746 1000 commentariis
770 961 1009 1000 declaratum
1027 960 1136 1012 est)’.
1162 958 1298 1013 Itaque
1320 962 1376 1002 sic
1399 965 1648 1004 statuendum

161 1026 345 1068 existimo
363 1057 373 1075 ,
398 1027 438 1066 in
461 1027 593 1066 codice
615 1027 828 1081 archetypo
852 1027 984 1068 uerbis
1010 1032 1068 1067 ‘ut
1090 1031 1403 1069 consueuerant'
1439 1031 1650 1085 ascriptam

161 1108 249 1134 esse
281 1094 504 1147 scripturae
545 1094 851 1148 discrepantiam
895 1101 905 1120 ⁶
923 1096 985 1135 ubi
1028 1096 1309 1136 consederant'
1343 1098 1455 1150 eique
1499 1099 1650 1152 reliqua

160 1162 282 1202 uerba
314 1162 492 1212 adiecta,
528 1162 667 1215 quibus
705 1163 1044 1217 comprobaretur.
1088 1162 1240 1204 Deinde
1272 1165 1311 1204 iu
1344 1167 1511 1219 integris
1536 1167 1648 1206 codd.

161 1237 321 1270 seruata
342 1230 465 1284 prima
487 1230 682 1283 scriptura
704 1231 1007 1271 additamentum
1030 1237 1180 1271 tantum
1203 1233 1366 1273 ascitum
1391 1247 1481 1274 esse
1496 1265 1505 1283 ,
1532 1234 1570 1274 in
1592 1234 1653 1274 in-

164 1299 390 1352 terpolatis,
430 1312 516 1337 eum
538 1298 723 1338 librarius
746 1312 807 1347 ea,
834 1312 932 1351 quae
953 1299 1224 1353 suprascripta
1246 1309 1396 1346 essent,
1423 1301 1536 1354 sequi
1557 1316 1652 1342 con-

162 1372 342 1416 suesset,
379 1365 470 1406 ‘ubi
502 1365 788 1406 consederant'
811 1380 964 1422 quoque
987 1381 1056 1420 pro
1078 1367 1156 1410 illis
1183 1373 1241 1407 ‘ut
1262 1369 1563 1413 consueuerant'
1586 1383 1651 1410 re—

166 1441 332 1486 ceptum.

278 1499 327 1541 C.
365 1501 431 1551 16,
465 1502 492 1541 2
528 1503 684 1542 restitui
719 1503 818 1543 hanc
850 1504 1110 1558 scripturam:
1160 1504 1352 1558 ‘Equites
1382 1520 1470 1546 cum
1501 1506 1653 1546 intrare

162 1582 351 1607 summum
386 1569 516 1621 iugum
550 1576 589 1608 et
618 1570 808 1609 flammam
850 1571 1123 1613 densissimam
1157 1573 1358 1612 timerent⁷
1392 1581 1486 1613 cett.
1547 1572 1652 1613 Nam

162 1635 261 1687 quod
285 1635 413 1675 editur
438 1635 603 1674 ‘intrare
629 1636 770 1677 fumum
790 1644 829 1678 et
852 1639 1075 1687 ssammam',
1109 1639 1149 1678 in
1179 1641 1273 1681 solis
1296 1640 1429 1680 llaun.
1457 1655 1517 1695 pr.
1542 1639 1650 1680 And.

163 1700 298 1742 Oxou.
324 1703 509 1755 scriptum
533 1710 593 1742 est
608 1734 617 1752 ,
652 1716 739 1742 cum
760 1704 891 1757 iugum
914 1707 1056 1746 intrari
1079 1721 1157 1746 nou
1180 1721 1294 1760 posse
1314 1707 1528 1747 uideretur.
1575 1705 1653 1747 Sed

163 1768 314 1809 Hirtius
330 1801 340 1819 ,
372 1784 457 1810 cum
479 1770 649 1810 intrandi
673 1772 832 1811 uerbum
856 1781 1047 1826 poneret,
1078 1775 1124 1814 de
1147 1775 1297 1814 flamma
1322 1775 1567 1829 potissimum
1589 1789 1655 1814 co-

162 1837 317 1890 gitauit.
362 1835 514 1877 Similia
546 1845 637 1878 sunt
666 1838 762 1880 haec
785 1838 905 1881 Caes.
932 1841 969 1881 b.
997 1841 1101 1882 Gall.
1121 1840 1197 1892 III,
1224 1841 1275 1881 13
1298 1843 1353 1882 in.
1382 1843 1499 1882 ‘uada
1522 1857 1567 1882 ac
1590 1843 1655 1882 de-

163 1918 318 1945 cessum
351 1912 483 1945 aestus
515 1906 732 1959 excipere’,
769 1908 832 1948 ubi
862 1909 1055 1949 mirabilia
1085 1924 1108 1950 a
1139 1907 1384 1951 Schneidero
1427 1911 1652 1965 excogitata

163 1980 254 2012 sunt
275 1972 321 2012 de
343 1974 532 2014 uadorum
555 1975 690 2014 nescio
713 1989 788 2028 quo
812 1976 943 2016 hostili
975 1977 1146 2031 impetug
1176 1976 1246 2024 Vt,
1272 1977 1338 2024 37,
1362 1977 1387 2018 7
1411 1979 1558 2018 ‘deleto
1583 1992 1654 2018 ex-

162 2040 288 2081 ercitu
319 2048 434 2094 atque
461 2042 729 2095 imperatore⁷3
754 2043 791 2083 b.
818 2043 892 2083 ciu.
919 2042 994 2094 ΙΙΙ,
1022 2043 1089 2095 10,
1114 2043 1140 2084 9
1165 2045 1370 2100 ‘depositis
1400 2046 1519 2086 armis
1542 2046 1656 2087 auxi-

161 2108 328 2161 liisque'3
352 2108 447 2150 Liu.
471 2108 680 2160 XXXIV,
704 2111 728 2151 ⁶2
763 2113 875 2151 ‘foro
908 2119 948 2152 et
975 2112 1225 2154 contionibus
1257 2121 1297 2154 et
1329 2114 1497 2155 comitiis
1530 2114 1656 2153 immi-

160 2177 292 2226 sceri',
318 2177 393 2217 nisi
416 2178 517 2230 quod
539 2178 635 2218 haec
656 2179 844 2220 maiorem
867 2181 1164 2221 excusationem
1189 2182 1347 2230 habent,
1381 2196 1468 2222 cum
1493 2181 1655 2221 uerbum

161 2244 197 2284 ei
220 2245 427 2296 uocabulo,
463 2246 526 2286 cui
548 2248 883 2290 accommodatum
906 2255 990 2298 est,
1026 2249 1232 2289 adiciatur.
1285 2247 1363 2289 Sed
1395 2250 1430 2289 id
1463 2250 1554 2289 item
1588 2263 1656 2289 ne-

162 2312 333 2365 glectum
355 2321 414 2354 est
437 2328 459 2354 a
474 2311 673 2354 Cicerone
695 2314 735 2354 in
747 2314 866 2356 Verr.
896 2315 962 2363 17,
987 2315 1036 2356 51
1065 2321 1169 2356 ‘cum
1193 2318 1333 2371 populo
1351 2316 1534 2357 Romano
1556 2324 1596 2357 et
1616 2318 1655 2361 in

162 2379 274 2422 laude
305 2388 345 2421 et
373 2382 413 2421 in
445 2382 574 2434 gratia
594 2382 712 2432 esse',
739 2397 839 2435 quae
861 2384 996 2423 eadem
1019 2384 1206 2437 leguntur
1226 2383 1260 2433 Ι,
1284 2385 1324 2433 8,
1349 2384 1419 2434 21,
1445 2392 1485 2425 ct
1505 2384 1538 2433 I,
1565 2384 1606 2435 1,
1633 2385 1653 2424 ‘l

166 2447 256 2487 ‘iste
278 2455 385 2489 certe
407 2456 601 2489 statuerat
623 2457 663 2490 et
684 2450 975 2491 deliberauerat
996 2465 1075 2491 uon
1097 2452 1269 2503 adesse'3
1295 2460 1332 2492 et
1353 2466 1375 2492 a
1397 2452 1538 2496 Tacito
1560 2466 1652 2493 ann.

164 2511 217 2561 Il,
241 2512 296 2554 29
321 2520 472 2557 ‘manus
494 2530 541 2557 ac
563 2517 758 2571 supplices
789 2531 908 2558 uoces
940 2519 987 2558 ad
1010 2518 1215 2559 Tiberium
1239 2520 1434 2570 tendens',
1457 2518 1575 2567 XIII,
1600 2519 1656 2560 25

169 2581 370 2622 ‘ludicram
392 2598 546 2638 quoque
568 2585 769 2625 licentiam
792 2592 830 2625 et
852 2587 1028 2628 fautores
1052 2587 1285 2628 histrionum
1308 2588 1416 2629 uelut
1443 2588 1485 2630 in
1508 2587 1658 2642 proelia

169 2650 390 2690 conuertit'.

281 2712 330 2755 C.
354 2717 423 2767 24,
448 2718 473 2759 3
494 2720 535 2761 in
557 2721 669 2761 codd.
694 2721 750 2760 ita
773 2722 962 2775 scriptum
987 2730 1072 2763 est:
1110 2722 1262 2764 ‘Titum
1294 2722 1513 2764 Labienum
1544 2722 1591 2760 ad
1613 2734 1655 2761 se

171 2789 324 2831 euocat,
348 2783 540 2837 legionem
562 2796 692 2828 autem
715 2789 999 2840 duodecimam,
1023 2805 1122 2844 quae
1145 2805 1231 2831 cum
1254 2804 1301 2831 eo
1323 2792 1451 2830 fuerat
1472 2790 1511 2828 in
1529 2788 1656 2828 hiber-

177 2848 263 2895 nis,
305 2849 345 2889 in
376 2858 547 2905 togatam
580 2853 748 2898 Galliam
784 2857 904 2900 mittit
931 2858 979 2898 ad
1012 2858 1187 2900 colonias
1215 2858 1359 2899 ciuium
1390 2856 1658 2898 Romanorum
