1835 3240
115 168 202 213 466
642 166 716 214 DE
748 171 941 216 BELLO
973 168 1225 216 GALLICO

191 283 329 338 gicnes
341 274 418 335 VH,
442 288 535 335 vm,
559 290 653 327 VIIII
675 285 856 336 habebat,
880 299 1056 328 summae
1078 288 1160 341 spei
1181 288 1435 342 delectaeque
1457 286 1673 330 iuuentutis

187 355 254 400 XI,
278 365 377 406 quae
398 361 538 394 octauo
561 355 637 394 iam
659 354 852 406 stipendio
867 358 996 394 tamen
1017 354 1294 395 inoculatione
1314 356 1552 410 reliquarum
1575 371 1674 397 non-

141 418 167 460 3
189 419 279 461 dum
302 421 464 462 eandem
487 420 695 461 uetustatis
718 434 763 461 ac
783 421 942 463 uirtutis
965 428 1122 475 ceperat
1145 421 1384 475 opinionem.
1419 422 1556 478 Itaque
1578 439 1671 465 con-

187 487 278 528 cilio
299 489 489 529 aduocato
511 488 626 528 rebus
648 488 712 534 iis,
739 502 838 542 quae
860 490 907 529 ad
929 503 972 530 se
995 495 1130 530 essent
1151 489 1325 539 delatae,
1349 492 1528 532 omnibus
1551 506 1672 546 expo-

185 554 273 596 sitis
296 556 447 596 animos
469 551 730 615 multitudinis
761 558 982 597 confirmat.
1028 554 1073 597 Si
1105 558 1208 597 forte
1239 557 1373 599 hostes
1401 559 1517 599 trium
1546 559 1668 613 legio-

184 636 276 663 num
300 627 618 682 numero-posset
639 614 784 665 elicere
812 625 859 665 ad
892 625 1179 674 dimicandum,
1211 625 1379 678 agminis
1410 627 1586 667 ordinem
1616 628 1671 668 ita

185 690 415 739 constituit,
441 697 484 731 ut
506 686 610 745 legio
632 693 795 746 septima
812 724 822 743 ,
848 700 1012 743 octaua,
1036 706 1140 734 nona
1162 698 1253 733 ante
1274 693 1405 733 omnia
1427 693 1531 734 irent
1549 694 1670 748 impe-

183 758 371 807 dimenta,
396 759 535 799 deinde
557 760 728 800 omnium
750 760 1114 814 impedimentorum
1137 774 1293 814 agmen,
1317 761 1418 814 quod
1441 767 1570 801 tamen
1584 769 1670 802 erat

182 827 378 867 mediocre
394 857 405 875 ,
443 832 482 866 nt
503 823 545 884 in·
565 828 880 881 expeditionibus
903 843 992 869 esse
1015 828 1237 878 consueuit,
1262 835 1425 883 cogeret
1444 829 1665 878 undecima,

183 908 231 934 ne
262 894 424 934 maioris
457 895 719 936 multitudinis
751 897 904 950 species
937 896 1118 937 accidere
1149 896 1326 936 hostibus
1356 903 1513 950 posset,
1556 909 1670 947 quam

133 961 159 1001 4
179 961 253 1016 ipsi
277 955 614 1016 depoposcissent.
652 962 738 1004 Hac
762 964 912 1004 ratione
936 979 1060 1018 paene
1082 962 1272 1018 quadrato
1293 964 1448 1018 agmine
1469 963 1667 1005 instructo

179 1031 219 1071 in
242 1035 493 1085 conspectum
517 1031 686 1072 hostium
710 1032 878 1072 celerius
902 1033 1085 1086 opinione
1108 1046 1243 1072 eorum
1258 1032 1478 1073 exercitum
1494 1032 1662 1072 adducit.

131 1099 160 1143 9
182 1095 283 1139 Cum
299 1106 462 1153 repente
482 1099 698 1140 instructas
711 1101 820 1139 uelut
840 1100 878 1139 in
894 1100 977 1140 acie
999 1107 1108 1140 certo
1131 1101 1254 1153 gradu
1275 1099 1452 1153 legiones
1476 1100 1667 1139 accedere

179 1166 285 1208 Galli
306 1168 514 1225 uiderent,
548 1181 713 1220 quorum
737 1175 851 1208 erant
872 1169 919 1208 ad
942 1165 1157 1208 Caesarem
1181 1169 1294 1221 plena
1315 1167 1478 1207 fiduciae
1501 1167 1666 1207 consilia

180 1231 345 1291 perlat&
371 1234 458 1275 siue
481 1235 708 1274 certaminis
731 1235 906 1288 periculo
929 1238 1013 1275 siue
1036 1235 1165 1275 subito
1188 1236 1358 1275 aduentu
1380 1235 1464 1274 siue
1478 1241 1666 1287 expecta-

177 1303 283 1343 tione
307 1303 431 1342 nostri
455 1302 610 1342 consilii
634 1303 765 1356 copias
788 1305 990 1343 instruunt
1011 1317 1080 1356 pro
1103 1302 1246 1342 castris
1270 1316 1340 1342 nec
1363 1302 1449 1341 loco
1461 1301 1667 1355 superiore

129 1369 157 1410 2
179 1370 386 1411 decedunt.
432 1367 601 1420 Caesar,
627 1370 702 1410 etsi
726 1370 912 1410 dimicare
935 1377 1158 1424 optauerat,
1189 1377 1317 1410 tamen
1341 1369 1556 1409 admiratus
1578 1376 1667 1408 tan-

176 1445 254 1478 tam
277 1438 565 1478 multitudinem
598 1438 766 1478 hostium
797 1439 900 1479 ualle
931 1438 1158 1479 intermissa
1188 1438 1312 1492 magis
1344 1437 1385 1477 iu
1417 1437 1662 1477 altitudinem

127 1503 152 1546 3
176 1506 361 1560 depressa
384 1520 497 1559 quain
521 1506 600 1546 late
622 1514 780 1560 patente
803 1513 932 1546 castra
962 1507 1104 1546 castris
1128 1506 1295 1546 hostium
1320 1505 1489 1545 confert.
1551 1502 1664 1544 Haec

174 1575 340 1628 imperat
362 1573 466 1614 uallo
491 1575 625 1627 pedum
648 1582 713 1614 XII
736 1575 892 1624 inuniri,
920 1575 1120 1615 loriculam
1142 1576 1172 1628 †
1193 1589 1262 1629 pro
1293 1574 1364 1613 hac
1394 1572 1547 1613 ratione
1581 1571 1667 1612 eius

173 1641 393 1682 altitudinis
414 1642 680 1692 inaedificari3
714 1643 859 1683 fossam
892 1643 1081 1697 duplicem
1105 1643 1242 1696 pedum
1264 1643 1403 1682 denum
1427 1640 1583 1693 quinum
1606 1640 1664 1679 la-

173 1709 321 1750 teribus
345 1710 508 1764 deprimi
530 1710 717 1760 directis;
743 1711 864 1751 turris
888 1710 1057 1750 excitari
1080 1710 1240 1751 crebras
1262 1710 1301 1748 in
1324 1707 1568 1749 altitudinem
1590 1706 1661 1746 tri-

320 1846 328 1878 1
354 1857 412 1877 viu
427 1871 435 1883 ,
456 1857 529 1878 vnn
548 1847 600 1886 B,·
619 1852 732 1878 v111et
751 1857 784 1878 ix
802 1857 846 1887 u,
874 1847 937 1878 sed
953 1851 986 1878 et
1005 1857 1074 1878 om.
1095 1857 1112 1878 e
1132 1846 1234 1878 ‘mss.
1256 1848 1401 1877 tantum
1417 1853 1487 1875 non
1507 1842 1659 1882 omnes-'5

170 1908 230 1930 vin
248 1903 281 1930 et
299 1908 344 1930 nx
364 1898 394 1929 Ῑ)
415 1898 525 1939 (puto
544 1909 603 1930 vm
624 1904 657 1930 et
676 1898 765 1941 vui).
946 1899 1145 1940 electaeque
1167 1898 1184 1929 b
1198 1909 1225 1929 c.
1384 1897 1406 1930 2
1424 1896 1489 1927 iam
1509 1905 1577 1927 om.
1600 1896 1657 1927 be.

315 1950 483 1991 stipendio
502 1951 533 1982 B
554 1951 658 1981 ‘nisan
683 1950 881 1992 pleriqne',
911 1951 1080 1993 stipendio
1113 1950 1229 1982 functa
1259 1948 1379 1981 bede.
1536 1947 1569 1979 in
1589 1957 1657 1979 om.

172 2000 293 2032 belle.
468 2001 679 2042 (conlatione
700 2001 740 2041 B)
761 2001 989 2032 collocatione
1009 2011 1066 2032 ce.
1231 2000 1249 2032 3
1270 1999 1415 2032 coneilio
1435 1997 1660 2031 Vaseosanus

172 2055 207 2083 et
226 2052 363 2094 {forsan
385 2062 474 2082 unns
494 2055 530 2082 et
545 2052 640 2083 alter
657 2052 768 2092 qums,
788 2052 931 2083 consilio
952 2052 978 2084 B
997 2052 1139 2093 reliqui.
1367 2051 1386 2082 4
1405 2053 1594 2082 conuocato
1611 2049 1657 2081 D.

314 2104 331 2134 5
355 2102 466 2134 fortue
489 2103 527 2135 B.
724 2104 742 2136 7
762 2104 907 2147 septima
925 2109 960 2135 et
979 2109 1099 2135 octaua
1122 2109 1221 2146 atque
1240 2113 1328 2135 noua
1349 2103 1379 2134 b.
1569 2101 1660 2132 irent

169 2153 228 2194 (B)
243 2153 357 2185 Cbce
377 2154 474 2186 ‘alii’
494 2165 517 2185 u
535 2154 679 2196 (suerat
698 2154 791 2191 iret).
972 2154 992 2186 8
1012 2154 1098 2197 quod
1120 2154 1166 2185 ita
1184 2160 1294 2185 tamen
1314 2153 1361 2185 D.
1541 2151 1577 2184 11
1601 2162 1659 2193 po-

170 2206 363 2249 poscissent
385 2207 415 2237 b.
582 2206 658 2249 hac]
679 2217 717 2238 ac
739 2207 780 2238 B.
944 2207 1118 2248 quadrans)
1138 2206 1182 2237 l).
1362 2204 1402 2236 12
1421 2203 1454 2235 in
1473 2207 1658 2244 conspectu

171 2258 317 2290 omnium
336 2259 502 2290 seelerius
523 2259 667 2290 hostium
688 2259 846 2301 opinione
867 2268 982 2290 eorum
1003 2258 1191 2289 exercitum
1206 2256 1350 2288 adduxit
1368 2266 1407 2288 e.-
1427 2250 1658 2296 inconspeetu

168 2312 275 2341 ollam
300 2309 384 2341 ΓΠ.
554 2310 591 2342 13
611 2308 700 2351 curn]
721 2319 803 2352 quas
823 2319 896 2340 cum
916 2320 944 2349 c,
967 2318 1050 2351 quas
1069 2308 1219 2349 legiones
1240 2306 1331 2338 bde.
1501 2305 1656 2346 legiones

170 2371 238 2392 om.
261 2360 351 2391 bde.
543 2361 582 2393 14
602 2359 707 2402 Galli]
729 2370 802 2391 cum
821 2360 903 2391 add.
926 2361 943 2391 b
957 2359 1017 2391 de.
1210 2357 1368 2389 uiderent
1387 2366 1424 2397 e,
1445 2356 1605 2388 uiderunt
1622 2355 1654 2387 B

171 2412 267 2442 ‘msa
289 2414 326 2442 et
342 2410 420 2443 edd.
441 2410 539 2452 qdd.’
701 2410 827 2442 fiducia
848 2411 865 2441 b
879 2421 908 2442 e.
1082 2409 1122 2441 15
1141 2409 1214 2439 siue
1233 2407 1473 2451 expectatione
1492 2408 1573 2446 Ae,
1596 2416 1658 2437 seu

170 2463 412 2506 expectatione
431 2463 489 2504 (B)
502 2473 523 2494 u
542 2461 694 2504 (expect.
716 2462 773 2501 B).
945 2462 980 2494 19
1000 2461 1198 2502 depressam
1215 2460 1261 2491 D.
1419 2462 1591 2501 patentem
1609 2457 1654 2497 D,

168 2515 324 2558 patentia
342 2515 374 2546 b.
530 2514 572 2545 20
591 2513 714 2545 muniri
734 2524 762 2553 e,
784 2513 914 2544 munire
933 2513 963 2544 B
981 2513 1075 2543 ‘msa
1099 2510 1164 2543 12'.
1317 2509 1495 2542 loriculam
1514 2519 1572 2552 pro
1593 2508 1655 2540 hac

167 2567 300 2599 ratione
320 2565 392 2596 eius
413 2564 606 2596 altitudinis
626 2564 837 2596 iuaedificari
857 2564 887 2595 B
905 2567 952 2603 ef,
974 2573 1019 2594 eil?
1037 2562 1166 2603 quibus
1185 2560 1357 2593 nonnulli
1373 2561 1513 2592 loricam
1532 2559 1590 2592 uel
1606 2559 1659 2590 lu·

166 2619 272 2651 ricam
293 2618 436 2657 habent,
461 2613 602 2647 ‘celeri'
621 2620 679 2657 et,
700 2619 764 2658 qui
781 2621 813 2648 et
831 2618 1041 2657 praemittit
1058 2618 1092 2646 et
1109 2614 1171 2646 hac
1190 2625 1260 2647 om.
1280 2614 1335 2655 (id
1351 2614 1446 2656 quod
1464 2614 1504 2646 de
1522 2614 1554 2645 B
1571 2623 1656 2655 quo-

167 2681 232 2712 que
243 2669 346 2711 salso
363 2668 603 2700 Aclzainlrins
621 2667 785 2707 retulit),
814 2678 882 2697 see.
904 2677 948 2698 m.
970 2677 1011 2703 α,·
1041 2665 1177 2696 coronis
1203 2665 1417 2697 inaedificari
1435 2675 1494 2696 ae.
1521 2664 1559 2696 P.
1576 2663 1653 2696 113.

309 2720 348 2752 21
364 2719 486 2750 denum
505 2718 641 2760 quinum
655 2717 684 2749 B
704 2719 797 2749 ‘mssa
815 2717 1003 2760 plerique,
1024 2717 1153 2747 demum
1174 2720 1208 2746 et
1227 2716 1427 2758 quinulnD,·
1448 2716 1655 2758 quindenum

169 2772 205 2812 b,
228 2771 365 2813 quinum
385 2770 505 2801 denum
524 2779 559 2800 u.
579 2769 618 2800 P.
640 2769 716 2801 114.
864 2769 908 2800 22
926 2769 1066 2810 deprimi
1087 2768 1226 2800 directis
1246 2767 1317 2799 AB
1334 2768 1403 2800 CD
1425 2769 1520 2800 ‘ms-s.
1539 2768 1654 2809 pluri-

169 2822 250 2862 mi’‚
273 2821 414 2853 directis
434 2819 577 2862 deprimi
596 2818 643 2860 (e)
657 2829 678 2849 u
697 2818 844 2858 (dorcet.
866 2819 937 2850 AB
950 2820 1031 2858 Ge).
1255 2819 1360 2851 turris
1380 2819 1451 2850 AB
1467 2818 1507 2851 C.

168 2873 313 2905 excitari
333 2872 472 2904 crebras
491 2871 521 2903 B
538 2870 614 2902 edd.
633 2873 717 2902 ante
735 2869 831 2909 Ald.,
855 2870 993 2901 crebras
1014 2870 1159 2901 excitari
1181 2869 1294 2901 A-lldus
1313 2881 1347 2901 u.

1703 903 1743 937 10

1699 1241 1740 1274 15

1695 1577 1738 1611 20
