1835 3240
101 160 183 201 512
662 159 737 202 DE
770 160 959 202 BELLO
993 158 1166 204 ClVILI

181 286 224 313 se
239 270 391 313 Caesar
410 270 592 314 Massilia
611 279 676 313 XV
697 273 855 327 primos.
896 272 995 314 Cum
1018 274 1079 314 bis
1102 276 1199 329 agit,
1220 289 1268 316 ne
1289 276 1441 317 initium
1464 276 1660 318 inferendi

179 340 272 381 belli
300 340 347 380 ab
377 339 695 381 Massiliensibus
725 341 899 380 oriatur:
936 342 1078 383 debere
1109 357 1176 383 eos
1206 341 1344 385 Italiae
1377 346 1494 386 totius
1526 352 1659 386 aucto-

178 409 334 449 ritatem
366 408 473 461 sequi
497 408 624 461 potius
640 437 650 455 ‚
681 422 795 461 quam
818 409 932 449 unius
956 410 1122 450 hominis
1146 412 1339 452 uoluntati
1371 413 1654 467 obtemperare.

130 476 159 518 2
178 475 370 530 Reliqua,
406 489 502 527 quae
535 476 581 514 ad
605 489 739 516 eorum
763 479 959 517 sanandas
983 486 1133 518 mentes
1157 479 1356 532 pertinere
1378 480 1655 530 arbitrabatur,

131 543 158 585 3
180 549 472 585 commemorat.
526 539 650 582 Cuius
682 545 900 584 orationem
934 546 1051 600 legati
1084 547 1237 586 domum
1266 548 1445 587 referunt
1466 556 1582 602 atque
1604 563 1655 589 ex

180 611 416 652 auctoritate
450 610 544 650 baec
567 608 730 651 Caesari
762 613 1015 653 renuntiant:
1051 612 1289 667 Intellegere
1320 628 1362 654 se
1385 615 1548 656 diuisum
1571 630 1660 657 esse

181 679 359 733 populum
376 676 597 718 Romanum
618 679 767 720 induas
783 688 930 735 partes.
955 680 1098 734 Neque
1120 682 1178 722 sui
1202 682 1334 722 iudicii
1356 696 1483 736 neque
1501 698 1659 724 suarum

132 747 159 788 4
181 760 269 787 esse
292 746 434 785 uirium
458 746 690 798 decernere,
717 755 801 788 utra
826 763 915 802 pars
937 749 1141 790 iustiorem
1166 750 1308 790 habeat
1329 764 1501 790 causam.
1545 749 1660 791 Prin-

179 814 283 868 cipes
317 827 411 853 uero
445 828 532 854 esse
564 829 695 856 earum
729 817 895 870 partium
919 814 996 857 Cu.
1021 816 1249 871 Pompeium
1283 825 1323 858 et
1354 817 1404 858 C.
1430 816 1659 868 Caesarem,

179 889 366 935 patronos
401 881 595 933 ciuitati83
631 898 796 936 quorum
828 886 930 925 alter
961 900 1079 941 agros
1104 885 1315 927 Volcarum
1340 886 1662 926 Arecomicorum

180 955 219 989 et
240 947 470 989 Heluiorum
497 951 646 1003 publice
668 952 717 992 iis
741 954 1000 1003 concesserit,
1027 954 1129 993 alter
1152 954 1251 994 bello
1274 954 1399 994 uictos
1418 952 1574 1008 Sallyas
1596 954 1662 993 ad-

132 1015 156 1056 5
181 1017 365 1057 tribuerit
397 1018 681 1072 uectigaliaque
718 1022 890 1061 auxerit.
955 1019 1091 1073 Quare
1123 1023 1279 1075 paribus
1303 1037 1435 1063 eorum
1461 1022 1661 1062 benefieiis

178 1099 309 1139 parem
341 1099 383 1124 se
415 1100 567 1139 quoque
601 1088 840 1129 uoluntatem
876 1090 1048 1130 tribuere
1081 1091 1222 1130 debere
1254 1098 1292 1130 et
1325 1097 1502 1130 neutrum
1527 1104 1661 1130 eorum

103 1151 162 1197 36
184 1160 322 1193 contra
344 1153 509 1193 alterum
534 1156 672 1196 iuuare
695 1165 763 1196 aut
786 1158 880 1197 urbe
904 1165 970 1197 aut
992 1159 1164 1211 portibus
1186 1158 1380 1211 recipere.
1445 1158 1551 1197 Haec
1574 1158 1662 1197 dum

179 1220 284 1260 inter
305 1234 373 1261 eos
395 1231 590 1274 aguntur,
624 1222 822 1264 Domitius
847 1225 1009 1265 nauibus
1032 1224 1252 1265 Massiliam
1277 1226 1456 1278 peruenit
1478 1232 1593 1278 atque
1616 1224 1663 1263 ab

179 1288 228 1328 iis
251 1296 430 1341 receptus
455 1290 539 1329 urbi
565 1292 813 1343 praeficitur:
841 1306 990 1332 summa
1014 1294 1048 1332 ei
1071 1293 1159 1333 belli
1184 1293 1480 1333 administrandi
1505 1292 1663 1346 permit-

131 1354 158 1395 2
180 1357 287 1395 titur.
335 1355 432 1396 Eius
464 1357 627 1411 imperio
659 1359 826 1399 classem
850 1375 1004 1413 quoque
1038 1375 1177 1401 uersus
1202 1362 1425 1411 dimittunt,
1459 1359 1663 1400 onerarias

180 1437 327 1474 naues,
363 1438 458 1477 quas
482 1426 623 1478 ubique
647 1435 826 1480 possunt,
852 1429 1150 1481 deprehendunt
1171 1436 1286 1482 atque
1310 1429 1348 1468 in
1372 1436 1524 1482 portum
1547 1428 1664 1467 dedu-

181 1498 290 1540 cunt,
316 1506 450 1545 parum
475 1494 597 1534 clauis
621 1502 688 1534 aut
710 1496 873 1535 materia
895 1503 1009 1549 atque
1033 1498 1284 1537 armamentis
1307 1497 1509 1537 instructis
1532 1496 1580 1535 ad
1602 1509 1663 1535 re-

132 1557 157 1598 3
179 1559 305 1612 liquas
329 1562 535 1602 armandas
557 1563 866 1616 reficiendasque
899 1572 1082 1605 utuntur:
1123 1565 1309 1605 frumenti
1342 1566 1441 1618 quod
1464 1564 1666 1604 inuentum

179 1635 240 1668 est
261 1628 301 1667 in
323 1628 518 1682 publioum
543 1632 772 1682 conferunt3
806 1632 976 1684 reliquas
1014 1647 1166 1673 merces
1189 1640 1507 1685 commeatusque
1530 1632 1576 1671 ad
1596 1630 1663 1670 ob-

131 1694 157 1734 4
178 1696 369 1736 sidionem
394 1697 527 1747 urbis,
553 1699 585 1738 si
609 1699 785 1749 accidat,
824 1708 1047 1740 reseruant.
1112 1699 1266 1753 Quibus
1289 1700 1443 1740 iniuriis
1466 1706 1663 1753 permotus

179 1761 331 1804 Caesar
352 1764 530 1817 legiones
555 1772 637 1806 tres
661 1767 881 1807 Massiliam
906 1769 1084 1818 adducit3
1123 1776 1252 1809 turres
1284 1769 1498 1820 uineasque
1530 1767 1576 1806 ad
1599 1780 1665 1820 op-

178 1832 460 1884 pugnationem
485 1834 590 1874 urbis
615 1849 750 1887 agere,
777 1850 899 1875 naues
922 1836 1059 1890 longas
1083 1837 1245 1877 Arelate
1269 1850 1430 1876 numero
1448 1842 1512 1875 XII
1537 1836 1664 1874 facere

133 1899 158 1939 5
179 1898 366 1939 instituit.
411 1899 562 1952 Quibus
586 1903 736 1943 effectis
759 1905 999 1956 armatisque
1023 1905 1157 1944 diebus
1178 1912 1304 1953 XXX,
1338 1918 1360 1944 a
1389 1918 1463 1956 qua
1496 1903 1556 1942 die
1588 1916 1667 1942 ma-

180 1968 279 2007 teria
301 1981 418 2008 caesa
450 1976 536 2018 est,
568 1971 821 2024 adductisque
843 1971 1063 2012 Massiliam
1097 1973 1155 2012 his
1189 1971 1240 2012 D.
1267 1970 1430 2012 Brutum
1464 1970 1662 2025 praeficit,

180 2030 228 2074 C.
257 2034 501 2076 Trebonium
524 2038 694 2091 legatum
718 2040 764 2079 ad
788 2040 1114 2093 oppugnationem
1137 2040 1342 2081 Massiliae
1369 2039 1567 2092 relinquit.

324 2140 338 2174 1
358 2139 514 2173 Massilia
533 2142 678 2184 aliquot
693 2142 781 2175 dett.
795 2168 804 2183 ‚
828 2143 1015 2175 Massiliam
1034 2154 1054 2174 α
1069 2144 1109 2182 b,·
1127 2142 1394 2175 Massiliensium
1414 2151 1448 2172 ιι.
1590 2151 1664 2172 cum

179 2191 209 2223 is
226 2202 262 2224 a.
424 2193 598 2227 inferendi
616 2205 685 2227 om.
708 2195 740 2227 b.
922 2198 939 2228 5
958 2195 1146 2227 orationem
1167 2194 1271 2235 legati
1291 2193 1422 2225 domum
1444 2192 1538 2223 ‘ms-s.
1552 2192 1665 2234 pleri·

177 2243 271 2286 que',
291 2243 395 2286 legati
414 2247 604 2279 orationem
625 2247 757 2280 domum
775 2258 810 2280 α.
968 2247 986 2280 6
1005 2249 1181 2279 renuntiat
1198 2257 1232 2278 a.
1384 2254 1462 2277 esse
1482 2246 1549 2276 int.
1570 2254 1662 2277 vers.

180 2297 213 2330 1>-
362 2300 381 2333 7
399 2299 583 2333 Romanum
602 2310 672 2332 om.
692 2311 713 2333 a
734 2301 829 2333 ‘mssa
850 2299 891 2334 7'.
1058 2300 1142 2331 duas
1160 2303 1277 2342 partes
1295 2308 1327 2338 a,
1349 2302 1464 2341 partes
1483 2297 1566 2329 (luas
1585 2297 1662 2328 edd.

323 2350 344 2382 8
364 2351 551 2384 decernere
568 2352 596 2384 J.
616 2352 678 2384 Fr.
703 2351 916 2389 Gronouius‚
936 2351 1132 2383 discernere
1149 2349 1248 2382 codd.
1465 2348 1614 2380 habebat
1629 2359 1662 2380 α.

322 2402 340 2434 9
361 2402 496 2434 illarum
518 2403 549 2434 b.
694 2403 732 2435 10
753 2401 935 2442 Volgarum
955 2413 975 2434 a
995 2401 1105 2434 ‘mss.'
1251 2401 1282 2433 ll
1306 2400 1502 2432 Heluiorum
1518 2399 1666 2441 Lipsius

179 2453 380 2494 (Heluorum
399 2454 438 2485 P.
459 2453 684 2495 Manutius),-
713 2454 874 2486 lluiorum
895 2465 938 2495 (ι,
969 2454 1143 2486 Hiluorum
1164 2454 1181 2484 b
1195 2477 1204 2494 ‚
1234 2453 1382 2485 lluorum
1411 2453 1533 2484 *iidem
1551 2453 1662 2494 mss.’‚

181 2504 451 2548 quivolgarum,
475 2507 523 2537 ‘et
536 2506 684 2547 plures'.
828 2506 960 2548 publice
980 2507 1006 2537 is
1027 2515 1060 2537 a.
1203 2505 1314 2536 uictos
1333 2504 1469 2546 Sallyas
1492 2503 1667 2535 Glandor-

175 2559 282 2599 pius,·
302 2557 414 2589 uictas
434 2557 563 2589 Gallias
583 2558 683 2589 cndd.
699 2583 708 2598 ,
728 2558 791 2589 sed
808 2557 940 2590 Galliae
959 2569 1000 2599 a,
1022 2557 1134 2590 Gallie
1156 2558 1186 2589 b.
1206 2558 1245 2589 P.
1272 2558 1331 2590 136
1350 2560 1444 2588 εστίν.
1609 2556 1667 2588 ad-

181 2609 342 2640 tribuerit
359 2620 393 2640 a.
549 2609 589 2641 14
607 2614 667 2641 aut
685 2610 837 2652 portibus
860 2611 964 2641 ‘msm
987 2610 1090 2651 louge
1102 2610 1280 2652 plurimi,
1301 2620 1367 2640 non
1383 2619 1449 2651 per
1467 2606 1512 2650 u'3
1532 2619 1572 2640 an
1592 2619 1667 2652 por-

181 2661 270 2692 ticus
289 2671 329 2700 a,
353 2665 411 2691 aut
428 2664 527 2702 portu
547 2661 578 2690 b.
738 2661 777 2693 15
797 2662 836 2693 ab
857 2662 908 2693 his
928 2672 961 2692 α.
1128 2662 1166 2693 16
1187 2661 1276 2693 bella
1296 2661 1566 2692 administranda
1584 2664 1667 2692 ante

182 2724 273 2746 corr.
295 2724 329 2746 α.
473 2714 512 2746 17
531 2713 677 2746 classem
697 2715 836 2756 imperio
855 2725 889 2747 α.
1046 2726 1178 2757 quoque
1198 2725 1320 2747 uersus
1342 2716 1373 2756 h,
1394 2726 1526 2758 quoquo
1545 2725 1666 2748 uersus

181 2766 231 2807 (a)
251 2765 330 2797 edd.
349 2765 389 2797 P.
411 2765 466 2798 72.
612 2766 651 2799 ¹8
670 2766 727 2797 ubi
746 2771 888 2808 possunt
905 2776 939 2798 a.
1083 2767 1122 2800 19
1143 2768 1330 2800 instructas
1348 2777 1393 2799 m.
1410 2777 1466 2808 pr.
1489 2767 1520 2799 b.

183 2817 226 2850 22
244 2817 338 2849 urbis
357 2816 514 2848 accidant
532 2826 553 2848 a
570 2817 601 2848 b.
742 2816 939 2860 reseruant]
959 2817 1159 2850 reseruntur
1179 2818 1210 2850 b.
1352 2818 1394 2853 23
1407 2818 1513 2850 turris
1526 2827 1617 2850 corr.
1630 2827 1664 2849 a.

325 2868 367 2899 25
387 2867 506 2899 diebus
540 2865 622 2909 xxx]
641 2877 767 2899 xxxma
786 2867 839 2899 die
859 2868 889 2899 b.

1697 893 1736 925 10

1700 1231 1737 1263 15

1697 1568 1739 1603 20

1696 1908 1738 1942 25
