1835 3240
75 161 161 204 284
600 159 674 203 DE
706 159 896 203 BELLO
929 157 1181 201 GALLICO

153 288 264 315 suam
304 272 404 313 hanc
445 286 532 316 esse
563 273 750 323 Galliam,
794 273 895 313 sieut
934 272 1041 313 illam
1083 279 1273 312 nostram.
1329 269 1383 311 Vt
1423 271 1497 325 ipsi
1539 285 1630 311 con·

153 343 239 383 cedi
279 356 357 382 non
399 350 613 401 oporteret,
657 343 690 382 si
731 341 771 380 in
811 347 970 380 nostros
1002 341 1098 380 fines
1139 339 1324 392 impetum
1358 341 1529 389 faceret,
1575 339 1631 378 sic

150 410 244 450 item
286 424 358 450 nos
399 424 487 450 esse
527 411 681 462 iniquos
697 439 706 455 ,
750 408 850 461 quod
892 408 932 447 in
972 421 1042 448 suo
1073 408 1159 447 iure
1191 420 1234 446 se
1273 406 1630 461 interpellaremus.

104 476 131 518 9
153 474 268 530 Quod
301 479 442 517 fratres
474 476 658 516 Haeduos
698 475 913 528 appellatos
951 474 1120 524 diceret,
1171 489 1248 515 non
1290 487 1331 514 se
1372 481 1450 514 tam
1492 474 1631 514 barba-

152 559 237 585 rum
278 559 403 598 neque
444 551 521 584 tam
562 543 785 596 imperitum
827 555 914 583 esse
953 556 1086 583 rerum
1102 573 1113 593 ,
1157 550 1200 583 ut.
1230 555 1307 582 non
1342 541 1465 581 sciret
1503 553 1630 595 neque

152 612 254 653 bello
295 612 550 666 Allobrogum
583 611 765 664 proximo
805 609 993 650 Haeduos
1033 609 1223 650 Romanis
1261 609 1451 650 auxilium
1494 607 1632 647 tulisse

153 694 279 733 neque
300 680 405 733 ipsos
426 678 465 717 in
488 678 546 718 his
569 677 886 718 contentionibus
903 709 913 727 ,
938 691 1033 730 quas
1057 677 1211 718 Haedui
1233 691 1364 717 secum
1388 684 1427 716 et
1449 690 1535 716 cum
1558 671 1633 715 Se-

79 744 133 787 10
151 747 290 800 quanis
315 746 567 795 habuissent,
601 746 752 786 auxilio
783 745 912 799 populi
934 743 1106 786 Romani
1137 759 1228 786 usos
1252 759 1356 786 esse.
1408 742 1566 784 Debere
1589 755 1631 782 se

152 814 342 867 suspicari
374 814 556 854 simulata
587 811 803 854 Caesarem
837 812 1032 862 amicitia,
1067 813 1167 866 quod
1199 813 1417 854 exereitum
1441 811 1481 852 in
1504 808 1634 850 Gallia

82 879 129 920 11
154 880 319 929 habeat,
355 881 416 921 sui
448 881 691 934 opprimendi
718 894 837 920 causa
870 880 1029 920 habere.
1091 878 1170 932 Qui
1213 881 1289 920 nisi
1317 879 1480 921 decedat
1518 885 1636 933 atque

153 948 372 988 exercitum
405 948 571 989 deducat
600 963 653 989 ex
681 948 739 988 his
769 948 1023 1001 regionibus,
1060 961 1150 988 sese
1171 948 1278 987 illum
1300 961 1378 986 non
1401 961 1470 1000 pro
1493 945 1634 991 amieo,

81 1013 134 1055 12
155 1016 222 1055 sed
246 1016 358 1056 hoste
376 1015 613 1056 habiturum.
659 1014 774 1068 Quod
796 1015 829 1054 si
851 1029 937 1055 euin
960 1015 1230 1064 interfecerit,
1265 1014 1395 1054 multis
1418 1028 1506 1056 sese
1527 1013 1637 1054 nobi-

153 1083 255 1123 libus
277 1083 596 1137 principibusque
618 1084 746 1137 populi
759 1083 928 1124 Romani
951 1090 1104 1138 gratum
1129 1096 1217 1123 esse
1239 1083 1430 1122 facturum
1449 1099 1457 1122 :
1482 1082 1520 1121 id
1533 1095 1576 1121 se
1590 1079 1637 1120 ab

152 1151 248 1204 ipsis
270 1166 340 1204 per
363 1166 495 1192 eorum
519 1152 677 1192 nuntios
700 1159 941 1205 compertum
967 1151 1127 1200 habere,
1160 1164 1323 1203 quorum
1355 1150 1527 1189 omnium
1550 1161 1639 1201 gra-

82 1217 133 1258 13
157 1219 247 1259 tiam
272 1226 388 1272 atque
411 1219 621 1259 amicitiam
646 1220 729 1260 eius
753 1226 878 1259 morte
899 1219 1093 1259 redimere
1116 1225 1263 1272 posset.
1309 1214 1426 1268 Quod
1447 1217 1480 1257 si
1495 1217 1640 1256 disces-

154 1287 275 1327 sisset
297 1294 335 1327 et
356 1286 516 1326 liberam
539 1286 834 1340 possessionem
858 1284 1010 1326 Galliae
1043 1286 1116 1326 sibi
1146 1285 1395 1335 tradidisset,
1430 1298 1572 1338 magno
1595 1297 1639 1323 se

154 1354 263 1394 illum
304 1354 477 1408 praemio
515 1361 857 1394 remuneraturum
891 1360 930 1393 et
967 1366 1234 1406 quaecumque
1265 1352 1363 1391 bella
1395 1351 1482 1406 geri
1522 1350 1642 1390 uellet

79 1421 137 1465 45
160 1421 246 1462 sine
267 1421 346 1461 ullo
370 1422 454 1461 eius
477 1421 611 1462 labore
634 1429 673 1461 et
695 1421 868 1475 periculo
891 1422 1178 1460 confecturum.
1231 1418 1361 1459 Multa
1393 1419 1440 1458 ab
1463 1416 1639 1459 Caesare

154 1489 191 1529 in
216 1502 301 1529 eam
324 1488 561 1529 sententiam
584 1489 687 1529 dicta
709 1496 816 1538 sunt,
841 1502 964 1544 quare
987 1487 1147 1542 negotio
1170 1487 1363 1527 desistere
1386 1501 1466 1535 non
1487 1493 1638 1541 posset,

155 1564 196 1597 et
216 1571 343 1610 neque
365 1571 475 1597 suam
498 1571 624 1610 neque
646 1555 1296 1611 populiRomaniconsuetudinem
1312 1555 1406 1607 pati,
1431 1555 1485 1595 uti
1500 1554 1642 1608 optime

156 1631 354 1665 merentes
383 1626 512 1665 socios
536 1626 762 1671 desereret,
798 1637 924 1676 neque
946 1637 989 1664 se
1006 1624 1182 1664 iudicare
1204 1622 1373 1663 Galliam
1403 1623 1530 1676 potius
1553 1634 1641 1662 esse

109 1693 137 1735 2
157 1690 352 1732 Ariouisti
375 1707 487 1745 quam
502 1693 632 1747 populi
645 1692 831 1732 Romani.
847 1690 958 1731 Bello
969 1698 1173 1744 superatos
1187 1704 1276 1730 esse
1288 1690 1495 1730 Aruernos
1506 1688 1641 1729 etRu-

157 1766 271 1799 tenos
286 1759 332 1799 ab
349 1757 498 1811 Quinto
512 1759 636 1801 Fabio
648 1759 857 1809 Maxumo,
873 1750 1012 1812 q‘uibus
1026 1759 1188 1811 populus
1205 1757 1409 1798 Romanus
1422 1757 1645 1811 ignouisset

111 1826 137 1867 3
159 1827 337 1880 nequein
352 1828 595 1881 prouinciam
606 1827 829 1880 redegisset
842 1840 966 1879 neque
981 1826 1213 1879 stipendium
1227 1826 1482 1880 inposuisset.
1528 1822 1646 1876 Quod

157 1894 192 1934 si
213 1895 530 1948 antiquissimum
544 1895 721 1949 quodque
735 1900 885 1947 tempus
896 1894 1069 1947 spectari
1083 1901 1298 1947 oporteret,
1323 1893 1453 1947 populi
1473 1890 1643 1933 Romani

311 2035 326 2067 1
348 2034 438 2066 sicut
455 2045 523 2067 om.
546 2035 578 2066 b.
696 2034 715 2066 3
736 2032 837 2075 quod]
858 2032 913 2075 qui
932 2043 954 2064 u
973 2043 1048 2064 eum
1071 2032 1166 2064 ‘mss.
1188 2029 1425 2073 quibasdam’,
1446 2040 1533 2072 qnos
1551 2028 1647 2060 dete-

158 2087 405 2128 rioressuz'sse
423 2085 660 2117 Schneider-us
679 2085 813 2117 docuit.
977 2085 997 2116 4
1024 2083 1112 2125 quod
1131 2083 1257 2114 fratres
1277 2082 1435 2113 Haeduos
1455 2080 1644 2122 appellatos

161 2136 293 2167 diceret
309 2136 553 2178 .›IBCD(E):
585 2135 672 2178 quod
701 2146 720 2166 a
748 2146 783 2166 se
813 2134 971 2166 Haeduos
998 2134 1125 2165 amicos
1145 2133 1333 2175 appellatos
1354 2132 1484 2163 diceret
1500 2131 1647 2163 Schnei-

159 2188 265 2219 dei-ns
282 2191 340 2220 ait
355 2189 429 2230 legi
446 2191 481 2220 z'n
502 2200 522 2220 a
535 2189 755 2231 es‘uariato
777 2191 893 2219 tamen
913 2188 1068 2218 nominis
1093 2186 1219 2217 amicos
1241 2183 1341 2225 loeo‘,
1363 2184 1458 2226 quod
1476 2186 1511 2215 z'n
1530 2194 1546 2214 e
1563 2185 1647 2214 ante

161 2239 293 2271 diceret
309 2242 467 2281 positum
487 2244 563 2280 es†‚·
583 2250 601 2272 a
620 2250 656 2271 se
675 2243 712 2271 et
728 2239 853 2270 amicos
875 2238 963 2270 Oud.
985 2240 1127 2269 inuenit
1146 2239 1182 2268 in
1203 2237 1219 2268 b
1233 2248 1250 2267 c
1263 2236 1306 2277 d,
1333 2236 1396 2268 sed
1413 2238 1447 2267 in
1463 2235 1563 2267 nullo
1582 2244 1646 2266 suo

161 2290 281 2322 codiee
300 2292 365 2324 illo
384 2293 509 2324 ordine
526 2292 684 2324 Haeduos
703 2292 892 2334 appellatos
912 2291 1052 2323 amicos.
1080 2291 1119 2323 In
1137 2291 1238 2332 Cpro
1258 2299 1338 2321 var.
1353 2289 1433 2320 lect.
1450 2290 1647 2330 ascriptum

159 2367 215 2396 est
230 2364 259 2396 si
277 2365 417 2406 amicos,
445 2369 483 2397 et
500 2368 536 2397 in
554 2367 584 2398 B
601 2377 671 2398 sec.
691 2377 737 2398 m.
759 2368 796 2397 z'n
814 2376 931 2408 marg.
952 2353 1065 2420 {rs}a
1083 2365 1187 2397 inicos
1202 2366 1340 2406 posuit.
1362 2363 1511 2405 (Heduos
1531 2362 1577 2403 e).

162 2436 181 2469 6
199 2437 322 2469 bellum
342 2439 386 2470 A.
505 2438 524 2469 7
541 2439 624 2480 ipsis
643 2439 673 2470 B
686 2440 765 2471 CD.
886 2439 926 2471 10
946 2439 1147 2481 discedats.
1268 2437 1308 2470 12
1327 2437 1386 2468 sed
1404 2437 1501 2468 hoste
1521 2436 1645 2475 ΑΗΕ,

165 2486 224 2517 sed
242 2497 301 2529 pro
321 2488 419 2519 hoste
438 2498 473 2519 u.
487 2488 525 2519 P.
541 2489 595 2520 56.
678 2490 769 2530 ses:
791 2491 825 2520 ιή
846 2490 878 2521 ‚1
895 2500 970 2520 sese
986 2500 1031 2520 an
1052 2500 1127 2520 esse
1145 2490 1319 2528 scriptum
1339 2490 1440 2525 esset,
1460 2486 1649 2517 dubitabat

163 2537 413 2570 Pluesehlcms.
578 2539 619 2571 *15
639 2539 852 2570 decessisset
870 2539 887 2570 b
907 2540 1010 2581 eset
1027 2542 1063 2570 z'n
1082 2547 1196 2579 marg.
1206 2547 1275 2578 pro
1294 2547 1373 2568 nar.
1395 2537 1475 2568 leet.
1502 2537 1541 2576 C,
1562 2538 1646 2567 item

166 2592 202 2621 in
221 2601 337 2632 marg.
356 2591 386 2622 B
402 2601 471 2622 sec.
492 2601 539 2622 m.
561 2591 601 2622 de
614 2594 754 2633 posuit.
780 2591 819 2623 P.
840 2591 893 2621 57.
1058 2590 1099 2622 16
1119 2588 1265 2621 Galliam
1283 2589 1328 2619 D.
1488 2588 1527 2622 17
1547 2597 1651 2629 quae-

168 2651 310 2683 cumque
330 2640 481 2683 A(B)s.
624 2641 665 2673 18
684 2641 724 2672 ab
744 2641 948 2682 A(B)DE‚
969 2641 1080 2681 a(s).
1218 2640 1261 2671 20
1281 2644 1316 2671 et
1334 2651 1402 2671 om.
1424 2641 1481 2681 es.

166 2691 249 2734 pati]
270 2702 345 2724 esse
364 2693 433 2735 pati
451 2692 497 2723 D.
651 2691 692 2723 21
713 2695 887 2723 merentes
906 2691 1125 2730 ABGDE,
1147 2690 1287 2722 meritos
1308 2691 1324 2721 b
1339 2692 1394 2733 cf.
1424 2691 1465 2722 P.
1487 2690 1540 2723 57.

166 2744 210 2778 22
229 2742 378 2776 Rutoncs
392 2744 434 2776 ,4.
528 2742 571 2776 23
586 2741 710 2783 Quinto
724 2741 765 2781 B,
786 2740 826 2783 Q.
841 2752 877 2773 u.
972 2740 1127 2773 Maxumo
1147 2751 1223 2772 eum
1240 2744 1371 2783 puncto
1389 2742 1453 2772 sub
1472 2752 1492 2772 u
1512 2744 1546 2773 et
1562 2740 1572 2772 i
1591 2750 1650 2772 su-

163 2804 285 2836 prasc.
309 2795 348 2826 B.
533 2795 577 2826 ‘24
596 2793 805 2836 inposuisset
823 2792 969 2834 ABEs.
1142 2794 1185 2827 25
1204 2793 1359 2835 quodque
1381 2804 1447 2825 om.
1469 2803 1515 2825 m.
1532 2802 1590 2835 pr.
1613 2793 1644 2824 b.

313 2850 468 2887 spectare
489 2846 532 2885 A,
553 2844 745 2886 exspectari
764 2845 808 2876 D.
964 2844 1084 2887 populo
1102 2843 1149 2875 Ro
1170 2844 1201 2875 b.

1668 882 1708 915 10

1673 1222 1712 1253 15

1672 1559 1716 1592 20

1671 1898 1714 1929 25
