1835 3240
723 201 1121 241 ——50—

185 325 224 358 et
243 316 566 371 interpolatorum
596 314 785 354 codicum.
838 311 919 351 Eas
952 317 1107 363 praeter
1138 310 1367 351 collationes
1388 309 1660 352 Parisinorum

186 386 360 427 codicum
384 399 406 425 a
426 382 612 437 Beyerlio
634 381 834 421 institutas
856 377 1205 430 suppeditauerunt
1237 378 1352 418 editio
1375 376 1659 434 Oudendorpii,

185 454 380 494 editiones
416 458 504 491 octo
545 445 913 489 commentariorum
947 444 993 484 de
1033 443 1132 483 bello
1171 441 1324 483 Gallico
1362 444 1592 500 Elberlingii
1626 455 1665 487 et

185 519 366 568 Whittii‚
393 525 577 571 quattuor
598 514 771 568 priorum
794 512 840 551 de
862 511 964 552 bello
987 509 1140 550 Gallico
1164 508 1409 558 Schneideri‚
1431 512 1665 567 Elberlingii

187 587 485 628 obseruationes
508 583 668 622 criticae
690 580 737 620 ad
759 579 1062 619 commentarios
1086 579 1131 619 de
1153 579 1253 620 bello
1276 580 1406 629 ciuili,
1432 578 1666 621 Schneideri

186 661 396 710 apparatus
419 651 543 691 critici
575 650 621 688 ad
645 646 833 688 Caesaris
865 646 1166 686 commentarios
1196 647 1429 699 pertinentis
1453 648 1664 701 specimen,

187 723 384 776 specimen
415 731 541 758 nouae
570 715 751 756 editionis
790 713 1159 754 commentariorum
1192 711 1403 765 Caesaris,
1443 729 1546 755 noua
1575 715 1665 755 belli

187 786 462 842 Hispaniensis
483 783 680 831 recensio,
706 781 770 835 qui
793 788 873 821 tres
895 781 1015 821 libelli
1036 781 1531 823 academicinatislauiae
1552 782 1666 822 annis

191 854 312 904 1839,
342 853 462 901 1827,
492 850 599 891 1837
621 849 714 890 editi
735 856 842 889 sunt.
885 848 1106 889 Achaintrii
1130 849 1339 890 editionem
1362 864 1440 889 non
1462 850 1577 890 habui
1601 864 1668 890 ne-

189 936 262 976 que
278 953 288 970 ,
322 935 407 961 cum
438 919 529 958 mihi
552 916 723 957 Parisini
757 916 911 956 codices
935 916 1066 956 collati
1088 924 1242 967 essent,
1268 918 1503 958 desiderani.
1568 915 1668 957 Cum

189 997 318 1030 autem
341 1003 391 1028 ex
413 987 477 1036 iis,
503 999 602 1038 quae
625 984 847 1032 DaehniuS,
873 981 1128 1037 Kreyssigius
1144 1015 1153 1033 ,
1180 982 1446 1025 Schneiderns
1467 986 1557 1025 inde
1580 999 1668 1038 pro-

190 1058 383 1104 tulerunt,
418 1054 689 1107 intellegerem
711 1066 789 1091 non
812 1050 936 1091 solum
958 1051 1077 1091 multa
1100 1051 1198 1092 falso
1220 1052 1266 1092 ab
1288 1052 1524 1093 Achaintrio
1546 1053 1669 1093 relata

190 1138 300 1172 esse,
335 1123 403 1162 sed
435 1121 552 1161 etiam
587 1127 793 1171 utrumque
827 1118 999 1158 codicem
1023 1127 1280 1172 permutatum
1303 1126 1342 1160 et
1363 1120 1476 1173 primi
1497 1117 1671 1158 Parisini

191 1190 404 1243 scripturas
426 1188 475 1228 iis
498 1188 594 1227 locis
617 1192 966 1235 commemoratas,
998 1187 1062 1239 qui
1094 1187 1134 1226 in
1156 1200 1202 1227 eo
1224 1201 1273 1227 ne
1294 1187 1478 1241 leguntur
1499 1187 1668 1240 quidem,

190 1257 407 1298 referendis
430 1255 610 1295 omnibus
632 1255 691 1295 his
714 1253 894 1301 sordibus
917 1253 1056 1294 librum
1078 1268 1203 1294 meum
1225 1255 1434 1307 inquinare
1456 1254 1578 1304 nolui,
1604 1254 1673 1293 sed

191 1324 362 1366 Parisini
386 1323 547 1363 secundi
570 1322 786 1376 scripturas
808 1321 855 1361 ab
879 1336 925 1362 eo
948 1329 1130 1362 enotatas
1153 1322 1205 1362 ibi
1227 1329 1377 1362 tantum
1401 1322 1528 1375 posui,
1554 1321 1619 1360 ubi
1641 1321 1673 1360 is

193 1394 315 1433 codex
340 1391 431 1431 mihi
454 1391 618 1430 collatus
641 1404 719 1429 non
743 1396 842 1429 erat.
906 1386 1093 1429 Ceterum
1128 1397 1168 1429 et
1197 1390 1236 1428 in
1258 1388 1435 1443 cherlii
1459 1397 1498 1428 et
1518 1389 1558 1427 in
1580 1388 1676 1428 alio-

191 1474 277 1499 rum
300 1458 575 1498 collationibus
599 1457 670 1496 hoc
695 1457 827 1506 tenui,
862 1463 927 1506 ut,
961 1457 1024 1496 ubi
1049 1456 1137 1509 quid
1159 1456 1199 1496 in
1222 1457 1355 1496 codice
1377 1455 1564 1509 scriptum
1587 1468 1676 1496 esse

192 1526 348 1567 silentio
370 1525 611 1565 conserentis
634 1523 944 1577 significabatur,
970 1524 1114 1563 codicis
1135 1530 1265 1563 notam
1284 1523 1394 1563 uncis
1417 1523 1674 1572 includerem,

194 1596 225 1635 si
265 1595 354 1647 quid
393 1594 520 1632 minus
551 1599 660 1632 recte
698 1592 864 1631 relatum
897 1591 1122 1637 uidebatur,
1160 1590 1486 1642 interrogationis
1520 1590 1676 1643 signum

195 1662 458 1702 ascriberem:
492 1659 724 1700 collationes
754 1657 1018 1714 Bongarsiani
1050 1657 1164 1711 primi
1196 1663 1235 1697 et
1265 1656 1454 1697 Vossiani
1485 1658 1596 1710 primi
1629 1658 1676 1697 ab

197 1728 493 1781 Oudendorpio,
519 1725 693 1767 Grutero
709 1757 719 1775 ,
745 1724 874 1766 Gudio
892 1757 902 1775 ,
926 1724 1163 1766 Plueschkio
1185 1724 1410 1772 institutas,
1445 1724 1678 1777 ubicumque

197 1795 483 1849 discrepabant,
507 1794 716 1848 diligenter
737 1794 904 1834 secreui.
947 1792 1179 1833 Deteriores
1203 1791 1356 1831 codices
1373 1821 1383 1840 ,
1419 1798 1462 1831 ut
1482 1806 1609 1832 meum
1632 1793 1678 1833 de

196 1866 243 1905 iis
266 1864 450 1904 iudicium
480 1862 652 1911 ferebat,
685 1861 905 1915 generatim
936 1868 973 1900 et
1002 1860 1056 1900 ibi
1080 1866 1228 1900 tantum
1252 1860 1580 1909 commemoraui,
1614 1860 1679 1899 ubi

199 1932 262 1972 uel
284 1931 356 1971 soli
379 1929 606 1970 necessario
628 1930 816 1982 sequendi
839 1935 951 1969 erant
967 1928 1029 1968 uel
1049 1927 1311 1967 testimonium
1328 1927 1443 1965 unius
1462 1934 1501 1966 et
1516 1927 1678 1967 alterius

198 1999 437 2051 reliquorum
460 1998 634 2037 codicum
658 1996 955 2037 confirmabant.
982 1992 1244 2035 Coniectnras
1266 1993 1528 2034 recentiorum
1551 2009 1680 2047 gram-

200 2067 427 2106 maticorum
451 2072 605 2118 praeter
627 2079 693 2104 eas
709 2096 719 2114 ,
745 2078 840 2117 quas
862 2063 1018 2116 recepi,
1044 2077 1186 2116 paucas
1209 2062 1534 2110 commemoraui,
1560 2075 1676 2113 quae,

201 2134 276 2174 etsi
298 2147 376 2172 non
398 2140 543 2181 certae,
569 2132 665 2172 satis
690 2140 818 2173 tamen
840 2131 1060 2184 probabiles
1083 2131 1324 2171 uiderentur.
1362 2128 1495 2180 Atque
1516 2142 1679 2180 qnorum

201 2202 374 2240 locorum
397 2200 592 2252 scriptura
624 2206 690 2238 aut
720 2199 766 2239 ab
799 2197 1067 2252 superioribus
1098 2198 1248 2237 idoneis
1271 2196 1512 2250 argumentis
1535 2197 1681 2235 consti-

204 2275 284 2308 tuta
307 2274 413 2317 erat,
439 2273 506 2305 aut
528 2267 589 2305 ubi
613 2280 680 2315 ca,
706 2280 818 2319 qnam
842 2280 913 2305 nos
937 2265 1049 2319 primi
1072 2265 1337 2318 posuissemus
1353 2295 1363 2313 ,
1397 2263 1478 2316 ipsa
1510 2277 1553 2303 se
1585 2262 1681 2302 satis

204 2335 302 2376 tueri
328 2334 546 2383 uidebatur,
573 2334 620 2373 de
642 2335 688 2373 iis
712 2349 782 2374 cur
804 2334 924 2373 uerba
949 2334 1162 2373 faceremus
1179 2364 1188 2382 ,
1225 2346 1382 2372 causam
1404 2344 1482 2370 non
1506 2343 1593 2369 esse
1615 2343 1682 2383 pu-

204 2403 385 2451 tammus,
411 2402 457 2441 de
479 2401 637 2453 reliquis
660 2401 755 2441 locis
778 2401 852 2440 iam
877 2401 951 2450 his7
977 2414 1073 2452 quac
1096 2400 1311 2453 excipiunt,
1337 2397 1632 2451 disputabimus.

317 2535 379 2576 De
408 2535 446 2575 b.
472 2533 578 2575 Gall.
613 2535 733 2588 igitur
755 2533 794 2583 Ι,
829 2534 880 2582 2,
915 2534 942 2574 4
971 2541 1010 2573 et
1041 2534 1081 2572 in
1110 2531 1275 2585 integris
1307 2538 1346 2571 et
1376 2532 1415 2571 in
1437 2532 1685 2585 interpolatis

208 2603 318 2644 codd.
354 2610 393 2642 et
422 2602 540 2655 longe
561 2602 737 2656 plurimis
760 2602 998 2642 deteriorum
1019 2601 1074 2641 ita
1096 2601 1283 2653 scriptum
1306 2606 1390 2639 est:
1437 2604 1447 2623 ‘
1462 2598 1534 2639 His
1568 2599 1686 2639 rebus

209 2672 340 2721 fiebat,
365 2677 408 2710 ut
430 2677 469 2710 et
488 2670 616 2710 minus
639 2670 715 2710 late
737 2675 994 2723 uagarentur,
1018 2674 1058 2707 et
1078 2668 1206 2707 minus
1229 2666 1342 2706 facile
1356 2667 1530 2707 finitimis
1543 2666 1686 2707 bellum

208 2740 357 2779 inferre
379 2744 564 2792 possent:
600 2751 674 2789 qua
706 2751 757 2776 ex
790 2742 899 2789 parte
921 2734 1097 2774 homines
1119 2734 1287 2774 bellandi
1310 2734 1435 2788 cupidi
1456 2749 1598 2789 magno
1621 2734 1688 2773 do-

211 2806 293 2846 lore
315 2804 616 2846 afficiebantur'.
656 2801 771 2856 Quod
793 2816 879 2842 cum
902 2802 1046 2842 dictum
1068 2802 1269 2841 uideretur
1285 2801 1534 2852 insolentius,
1559 2801 1688 2854 aliqua

213 2887 264 2913 ex
286 2879 396 2928 parte
428 2872 604 2913 homines
628 2872 762 2912 dolore
785 2870 904 2918 affici,
927 2870 1096 2923 positum
1120 2877 1176 2910 cst
1205 2875 1295 2922 ‘qua
1319 2870 1364 2910 de
1387 2870 1543 2910 causa'.
1605 2866 1685 2908 Sed
