1835 3240
102 187 186 230 692
693 185 862 227 BELLI
893 183 1141 226 AFRICAE

178 311 252 355 que
274 298 484 352 coepisset,
509 305 614 339 tecta
636 298 762 339 latera
783 297 864 337 suis
887 297 1165 338 munitionibus
1189 298 1372 348 haberet,
1406 311 1455 339 ne
1476 298 1523 338 ab
1546 298 1654 352 equi-

130 367 157 407 4
180 373 283 407 tatus
304 365 550 406 multitudine
569 366 859 405 circumuentus
878 365 925 404 ab
943 366 1230 419 oppugnatione
1247 366 1527 416 deterreretur,
1543 379 1655 419 prae-

178 435 289 475 terea
304 464 315 484 ‚
340 448 414 487 quo
436 433 587 473 facilius
610 431 815 484 conloquia
836 432 920 472 fieri
944 440 1120 485 possent,
1145 440 1185 472 et
1206 432 1239 472 si
1261 433 1325 484 qui
1345 434 1550 486 perfugere
1573 433 1654 473 uel-

176 501 282 551 lent,
315 501 354 541 id
384 501 484 553 quod
514 506 630 539 antea
661 512 779 551 saepe
809 499 1012 539 accidebat
1032 514 1174 553 magno
1197 514 1283 539 cum
1306 513 1439 539 eorum
1461 500 1650 553 pericuIO,

130 569 154 610 5
177 575 256 609 tum
279 568 391 608 facile
415 574 452 606 et
472 566 558 606 sine
580 565 753 619 periculo
776 567 898 606 fieret.
935 565 1073 607 Voluit
1094 567 1208 607 etiam
1232 567 1428 620 experiri,
1453 580 1541 607 cuin
1562 582 1650 620 pro-

129 634 156 676 6
177 636 262 690 pius
284 636 432 675 hostem
456 634 709 683 accessisset,
738 633 951 674 haberetne
972 634 1012 674 in
1035 634 1164 674 animo
1187 634 1387 674 dimicare.
1431 632 1658 674 Accedebat

177 703 293 744 etiam
323 702 370 742 ad
398 701 570 754 reliquas
592 714 755 750 causas,
791 701 892 753 quod
913 702 947 741 is
969 702 1077 742 locus
1101 703 1308 755 depressus
1332 708 1439 751 erat,
1473 701 1655 754 puteique

176 771 231 810 ibi
255 768 468 824 [nonnulli]
502 769 586 808 fieri
618 768 825 823 conplures
855 775 1058 822 poterant:
1093 770 1304 822 aquatione
1337 769 1438 808 enim
1471 769 1588 822 longa
1621 775 1659 807 et

130 837 155 878 7
178 844 345 891 angusta
366 836 564 876 utebatur.
615 835 718 876 Dum
741 836 837 876 haec
859 850 993 890 opera,
1029 850 1128 889 quae
1151 844 1242 877 ante
1265 837 1362 885 dixi,
1396 836 1540 876 fiebant
1561 850 1581 876 a
1604 835 1658 875 le-

176 904 374 958 gionibus,
408 904 565 944 interim
596 918 687 957 pars
718 903 800 944 acie
831 911 922 944 ante
944 918 1040 958 opus
1063 904 1253 944 instructa
1277 904 1348 943 sub
1373 904 1483 943 hoste
1505 904 1657 954 stabat3

176 972 328 1025 equites
367 971 523 1011 barbari
564 971 739 1025 leuisque
777 979 999 1011 armaturae
1043 971 1201 1025 proeliis
1242 971 1403 1011 minutis
1445 971 1660 1011 comminus

100 1039 154 1084 52
176 1039 426 1079 dimicabant.
482 1036 635 1080 Caesar
655 1039 702 1079 ab
726 1053 772 1080 eo
795 1053 913 1093 opere
935 1053 1022 1079 cum
1044 1039 1120 1079 iam
1142 1039 1214 1079 sub
1236 1052 1444 1092 uesperum
1467 1038 1597 1091 copias
1619 1038 1660 1077 in

177 1114 308 1147 castra
330 1108 560 1157 reduceret,
594 1122 736 1161 magno
766 1108 928 1147 incursu
960 1121 1046 1147 cum
1078 1107 1181 1147 omni
1214 1107 1390 1160 equitatu
1419 1105 1575 1158 leuique
1596 1119 1659 1145 ar-

177 1181 331 1215 matura
353 1173 465 1225 Iuba,
503 1173 652 1229 Scipio,
686 1173 888 1215 Labienus
919 1175 960 1214 in
989 1174 1226 1228 legionarios
1255 1175 1438 1228 impetum
1467 1175 1656 1213 fecerunt.

130 1241 157 1281 2
177 1240 343 1295 Equites
367 1239 601 1282 Caesariani
629 1243 666 1282 ui
697 1243 909 1283 uniuersae
940 1241 1170 1293 subitaeque
1202 1242 1370 1281 hostium
1401 1239 1662 1280 multitudinis

176 1310 275 1363 pulsi
306 1323 513 1363 parumper
543 1316 765 1350 cesserunt.
830 1308 942 1362 Quae
973 1323 1036 1350 res
1074 1309 1188 1349 aliter
1227 1308 1465 1348 aduersariis
1504 1306 1658 1347 cecidit.

129 1376 153 1416 3
174 1375 359 1430 Namque
377 1374 530 1417 Caesar
552 1391 602 1417 ex
625 1377 752 1417 medio
774 1377 915 1417 itinere
939 1377 1061 1430 copiis
1080 1376 1250 1417 reductis
1273 1376 1468 1429 equitibus
1491 1375 1574 1415 suis
1596 1388 1664 1414 au-

177 1444 316 1484 xilium
350 1445 461 1494 tulit,
496 1445 648 1497 equites
679 1451 810 1485 autem
842 1445 1012 1485 aduentu
1041 1445 1237 1498 legionum
1267 1444 1397 1484 animo
1419 1443 1547 1483 addito
1570 1457 1663 1483 con-

176 1512 304 1552 uersis
328 1512 436 1566 equis
459 1513 500 1553 in
520 1511 717 1553 Numidas
740 1513 876 1567 cupide
898 1513 1151 1566 insequentes
1174 1512 1451 1566 dispersosque
1477 1511 1661 1565 impetum

179 1580 357 1620 fecerunt
378 1587 495 1634 atque
518 1594 585 1621 eos
608 1581 914 1621 conuulneratos
937 1594 1060 1633 usque
1081 1581 1120 1620 in
1145 1586 1277 1620 castra
1298 1580 1408 1632 regia
1438 1578 1662 1633 repulerunt

130 1647 155 1686 4
178 1648 398 1700 multosque
430 1661 480 1688 ex
513 1648 562 1688 iis
593 1649 895 1689 interfecerunt.
961 1645 1077 1699 Quod
1109 1647 1183 1687 nisi
1215 1647 1256 1687 in
1289 1654 1440 1687 noctem
1473 1646 1662 1700 proelium

180 1722 287 1756 esset
309 1715 545 1765 coniectum,
580 1715 785 1769 puluisque
807 1722 924 1756 uento
947 1715 1060 1756 flatus
1083 1716 1253 1755 omnium
1276 1722 1484 1768 prospectu
1507 1712 1661 1753 offecis-

181 1790 259 1832 set,
292 1781 388 1823 Iuba
420 1797 505 1822 cum
536 1781 716 1824 Labieno
750 1783 850 1837 capti
883 1784 922 1823 in
955 1789 1189 1837 potestatem
1222 1780 1409 1823 Caesaris
1440 1781 1660 1829 uenissent,

182 1851 454 1904 equitatusque
477 1864 563 1890 cum
585 1851 662 1891 leui
684 1858 881 1891 armatura
904 1850 1076 1891 funditus
1102 1850 1149 1890 ad
1180 1850 1489 1890 internecionem
1514 1848 1662 1888 deletus

134 1918 159 1958 5
182 1926 300 1959 esset.
350 1916 512 1957 Interim
539 1918 823 1959 incredibiliter
849 1932 902 1959 ex
922 1918 1143 1972 legionibus
1166 1926 1227 1959 1111
1250 1926 1290 1959 et
1308 1924 1353 1957 VI
1377 1915 1574 1969 Scipionis
1596 1915 1666 1954 mi-

182 1986 271 2027 lites
305 1985 497 2038 diffugere
528 1986 666 2039 partim
696 1986 737 2025 in
767 1994 896 2028 castra
919 1984 1124 2037 Caesaris,
1158 1986 1296 2040 partim
1319 1985 1360 2024 in
1382 1998 1478 2038 quas
1501 1982 1665 2036 quisque

133 2053 159 2095 6
181 2060 336 2108 poterat
356 2053 540 2108 regiones
564 2054 798 2106 peruenire,
832 2055 1003 2109 itemque
1026 2055 1176 2108 equites
1195 2051 1429 2094 Curioniani
1451 2051 1561 2091 diffisi
1580 2048 1667 2091 Sci-

181 2122 287 2176 pioni
310 2121 470 2174 eiusque
493 2121 616 2175 copiis
639 2122 858 2175 complures
881 2137 924 2164 se
946 2123 1081 2164 eodem
1104 2121 1376 2163 conferebant.

109 2190 165 2235 53
298 2187 401 2230 Dum
424 2189 520 2229 haec
543 2189 689 2230 circum
710 2189 888 2232 Vzittam
921 2191 969 2232 ab
1001 2190 1178 2243 utrisque
1205 2189 1365 2229 ducibus
1387 2186 1666 2227 administran-

184 2265 271 2308 tur,
305 2256 482 2311 legiones
514 2257 613 2299 duae
629 2288 639 2308 ,
672 2265 705 2298 X
728 2266 765 2299 et
786 2265 903 2311 VIIII,
938 2273 989 2301 ex
1012 2256 1144 2300 Sicilia
1176 2256 1340 2298 nauibus
1363 2253 1556 2295 onerariis
1579 2267 1667 2307 pro-

327 2406 346 2438 3
365 2406 542 2448 conloquia
561 2417 595 2438 α.
737 2408 756 2439 4
776 2407 949 2439 acciderat
967 2418 1046 2439 cum
1064 2407 1082 2439 3
1101 2407 1188 2439 dett.
1210 2417 1244 2438 u.
1385 2405 1403 2435 5
1422 2401 1536 2444 etiam]
1556 2406 1671 2433 autem

186 2456 217 2486 b·
367 2458 387 2490 8
407 2458 560 2489 nonnulli
579 2457 654 2489 fieri
673 2457 864 2500 complures
883 2468 904 2490 a
923 2458 1000 2490 cod.
1020 2457 1104 2490 Vrs.
1125 2468 1215 2489 unus
1234 2456 1329 2496 det.,·
1349 2454 1538 2496 complures
1557 2453 1632 2484 fieri
1651 2453 1670 2483 b

184 2509 205 2541 2
224 2507 312 2542 dett..
334 2518 367 2549 υ,
390 2520 465 2541 cnm
476 2511 619 2551 ficisset
636 2510 790 2542 nonnulli
809 2510 882 2542 fieri
902 2510 1031 2553 (conpl.
1052 2509 1101 2551 a).
1325 2507 1343 2539 9
1363 2506 1548 2537 utebantur
1566 2503 1668 2536 codd.

329 2565 407 2592 ante
428 2571 495 2592 om.
519 2561 550 2592 b.
692 2560 826 2601 legione
846 2571 880 2593 a.
1025 2561 1063 2593 10
1083 2561 1200 2591 hostes
1219 2569 1239 2590 a
1259 2559 1275 2589 b
1295 2569 1323 2589 c.
1465 2557 1506 2589 14
1520 2556 1671 2596 legiona-

191 2609 273 2652 rios]
295 2611 329 2644 P.
346 2611 426 2645 216.
570 2612 611 2644 16
630 2617 853 2644 accesserunt
871 2623 891 2644 a
912 2612 943 2643 b.
1085 2611 1126 2643 18
1145 2610 1268 2642 detulit
1284 2620 1304 2640 a
1326 2609 1343 2640 b
1362 2620 1391 2640 c.
1532 2607 1574 2641 20
1594 2616 1671 2648 rep-

189 2661 349 2704 pulerunt
367 2671 400 2693 α.
567 2662 606 2696 21
630 2672 671 2694 ex
691 2663 742 2694 his
762 2673 795 2694 α.
958 2662 1023 2693 nisi
1042 2672 1075 2702 α,
1097 2661 1130 2692 ni
1149 2661 1225 2693 edd.
1389 2660 1432 2693 22
1451 2658 1619 2690 coiectum
1637 2667 1671 2689 a.

332 2716 516 2755 prospectu
533 2711 707 2754 Scaliger,
727 2718 943 2756 prospectum
960 2722 982 2744 a
1000 2713 1017 2743 b
1036 2722 1065 2743 c,
1207 2711 1379 2742 effecisset
1396 2721 1428 2750 a,
1443 2709 1620 2741 infecisset
1639 2708 1671 2739 b.

332 2764 377 2795 24
395 2763 649 2795 internitionem
670 2764 701 2795 b.
847 2766 889 2799 25
909 2764 1042 2804 legione
1060 2774 1094 2795 a.
1240 2763 1282 2795 ‘27
1295 2762 1494 2795 Curioniani
1512 2761 1670 2803 Lipsius,

191 2814 330 2847 Curiani
343 2814 445 2847 codd.
563 2813 731 2856 Scipionis
745 2825 764 2846 α
778 2816 808 2847 b.
923 2814 965 2847 29
977 2813 1117 2856 circum]
1129 2815 1169 2845 ad
1184 2816 1213 2845 b.
1325 2813 1478 2847 Vziztani
1493 2824 1524 2853 a,
1538 2813 1671 2844 Yzitam

192 2876 227 2897 u.
391 2865 433 2898 30
452 2875 471 2896 x
491 2869 523 2896 et
541 2875 614 2897 vnn
631 2875 665 2904 α,
686 2867 829 2897 inverso
848 2864 972 2896 ordine
991 2864 1094 2906 edd.;
1114 2876 1133 2897 x
1154 2870 1185 2896 vt
1206 2876 1238 2896 xi
1258 2866 1284 2897 b.
1441 2864 1616 2897 onerarias
1634 2873 1668 2896 a.

1683 575 1701 606 0⁷1

1695 910 1734 942 10

1695 1246 1735 1278 15

1699 2258 1740 2291 30
