1835 3240
96 934 135 966 10

95 1273 134 1305 15

583 198 767 241 COMM.
792 197 851 240 Ill
873 196 998 240 CAP.
1022 195 1223 239 77--80.
1646 196 1727 238 605

173 330 241 357 nes
264 314 554 367 equitatumque
577 327 626 352 ex
651 310 763 353 Italia
786 318 1034 366 expectaret,
1058 314 1141 365 ipse
1164 317 1205 350 ut
1227 308 1407 349 omnibus
1430 311 1550 363 copiis
1572 309 1652 352 Do-

173 384 319 424 mitium
347 381 642 435 adgrederetur.
688 380 761 421 His
794 381 841 421 de
864 381 993 420 causis
1017 386 1181 432 uterque
1203 391 1336 418 eorum
1360 376 1550 416 celeritati
1573 386 1651 418 stu·
1673 379 1728 422 '79

172 450 287 491 debat
302 481 312 498 ,
337 456 376 489 et
396 449 479 489 suis
501 456 543 489 ut
564 456 671 489 esset
693 448 843 489 auxilio
859 479 869 498 ,
904 455 942 488 et
962 448 1008 488 ad
1032 446 1306 500 opprimendos
1330 444 1581 485 aduersarios
1605 459 1652 486 ne

171 517 368 558 occasioni
395 517 580 570 temporis
603 516 774 556 deesset.
811 514 889 556 Sed
913 513 1127 555 Caesarem
1144 513 1355 568 Apollonia
1378 526 1400 552 a
1422 511 1570 552 directo
1592 512 1654 552 iti·
1676 513 1702 552 2

176 600 272 626 nere
316 592 542 635 auerterat3
575 582 789 638 Pompeius
823 597 893 636 per
923 580 1166 623 Candauiam
1198 583 1275 622 iter
1305 581 1345 621 iu
1375 579 1655 620 Macedoniam

171 654 395 708 expeditum
429 652 611 694 habebat.
655 652 844 692 Accessit
874 651 988 692 etiam
1014 665 1067 692 ex
1087 650 1302 705 improuiso
1325 648 1420 689 aliut
1439 648 1653 688 incommo-
1676 647 1700 687 3

172 723 260 763 dum
278 754 287 771 ,
324 722 423 775 quod
448 720 643 761 Domitius
660 750 670 769 ,
703 719 767 773 qui
791 719 873 760 dies
896 720 1116 773 complures
1140 719 1281 758 castris
1305 715 1503 770 Scipionis
1527 723 1658 756 castra

170 790 311 831 collata
334 789 562 838 habuisset,
588 788 645 828 rei
669 787 952 828 frumentariae
975 800 1092 828 causa
1114 785 1161 826 ab
1184 799 1230 826 eo
1253 785 1493 825 discesserat
1514 791 1553 824 et
1575 782 1656 823 He-

169 858 330 899 racliam
355 854 598 911 [Senticam]
617 887 626 905 ,
653 870 751 909 quae
773 863 833 896 est
854 855 1030 896 subiecta
1046 852 1278 895 Candauiae
1293 883 1302 901 ,
1328 853 1405 893 iter
1427 854 1590 899 fecerat,
1614 857 1657 891 ut

168 927 250 980 ipsa
277 927 432 966 fortuna
454 924 560 964 illum
584 923 741 964 obicere
768 922 956 977 Pompeio
979 922 1198 963 uideretur.
1243 919 1353 960 Haec
1377 921 1424 960 ad
1445 920 1481 960 id
1506 927 1656 973 tempus

170 992 323 1034 Caesar
343 991 565 1045 ignorabat.
613 989 741 1031 Simul
762 1006 784 1031 a
806 990 994 1044 Pompeio
1017 989 1157 1030 litteris
1180 1002 1249 1042 per
1270 1002 1406 1028 omnes
1428 988 1653 1041 prouincias
1676 986 1702 1027 4

166 1062 425 1113 ciuitatesque
447 1059 619 1099 dimissis
644 1060 793 1113 proelio
816 1059 862 1099 ad
881 1057 1174 1113 Dyrrhachium
1198 1057 1302 1096 facto
1325 1056 1441 1096 latius
1464 1055 1655 1095 inflatius-

167 1143 242 1183 que
264 1128 402 1177 multo,
419 1141 531 1180 quam
556 1140 620 1167 res
644 1134 730 1167 erat
751 1134 879 1180 gesta,
896 1127 996 1167 fama
1021 1125 1326 1180 percrebuerat:
1343 1124 1495 1177 pulsum
1518 1124 1655 1176 fugere

169 1194 387 1237 Caesarem
409 1209 533 1249 paene
556 1195 736 1235 omnibus
758 1195 880 1249 copiis
903 1194 1076 1235 amissis,
1115 1192 1226 1233 Haec
1242 1193 1385 1233 itinera
1401 1192 1549 1232 infesta
1568 1191 1658 1230 red-

168 1265 338 1311 diderat,
365 1264 461 1304 haec
485 1264 664 1304 ciuitates
687 1263 895 1303 nonnullas
918 1263 964 1302 ab
987 1263 1072 1302 eius
1095 1261 1268 1302 amicitia
1292 1259 1513 1300 auertebat.
1554 1256 1654 1311 Qui·
1677 1258 1701 1299 5

170 1333 242 1373 bus
265 1332 406 1372 accidit
426 1332 543 1372 rebus
559 1363 568 1381 ,
595 1339 638 1371 ut
659 1331 832 1385 pluribus
856 1331 1007 1371 dimissi
1031 1329 1237 1370 itineribus
1259 1342 1279 1368 a
1304 1324 1480 1368 Caesare
1503 1327 1549 1367 ad
1571 1324 1654 1366 Do-

170 1400 319 1440 mitium
343 1407 383 1440 et
404 1414 425 1440 a
442 1398 615 1440 Domitio
638 1401 686 1440 ad
709 1397 922 1441 Caesarem
948 1399 1052 1439 nulla
1075 1398 1230 1438 ratione
1252 1396 1328 1436 iter
1350 1396 1545 1436 conficere
1567 1407 1655 1448 pos-

170 1475 274 1508 sent.
321 1466 400 1508 Sed
423 1468 659 1521 Allobroges
674 1499 684 1518 ,
708 1466 881 1508 Raucilli
904 1474 1020 1520 atque
1043 1465 1119 1520 Egi
1143 1465 1381 1514 familiares,
1407 1477 1505 1516 quos
1528 1463 1656 1516 perfu-
1678 1459 1704 1502 6

169 1539 274 1589 gisse
298 1536 344 1576 ad
357 1533 585 1589 Pompeium
609 1537 981 1585 demonstrauimus,
1008 1534 1222 1588 conspicati
1244 1533 1284 1573 iu
1307 1532 1449 1572 itinere
1472 1530 1656 1585 explora-

168 1611 274 1644 tores
299 1602 460 1643 Domitii
493 1617 563 1644 seu
596 1604 763 1657 pristina
794 1617 865 1644 sua
895 1604 1206 1652 consuetudine,
1240 1601 1340 1654 quod
1362 1613 1440 1640 una
1461 1600 1500 1639 iu
1525 1597 1654 1639 Gallia

167 1671 269 1712 bella
292 1678 516 1725 gesserant,
534 1685 603 1711 seu
626 1671 750 1725 gloria
773 1672 864 1712 elati
888 1679 1046 1720 cuncta,
1065 1678 1108 1711 ut
1129 1677 1241 1711 erant
1263 1677 1367 1718 acta,
1383 1675 1655 1722 exposuerunt

172 1747 211 1780 et
233 1737 422 1780 Caesaris
446 1739 744 1792 profectionem,
769 1740 981 1779 aduentum
1002 1737 1163 1793 Pompei
1186 1739 1418 1778 docueruut.
1453 1735 1493 1775 A
1515 1736 1654 1788 quibus
1676 1735 1702 1776 7

171 1806 365 1847 Domitius
388 1808 534 1847 certior
556 1807 681 1847 factus
703 1807 774 1847 uix
796 1815 856 1847 1111
880 1807 1064 1847 horarum
1082 1807 1209 1861 spatio
1227 1805 1468 1846 antecedens
1487 1804 1657 1844 hostium

169 1875 360 1916 beneficio
383 1874 597 1928 periculum
621 1876 765 1916 uitauit
787 1882 825 1916 et
846 1876 893 1916 ad
915 1875 1155 1928 Aeginium,
1181 1874 1281 1928 quod
1303 1880 1367 1914 est
1387 1872 1566 1926 oppidum
1589 1886 1655 1926 op-

120 1953 133 1960 ·
170 1944 339 1997 positum
356 1941 604 1992 Thessaliae,
622 1940 788 1984 Caesari
809 1944 986 1984 uenienti
1008 1943 1193 1984 occurrit.
1227 1939 1452 1983 Coniuncto
1476 1940 1656 1981 exercitu
1668 1939 1731 1985 80

171 2010 324 2052 Caesar
347 2010 548 2066 Gomphos
581 2011 785 2065 peruenit,
822 2012 923 2064 quod
946 2019 1007 2052 est
1029 2012 1210 2065 oppidum
1232 2010 1396 2064 primum
1419 2007 1656 2049 Thessaliae

314 2126 327 2158 1
350 2131 523 2168 spectaret
540 2137 560 2158 a
574 2127 605 2158 b.
747 2127 768 2159 2
787 2126 1038 2167 adgrederetur
1055 2136 1089 2159 α.
1231 2125 1284 2156 his
1302 2135 1323 2157 α
1342 2124 1420 2156 edd.
1435 2126 1589 2166 priores,
1615 2123 1657 2155 iis

173 2175 208 2207 P.
228 2175 415 2208 Manutius
434 2187 469 2209 u.
636 2175 654 2209 3
674 2180 708 2208 et
725 2180 809 2208 ante
828 2177 870 2208 ad
889 2187 957 2208 om.
979 2177 1076 2208 ‘ms-S.
1097 2175 1141 2208 θ’.
1298 2177 1319 2207 4
1337 2174 1509 2206 occasioni
1529 2173 1657 2206 Vaseo-

169 2239 291 2270 sanu3‚
313 2230 493 2262 occasione
511 2240 532 2262 α
546 2230 564 2262 b
578 2240 606 2261 c.
762 2228 943 2271 Apollonia
963 2230 1059 2261 ‘ms-S.
1079 2228 1245 2260 meliores
1265 2230 1299 2258 et
1311 2226 1499 2269 plerz'qve',
1520 2225 1659 2268 Apollo-

170 2282 259 2313 niam
276 2292 297 2313 a
319 2283 402 2314 ‘mei
418 2281 461 2315 3‘.
621 2281 653 2313 ‘a
673 2282 738 2313 dir.
758 2282 818 2313 uel
836 2292 854 2312 a
873 2280 1024 2313 derecto*
1045 2281 1107 2321 bd,
1129 2290 1148 2312 a
1167 2284 1283 2312 erecto
1303 2289 1337 2311 a.
1501 2277 1520 2310 6
1539 2276 1657 2319 etiam]

169 2338 282 2365 autem
301 2334 350 2365 ab
365 2344 394 2366 c.
538 2333 624 2365 aliut
642 2343 676 2364 α.
819 2333 835 2365 7
857 2333 911 2374 qui
933 2343 1001 2364 om.
1022 2342 1042 2363 a
1057 2332 1087 2363 b.
1246 2331 1266 2362 8
1286 2329 1478 2362 Heracliam
1497 2339 1532 2369 α,
1553 2329 1660 2360 Hera-

170 2385 277 2417 cleam
295 2396 330 2417 u.
489 2385 507 2417 9
528 2384 702 2417 Senticam
720 2387 884 2427 spurium
902 2385 1085 2416 indicauit
1104 2383 1299 2416 cellarius.
1459 2381 1499 2414 10
1519 2381 1659 2413 fortuna

171 2435 319 2468 obiicere
339 2446 412 2468 eum
432 2435 545 2479 Pomp.
570 2437 600 2468 b.
763 2436 803 2468 12
821 2436 935 2468 missis
956 2436 986 2467 b.
1130 2434 1260 2476 proelio
1278 2451 1322 2456 —-
1341 2432 1433 2464 facto
1452 2443 1473 2464 a
1487 2443 1516 2473 c,
1537 2433 1661 2475 proeli-

172 2496 225 2517 um
246 2505 285 2510 -
306 2486 432 2519 factum
454 2489 495 2528 b;
516 2489 556 2521 de
576 2488 706 2531 proelio
724 2506 770 2511 -—
788 2487 879 2519 facto
899 2487 1066 2529 Scaliger
1084 2497 1119 2518 u.
1260 2486 1371 2517 lacius
1387 2486 1612 2529 innaciusque
1625 2496 1657 2518 a.

316 2539 356 2570 14
376 2550 460 2581 pene
479 2550 512 2574 a.
653 2541 853 2572 reddiderat
866 2540 916 2581 (a)
931 2541 948 2572 4
962 2540 1051 2572 dett.
1066 2550 1089 2571 u
1104 2540 1255 2581 (suerat
1266 2539 1514 2579 reddiderant).

176 2591 213 2622 15
234 2591 415 2623 auertebat
432 2593 495 2633 ab,
517 2597 697 2624 auerterat
715 2603 750 2623 η.
909 2593 948 2624 ’16
969 2591 1018 2634 ut]
1039 2592 1070 2623 in
1091 2602 1126 2624 α.
1291 2590 1422 2622 dimissi
1441 2590 1657 2632 Stephanus,

172 2642 320 2673 dimissis
340 2642 439 2674 codd.
562 2644 597 2675 17
613 2644 789 2675 aDomitio
811 2654 831 2675 a
854 2644 950 2675 ''ms-v.
972 2646 1007 2675 et
1024 2643 1102 2675 edd.
1123 2642 1231 2684 qdd.'‚
1254 2642 1294 2673 ab
1314 2641 1461 2673 Domitio
1481 2652 1515 2673 a.

176 2692 215 2724 18
234 2691 351 2723 Rouici
370 2702 389 2723 α
404 2693 420 2723 b
435 2703 463 2732 c,
484 2692 625 2725 Roscilli
644 2705 679 2725 u.
869 2693 987 2736 atque]
1008 2698 1043 2725 et
1063 2694 1094 2725 b.
1274 2692 1335 2733 Egi
1357 2693 1387 2732 b,
1408 2691 1470 2722 Eci
1491 2702 1522 2731 ιι,
1546 2690 1599 2722 Eti
1620 2701 1659 2730 c,-

173 2745 256 2784 Aegi
277 2755 310 2775 ll.
454 2744 494 2776 019
514 2745 546 2775 in
566 2756 634 2777 om.
655 2756 675 2777 a
696 2747 794 2778 ‘mss-
816 2743 860 2778 4'.
1017 2746 1060 2779 22
1080 2745 1263 2777 aduentum
1283 2756 1302 2776 α
1316 2755 1344 2785 c,
1367 2749 1402 2776 et
1420 2743 1602 2775 aduentum
1623 2753 1656 2773 u.

316 2795 449 2837 Pompei
469 2806 503 2827 α.
644 2798 687 2830 23
706 2809 739 2829 v1
762 2809 813 2830 .x-
839 2808 889 2829 1111
908 2808 942 2829 α.
1101 2797 1145 2831 24
1162 2796 1320 2838 Egiuium
1340 2794 1451 2827 ‘msa'
1605 2805 1662 2836 op-

173 2847 284 2889 pidum
307 2847 493 2889 oppositum
514 2857 589 2888 ego,
614 2848 782 2881 obiectum
803 2849 1062 2892 oppositumque
1082 2848 1182 2880 codd.
1203 2848 1243 2880 P.
1268 2849 1342 2881 185.
1510 2846 1551 2880 26
1573 2845 1661 2878 Gon-

180 2900 261 2940 phos
281 2908 314 2930 α.
456 2897 637 2931 Thesaliae
656 2911 689 2932 a.
