1835 3240
84 168 167 211 296
605 166 680 210 DE
711 165 902 209 BELLO
934 165 1181 210 GALLICO

159 282 401 335 praefuerat,
416 295 516 323 unus
526 283 652 330 exiis,
668 280 861 334 quilegati
874 281 920 321 de
930 295 1026 334 pace
1037 282 1085 321 ad
1095 279 1309 322 Caesarem
1318 288 1527 331 uenerant,
1540 295 1640 321 nun-

160 349 255 389 tium
269 349 426 404 adeum
438 350 570 400 mittit,
595 350 672 389 nisi
685 348 899 388 subsidium
913 348 1266 399 sibisubmittatur‚
1290 363 1378 389 sese
1399 349 1542 389 diutius
1553 363 1640 389 sus-

112 417 139 460 7
162 416 290 458 tinere
312 432 389 458 non
402 431 533 472 posse.
597 415 659 456 Eo
683 417 730 455 de
751 415 877 455 media
899 421 1015 456 nocte
1027 413 1180 456 Caesar
1199 416 1322 456 isdem
1345 417 1506 457 ducibus
1530 430 1637 466 usus,

158 485 223 538 qui
243 486 371 526 nuntii
393 485 440 525 ab
462 484 567 525 Iccio
590 491 795 532 uenerant,
818 481 1011 523 Numidas
1030 482 1226 525 etCretas
1243 483 1471 537 sagittarios
1494 491 1533 525 et
1554 486 1642 524 fun-

109 551 138 593 2
159 553 306 594 ditores
327 552 516 593 Baleares
539 551 713 591 subsidio
736 550 935 604 oppidanis
957 551 1096 602 mittit3
1121 566 1285 604 quorum
1308 551 1477 591 aduentu
1499 559 1538 592 et
1558 550 1639 592 Re·
1670 559 1688 590 5

158 621 232 660 mis
254 635 339 660 cum
363 634 430 674 spe
453 619 694 659 defensionis
716 619 885 659 studium
917 619 1188 674 propugnandi
1219 619 1414 668 accessit,
1448 626 1487 658 et
1518 619 1641 659 bosti-

111 685 136 727 3
158 687 231 728 bus
254 689 386 729 eadem
409 687 456 727 de
475 700 594 727 causa
617 701 706 740 spes
728 686 902 740 potiundi
917 687 1047 742 oppidi
1065 687 1259 727 discessit.
1293 685 1432 738 Itaque
1444 685 1642 739 paulisper

157 756 259 809 apud
281 754 460 808 oppidum
482 755 625 794 morati
645 768 840 809 agrosque
860 754 1077 796 Remorum
1100 754 1320 809 depopulati
1343 753 1520 794 omnibus
1542 753 1642 793 uicis

157 822 451 874 aedificiisque,
484 836 581 875 quos
613 823 722 863 adire
752 830 986 876 potuerant,
1021 822 1193 863 incensis
1224 824 1272 863 ad
1303 828 1432 862 castra
1455 817 1642 861 Caesaris

160 890 340 929 omnibus
364 889 487 943 copiis
510 891 803 931 contenderunt
825 897 864 931 et
884 890 931 931 ab
953 891 1111 931 milibus
1133 904 1317 944 passuum
1340 889 1468 929 minus
1492 888 1642 929 duobus
1675 895 1715 928 10

108 955 137 995 4
158 964 289 997 castra
312 965 552 1011 posuerunt3
587 972 687 1011 quae
710 965 838 998 castra
854 989 864 1009 ‚
890 965 933 999 ut
954 960 1057 999 fumo
1080 965 1196 1012 atque
1218 958 1372 1012 ignibus
1395 956 1642 1010 significaba-

110 1022 140 1067 8
163 1030 242 1074 tur,
267 1025 432 1079 amplius
455 1025 610 1066 milibus
632 1040 815 1080 passuum
839 1033 928 1067 octo
949 1027 990 1067 in
1020 1027 1261 1067 latitudinem
1294 1025 1493 1079 patebant.
1538 1021 1642 1064 Cae-

156 1105 224 1132 sar
253 1092 377 1146 primo
410 1100 450 1133 et
480 1100 641 1147 propter
669 1094 958 1135 multitudinem
991 1094 1160 1135 hostium
1193 1100 1232 1134 et
1261 1100 1422 1148 propter
1453 1092 1641 1132 eximiam

108 1158 136 1200 2
158 1159 382 1213 opinionem
406 1161 566 1202 uirtutis
589 1162 738 1215 proelio
761 1163 1021 1216 supersedere
1043 1162 1198 1211 statuit,
1222 1162 1364 1202 cotidie
1379 1168 1508 1201 tamen
1523 1173 1640 1214 eque-

156 1226 302 1268 stribus
325 1228 499 1281 proeliis,
526 1229 614 1281 quid
637 1229 763 1270 hostis
786 1230 934 1271 uirtute
956 1237 1088 1284 posset
1117 1237 1157 1269 et
1188 1230 1277 1282 quid
1295 1229 1420 1269 nostri
1433 1229 1638 1278 auderent,
1674 1234 1715 1267 15

107 1292 133 1334 3
153 1294 465 1348 periclitabatur.
501 1295 577 1337 Vbi
600 1304 758 1338 nostros
781 1312 860 1338 non
882 1311 973 1338 esse
994 1297 1203 1338 inferiores
1225 1297 1437 1347 intellexit,
1462 1296 1548 1336 loco
1570 1310 1641 1350 pro

155 1362 297 1402 castris
320 1363 367 1402 ad
389 1363 514 1403 aciem
536 1363 805 1404 instruendam
829 1371 969 1404 natura
990 1372 1207 1417 opportuno
1229 1365 1515 1417 atqueidoneO,
1541 1363 1643 1416 quod

153 1429 188 1470 is
212 1429 338 1479 collis,
363 1430 429 1470 ubi
450 1438 583 1471 castra
607 1432 734 1485 posita
756 1439 884 1479 erant,
926 1432 1121 1486 paululum
1144 1446 1197 1472 ex
1217 1431 1384 1486 planicie
1407 1432 1533 1472 editus
1555 1438 1644 1472 tan-

154 1503 235 1537 tum
258 1498 450 1539 aduersus
472 1499 514 1539 in
535 1500 780 1541 latitudinem
804 1499 977 1554 patebat,
1009 1506 1197 1553 quantum
1219 1500 1294 1540 loci
1316 1499 1423 1540 acies
1445 1500 1643 1540 instructa

155 1579 348 1620 occupare
371 1573 551 1620 poterat,
582 1574 699 1621 atque
723 1582 775 1608 ex
805 1577 971 1622 utraque
993 1576 1103 1622 parte
1124 1568 1260 1609 lateris
1279 1568 1453 1608 deiectus
1477 1566 1644 1608 habebat
1672 1573 1717 1609 20

155 1639 191 1674 et
213 1633 253 1673 in
275 1635 444 1674 frontem
467 1634 609 1675 leniter
630 1636 838 1689 fastigatus
860 1636 1044 1690 paulatim
1068 1637 1115 1676 ad
1144 1635 1350 1690 planiciem
1380 1635 1558 1684 redibat,
1592 1635 1640 1675 ab

156 1708 325 1754 utroque
346 1702 471 1743 latere
493 1702 577 1743 eius
600 1703 712 1744 collis
734 1710 1004 1744 transuersam
1024 1704 1170 1743 fossam
1195 1703 1362 1744 obduxit
1380 1702 1539 1743 circiter
1553 1715 1642 1755 pas·

106 1767 134 1808 4
154 1783 268 1810 suum
299 1770 675 1823 quadringentorum
708 1777 747 1811 et
776 1771 824 1811 ad
855 1777 1056 1812 extremas
1088 1772 1217 1811 fossas
1249 1771 1413 1811 castella
1435 1769 1643 1810 constituit

75 1886 83 1892 =
153 1836 284 1890 ibique
306 1843 501 1879 tormenta
523 1838 770 1890 conlocauit,
805 1853 880 1890 ne,
913 1853 999 1879 cum
1029 1839 1154 1880 aciem
1175 1838 1455 1887 instruxisset,
1487 1837 1639 1887 hostes,

301 1981 313 2014 l
336 1987 496 2024 praeerat
511 1983 596 2015 DE.
738 1994 825 2015 unus
842 1983 1089 2025 Flodoardus‚
1110 1993 1211 2014 unum
1231 1981 1331 2014 codd.
1354 1981 1532 2014 Caesaris.

153 2042 197 2064 ex
214 2032 267 2065 his
284 2033 317 2065 A
329 2035 390 2075 (Β)
404 2035 472 2066 CD
485 2035 537 2077 ef
546 2034 792 2077 Flodoardus,
820 2046 860 2067 ex
878 2036 944 2067 hiis
962 2036 1007 2068 E.
1211 2034 1366 2065 nuntium
1386 2032 1487 2064 codd.
1507 2034 1545 2063 et
1558 2030 1641 2063 Flo-

153 2083 332 2126 doardus,
351 2085 488 2117 nuntios
505 2086 623 2118 Aldus
641 2097 677 2118 u.
886 2088 907 2121 2
924 2087 967 2118 ad
986 2096 1061 2118 eum
1080 2096 1149 2117 om.
1171 2085 1201 2117 b.
1399 2085 1465 2116 sibi
1483 2084 1641 2115 mittatur

155 2135 228 2167 bce
245 2136 483 2169 Flodoardus.
639 2138 658 2170 3
679 2138 839 2180 isdemf,
858 2139 989 2170 hisdem
1007 2139 1142 2178 ΑΒΕ,
1162 2137 1307 2169 ihisdem
1326 2136 1442 2167 delata
1460 2136 1478 2166 h
1497 2135 1541 2167 B.
1575 2135 1636 2166 Ex

153 2186 182 2218 Ο
197 2189 234 2218 in
260 2189 412 2230 eaeempl.
439 2189 546 2222 Fabr.
575 2192 611 2221 et
635 2189 742 2221 isdem
760 2193 794 2222 et
812 2190 943 2222 hisdem
961 2190 1134 2232 refertur.
1320 2188 1339 2219 5
1360 2187 1590 2227 Balearesque
1612 2184 1640 2217 Β

153 2240 251 2271 ‘nl-⁹3.
272 2240 316 2272 4'.
468 2241 487 2273 7
505 2241 661 2283 potiundi
679 2252 757 2273 cum
775 2252 792 2273 e
811 2251 919 2283 super
935 2252 957 2273 ιι
975 2251 1044 2272 sec.
1063 2251 1110 2272 m.
1124 2241 1246 2282 posita
1262 2238 1314 2278 B,
1334 2237 1486 2281 potiendi
1508 2237 1636 2269 Cetm.

146 2300 207 2332 pr.
228 2291 274 2322 A.
438 2292 456 2324 9
476 2292 726 2334 aedificiisque]
747 2291 926 2324 Remorum
944 2292 1028 2324 add.
1051 2302 1098 2323 m.
1115 2301 1173 2332 pr.
1193 2290 1238 2323 A.
1434 2298 1517 2331 quos
1535 2287 1641 2329 A(B)

156 2340 288 2381 CDE,
309 2351 374 2383 quo
393 2342 445 2383 es
455 2342 694 2374 Flodoardus.
731 2342 812 2375 Vici.
839 2343 914 2376 Cic.
933 2344 1036 2376 Fam.
1058 2341 1101 2382 V,
1132 2342 1196 2382 21,
1217 2342 1235 2372 5
1256 2343 1290 2372 et
1305 2339 1346 2372 de
1371 2343 1447 2372 nat.
1467 2339 1563 2371 deor.
1583 2338 1637 2378 II,

153 2392 197 2424 62
209 2415 219 2432 ‚
241 2391 316 2424 156.
494 2397 677 2435 potuerant
693 2393 826 2433 ABD,
845 2397 1005 2436 poterant
1020 2392 1052 2424 E
1063 2392 1112 2433 es
1123 2390 1359 2424 Flodoardus.
1502 2389 1542 2422 10
1561 2398 1641 2420 con·

152 2442 336 2475 tenderent
357 2442 398 2474 C.
534 2453 554 2475 a
575 2444 602 2476 C
618 2443 858 2477 Flodoardas.
1014 2444 1052 2477 11
1074 2449 1112 2475 ut
1129 2454 1171 2475 ex
1191 2443 1281 2475 sumo
1300 2443 1443 2484 igneque
1464 2443 1495 2473 b.

157 2494 199 2530 12
216 2494 399 2526 latitudine
419 2495 450 2527 b.
616 2496 656 2528 13
676 2496 848 2538 eximiam]
869 2496 1005 2528 nimiam
1022 2505 1069 2527 m.
1088 2505 1144 2538 pr.
1163 2495 1209 2527 A.
1382 2494 1422 2527 15
1442 2493 1583 2525 uirtutis
1602 2492 1637 2524 d.

290 2545 330 2578 10
349 2545 626 2588 periclitabatur]
647 2547 950 2579 sollicitationibus
970 2546 1174 2588 exquirebat
1202 2546 1288 2578 C?a
1303 2545 1414 2588 bdes
1433 2548 1470 2577 et
1485 2555 1532 2576 m.
1551 2554 1637 2583 sec„

156 2605 247 2638 quae
273 2596 538 2638 periclitabatur
555 2597 711 2638 deleuit,
730 2598 775 2628 B.
967 2597 1006 2630 17
1025 2600 1190 2639 oportuno
1208 2596 1251 2628 B.
1438 2596 1479 2629 18
1498 2595 1640 2638 planitie

155 2658 203 2679 m.
221 2658 278 2690 pr.
296 2649 342 2680 Β.
504 2649 613 2680 editos
633 2659 711 2680 cmm
729 2660 750 2680 u
768 2658 875 2689 super·
892 2658 910 2680 o
927 2649 971 2681 B.
1139 2647 1183 2681 20
1202 2647 1385 2690 occupare]
1407 2653 1525 2680 tenere
1544 2648 1634 2690 cds.

314 2698 459 2730 deiectis
478 2708 557 2730 oum
575 2709 596 2730 u
614 2708 720 2740 super
737 2698 782 2730 tis
800 2698 843 2730 B.
1030 2697 1070 2732 21
1091 2697 1125 2728 in
1147 2696 1290 2729 frontem
1309 2698 1519 2741 ABGDE,
1542 2699 1635 2731 fron-

157 2754 224 2781 tem
243 2748 398 2791 (omisso
417 2749 476 2789 in)
496 2749 641 2791 hedes.
672 2749 712 2781 P.
740 2749 796 2782 60.
1069 2749 1252 2790 fastigatus
1281 2751 1418 2792 Aldu55
1447 2752 1638 2793 castigatus

154 2801 256 2834 codd.
270 2826 280 2839 ,
310 2803 368 2834 cuz·
381 2801 539 2836 ABDE
566 2801 650 2833 add.
670 2805 857 2843 castratus,
882 2800 978 2843 quod
995 2803 1031 2833 in
1050 2801 1079 2834 B
1097 2801 1253 2834 doleiam
1271 2806 1335 2836 est.
1524 2803 1635 2836 redie-

155 2853 213 2885 bat
230 2853 318 2886 AD.
454 2854 497 2889 24
513 2852 708 2887 conlocauit
724 2853 766 2885 B.
