1835 3240
682 182 1107 224 —113--

154 299 291 340 ordine
319 296 555 351 procedant,
589 308 715 348 neque
747 296 952 349 quicquam
982 297 1231 337 interiectum
1253 298 1326 347 sit,
1351 300 1450 350 quod
1473 301 1633 342 turbare

152 373 299 419 posset.
350 362 463 417 Quod
495 370 623 404 autem
648 363 817 405 Vossius
848 378 918 417 pro
950 364 1197 417 contegendo
1233 365 1454 417 ponendum
1477 369 1637 420 putabat

154 431 357 486 ‘collegit',
382 432 539 484 probari
561 432 709 485 nequit,
736 446 822 472 cum
844 432 988 472 milites
1006 446 1084 471 non
1107 430 1274 485 dispersi
1288 439 1437 479 essent,
1461 434 1527 473 sed
1543 448 1637 474 con-

150 501 287 540 iuncti.
343 497 575 539 ‘Coniecit'
618 499 868 539 scribendum
905 513 993 539 esse
1034 497 1177 539 Morus
1217 499 1338 538 uidit:
1382 500 1450 539 sed
1485 501 1637 554 reliqua

150 574 342 621 temptare
364 582 441 607 non
463 567 642 608 debebat.
690 565 815 606 Tecta
845 567 946 607 enim
977 566 1168 607 coniectis
1197 566 1382 606 celeriter
1409 569 1637 609 stramentis

150 635 412 676 tentoriorum
462 635 760 688 integendorum
809 635 937 690 gratia
987 634 1235 675 inaedificata
1289 641 1398 674 recte
1435 634 1634 684 dicuntur,

150 717 381 759 quamquam
405 703 520 757 paulo
543 702 832 757 neglegentius.
865 702 1065 742 Accurate
1086 702 1140 741 ita
1162 702 1365 741 dicendum
1389 709 1500 752 erat,
1533 709 1639 742 tecta

146 771 392 811 inaedificata
415 784 502 811 esse
526 770 706 811 tentoriis
729 771 866 823 positis
889 783 1012 822 eoque
1034 770 1262 810 stramentis
1295 769 1501 810 coniectis.
1558 767 1639 810 Sed

149 838 318 888 Hirtius,
343 853 427 878 cum
441 845 659 879 stramenta
680 838 860 878 coniecta
882 850 971 877 esse
993 837 1177 886 dixisset,
1202 844 1245 877 ut
1265 837 1433 878 tentoria
1456 844 1640 890 tegeren-

149 914 235 956 tur,
273 907 444 947 tentoria
467 913 583 947 antea
606 905 733 960 posita
755 918 842 945 esse
866 912 905 946 et
924 905 963 945 in
987 918 1033 945 ea
1054 911 1271 944 stramenta
1300 905 1477 945 coniecta
1492 935 1503 954 ,
1537 906 1638 958 quod

148 988 217 1027 per
238 989 281 1015 se
303 974 619 1028 intellegebatur,
646 973 796 1026 planius
820 973 1023 1014 declarare
1047 971 1284 1025 supersedit.

262 1040 397 1083 Verba
420 1056 455 1081 c.
480 1040 521 1091 9,
548 1040 572 1080 3
593 1042 635 1081 in
656 1039 749 1081 Par.
775 1056 853 1095 pr„
880 1041 926 1080 de
948 1055 1023 1093 quo
1047 1040 1197 1081 errauit
1217 1039 1490 1090 Achaintrius,
1516 1048 1556 1082 et
1575 1055 1639 1082 re-

146 1109 261 1164 liquis
283 1110 451 1162 integris
475 1109 607 1159 codd„
631 1108 937 1149 utaminoribus
961 1108 1191 1161 quibusdam
1215 1108 1490 1161 discrepantiis
1513 1109 1640 1150 disce—

148 1179 308 1228 damus,
343 1178 397 1217 ita
428 1178 574 1231 scripta
608 1184 723 1217 sunt:
763 1175 905 1217 ‘Haec'
939 1178 1092 1227 (castra
1122 1176 1215 1216 dicit
1247 1175 1422 1229 Hirtius)
1455 1176 1640 1230 ‘imperat

147 1246 249 1286 uallo
272 1246 409 1299 pedum
433 1245 635 1285 duodecim
657 1245 800 1285 muniri
817 1275 827 1294 ,
858 1244 1060 1284 loriculam
1084 1258 1153 1298 pro
1176 1243 1247 1284 hac
1268 1244 1423 1285 ratione
1446 1245 1530 1285 eius
1552 1245 1641 1285 alti-

147 1314 293 1353 tudinis
315 1312 582 1362 inaedificari‚
616 1314 762 1353 fossam
785 1313 974 1366 duplicem
998 1312 1135 1366 pedum
1160 1312 1300 1352 denum
1323 1312 1483 1365 quinum
1506 1313 1641 1353 lateri-

148 1381 221 1420 bus
244 1379 405 1434 deprimi
428 1380 586 1419 directis
602 1411 612 1429 ,
645 1387 774 1420 turres
809 1380 977 1419 excitari
1000 1379 1161 1420 crebras
1192 1379 1233 1418 in
1254 1379 1498 1419 altitudinem
1521 1381 1639 1420 trium

149 1448 436 1496 tabulatorum,
474 1447 656 1500 pontibus
687 1447 862 1488 traiectis
897 1446 1189 1498 constratisque
1219 1447 1431 1500 coniungi,
1474 1462 1640 1500 quorum

149 1517 299 1555 frontes
326 1515 496 1555 uiminea
529 1515 694 1555 loricula
715 1515 985 1555 munirentur:
1012 1521 1054 1554 ut
1075 1514 1122 1554 ab
1146 1514 1325 1555 hostibus
1349 1514 1490 1568 duplici
1513 1516 1636 1566 fossa,

148 1582 289 1635 duplici
312 1588 645 1635 propugnatorum
670 1583 806 1622 ordine
830 1582 1150 1631 defenderentur,
1169 1596 1331 1633 quorum
1354 1582 1455 1623 alter
1477 1597 1528 1623 ex
1544 1598 1640 1637 pon-

149 1650 249 1689 tibus
265 1679 275 1697 ,
301 1663 374 1701 quo
398 1649 521 1688 tutior
541 1649 748 1689 altitudine
771 1656 892 1698 esset,
920 1649 992 1688 hoc
1015 1648 1201 1689 audacius
1224 1649 1458 1703 longiusque
1480 1651 1640 1704 permit-

147 1723 252 1758 teret
272 1717 366 1766 tela,
391 1717 504 1766 alter,
541 1716 606 1769 qui
631 1717 787 1770 propior
809 1717 961 1756 hostem
983 1717 1023 1756 in
1044 1716 1129 1770 ipso
1152 1716 1254 1757 uallo
1277 1717 1490 1758 collocatus
1515 1725 1637 1768 esset,

146 1792 265 1838 ponte
287 1784 333 1823 ab
356 1783 618 1824 incidentibus
639 1784 729 1825 telis
751 1784 986 1839 tegeretur'.
1044 1782 1122 1824 Pro
1155 1784 1286 1825 uerbis
1317 1786 1393 1826 illis
1423 1786 1642 1827 ‘loriculam

147 1867 216 1907 pro
249 1852 320 1892 hac
352 1852 506 1893 ratione
537 1852 621 1892 eius
654 1852 868 1893 altitudinis
891 1852 1147 1893 inaedificari'
1179 1852 1220 1892 in
1251 1853 1501 1907 interpolatis
1524 1855 1636 1895 codd.

147 1921 244 1961 haec
268 1927 416 1961 tantum
439 1920 649 1973 leguntur:
679 1920 854 1961 ‘coronis
876 1919 1148 1961 inaedificari'.
1176 1919 1286 1961 Haec
1309 1921 1398 1961 inde
1421 1929 1506 1962 orta
1529 1930 1637 1973 sunt,

148 1989 249 2041 quod
271 1987 461 2041 magister
482 1987 521 2027 in
543 1988 720 2042 margine
743 1988 789 2027 ad
811 1988 878 2028 illa
899 1988 1022 2029 uerba
1044 1994 1307 2029 annotauerat
1332 1989 1538 2040 ‘coronis',
1563 2004 1638 2043 quo

147 2056 387 2111 significaret
420 2056 622 2096 loriculam
664 2069 838 2096 summae
877 2056 969 2096 ualli
1009 2057 1311 2110 praecincturae
1350 2057 1638 2098 inaedificatam

147 2136 248 2164 esse.
305 2121 547 2176 Quamquam
570 2137 695 2176 neque
718 2124 977 2164 multitudinis
1000 2138 1165 2164 numero
1187 2124 1241 2164 uti
1266 2124 1431 2164 debebat
1452 2139 1579 2178 neque
1600 2127 1641 2167 in

146 2198 303 2232 terreno
326 2191 430 2232 uallo
453 2193 498 2232 de
521 2205 668 2232 corona
691 2193 889 2245 cogitare:
916 2192 1017 2232 muri
1034 2192 1175 2245 lapidei
1194 2205 1339 2232 corona
1358 2206 1641 2234 commemora-

147 2266 211 2300 tur
242 2260 344 2313 apud
377 2256 491 2300 Curt.
515 2258 593 2310 IX,
618 2259 658 2308 4,
684 2258 753 2309 30,
789 2260 982 2313 parietum
1016 2273 1188 2300 coronae
1221 2273 1339 2313 saepe
1372 2261 1472 2313 apud
1502 2260 1639 2302 Vitru-

146 2328 266 2368 uium.
301 2325 379 2368 Sed
401 2327 584 2367 librarius
608 2327 707 2367 hanc
729 2341 844 2367 unam
866 2341 1001 2368 uocem
1026 2342 1096 2382 pro
1119 2328 1297 2368 omnibus
1317 2328 1395 2368 illis
1421 2329 1642 2370 ‘loriculam

147 2410 216 2449 pro
245 2395 317 2435 hac
347 2396 502 2436 ratione
534 2395 620 2435 eius
651 2395 885 2435 altitudinis'
920 2396 1138 2448 ponendam
1170 2396 1432 2437 existimauit.
1490 2395 1641 2439 Verum

146 2463 242 2503 haec
265 2463 403 2513 uerba,
428 2463 748 2517 quemadmodum
771 2464 809 2503 in
832 2464 988 2517 optimis
1011 2465 1123 2505 codd.
1142 2464 1343 2518 leguntur,
1368 2471 1478 2506 recte
1495 2465 1641 2506 habere

150 2544 225 2569 non
248 2538 429 2584 possunt.
460 2530 602 2584 Neque
625 2531 729 2571 enim
751 2531 875 2572 lorica
897 2532 1014 2572 ullam
1033 2538 1187 2586 poterat
1208 2533 1401 2573 rationem
1425 2532 1570 2573 habere
1593 2532 1640 2572 ad

150 2597 390 2639 altitudinem
419 2600 538 2649 ualli,
570 2606 636 2649 ut,
670 2614 744 2652 quo
765 2599 838 2639 hoc
862 2606 970 2639 esset
987 2600 1104 2640 altius
1122 2630 1132 2649 ,
1167 2614 1213 2640 eo
1244 2600 1328 2653 ipsa
1351 2614 1501 2653 quoque
1523 2600 1640 2640 altior

150 2663 480 2707 inaedificaretur.
513 2666 619 2707 Nam
643 2681 728 2707 cum
753 2667 799 2706 ad
822 2680 889 2707 eos
913 2667 1176 2707 defendendos
1199 2667 1487 2717 institueretur,
1512 2667 1575 2720 qui
1598 2668 1638 2707 in

152 2732 255 2771 uallo
289 2734 466 2785 stabant,
491 2734 626 2775 militis
660 2735 855 2775 altitudini
885 2734 1175 2775 accommodari
1207 2735 1395 2784 debebat,
1430 2743 1473 2775 ut
1494 2744 1533 2774 et
1554 2735 1637 2787 ipse

152 2805 353 2850 tegeretur
397 2808 436 2841 et
476 2803 555 2841 tela
590 2803 756 2856 desuper
794 2803 926 2843 iacere
967 2810 1006 2843 et
1045 2817 1221 2856 pugnare
1257 2803 1456 2843 commode
1486 2808 1635 2855 posset.

152 2864 280 2905 Multo
303 2867 429 2907 minus
451 2867 606 2910 Hirtius
629 2884 698 2923 pro
722 2870 792 2910 hac
814 2870 967 2910 ratione
989 2870 1206 2910 altitudinis
1229 2870 1320 2910 ualli
1344 2870 1505 2910 loricam
1529 2870 1638 2908 inae·

190 2932 310 2966 Cacsar,
331 2932 375 2959 ed.
399 2933 539 2969 Nipperd.
1335 2936 1361 2973 8
