1835 3240
87 155 170 199 358
618 151 692 196 DE
723 152 914 197 BELLO
948 150 1194 194 GALLICO

116 267 144 308 4
165 266 268 308 tibus
290 281 361 321 par
373 274 490 321 atque
511 267 612 309 idem
635 266 846 322 periculum
868 264 1076 305 inferebat.
1109 264 1336 307 Accedebat
1354 265 1443 315 huc,
1469 272 1512 306 ut
1532 279 1643 306 num-

166 347 277 388 quam
301 335 485 385 conferti,
514 335 582 376 sed
603 335 684 374 rari
705 332 934 386 magnisque
955 332 1175 372 interuallis
1197 333 1485 386 proeliarentur
1505 333 1643 374 statio-

166 415 316 455 nesque
337 402 548 456 dispositas
571 401 786 448 haberent,
818 405 934 451 atque
963 399 1060 439 alios
1094 398 1161 439 alii
1191 399 1373 454 deinceps
1395 401 1641 455 exciperent,

92 468 145 514 17
166 468 389 524 integrique
412 477 449 509 et
470 475 651 509 recentes
674 465 897 519 defetigatis
917 466 1192 507 succederent.
1230 465 1400 508 Postero
1427 468 1487 508 die
1509 469 1645 522 procul

166 550 188 577 a
211 537 351 577 castris
375 536 507 576 hostes
528 535 568 573 in
591 533 754 574 collibus
777 534 1042 574 constiterunt
1062 534 1219 587 rarique
1241 547 1285 574 se
1307 535 1514 576 ostendere
1527 543 1566 576 et
1585 536 1642 577 le·
1674 543 1692 576 5

119 603 147 645 2
169 604 255 644 nius
278 617 390 656 quam
413 601 538 655 pridie
559 608 718 641 nostros
741 601 890 654 equites
913 601 1062 655 proelio
1083 601 1280 641 lacessere
1302 610 1529 655 coeperunt.
1564 600 1644 644 Sed

165 671 352 719 meridie,
389 683 474 709 cum
498 665 650 708 Caesar
679 669 887 722 pabulandi
909 683 1025 709 causa
1050 675 1132 709 tres
1155 668 1333 721 legiones
1355 675 1469 721 atque
1492 683 1644 710 omnem

168 738 380 791 equitatum
404 750 489 776 cum
503 733 605 776 Gaio
619 735 821 777 Trebonio
842 736 972 789 legato
994 736 1184 785 misisset,
1211 742 1374 789 repente
1396 749 1449 775 ex
1469 736 1647 778 omnibus

168 805 343 860 partibus
365 804 412 844 ad
435 803 685 857 pabulatores
707 804 1010 854 aduolauerunt,
1035 803 1091 844 sic
1113 803 1169 843 uti
1192 803 1238 842 ab
1261 803 1384 857 signis
1406 803 1647 856 legionibus·

120 872 147 913 3
168 887 243 926 que
266 886 344 912 non
367 870 620 912 absisterent.
652 870 794 911 Nostri
817 871 964 912 acriter
983 871 1106 912 ineos
1127 871 1272 924 impetu
1295 872 1397 910 facto
1418 871 1651 924 repulerunt
1682 878 1723 911 10

168 952 294 992 neque
315 939 428 979 finem
451 939 639 992 sequendi
662 940 856 989 fecerunt,
881 939 1006 992 quoad
1024 938 1196 978 subsidio
1215 938 1352 978 confisi
1369 938 1536 991 equites,
1562 951 1649 978 cum

120 1006 147 1046 4
169 1013 257 1060 post
287 1020 330 1047 se
360 1007 537 1061 legiones
559 1007 766 1056 uiderent,
799 1006 1034 1060 praecipites
1067 1006 1199 1046 hostes
1234 1013 1400 1059 egerunt
1430 1018 1650 1059 magnoque

169 1087 305 1114 eorum
336 1088 499 1115 numero
532 1074 742 1115 interfecto
775 1087 899 1127 neque
928 1073 988 1114 sui
1019 1073 1227 1127 colligendi
1262 1087 1387 1126 neque
1409 1073 1650 1113 consistendi

122 1140 148 1181 5
169 1148 238 1181 aut
259 1155 312 1182 ex
333 1141 483 1182 essedis
507 1141 712 1182 desiliendi
736 1142 962 1182 facultatem
985 1141 1190 1181 dederunt.
1232 1140 1300 1180 Ex
1323 1141 1393 1181 hac
1416 1142 1506 1194 fuga
1528 1141 1650 1194 proti-

170 1223 246 1249 nus
261 1239 271 1259 ,
304 1222 402 1262 quae
424 1209 594 1261 undique
617 1216 909 1256 conuenerant⁷
933 1209 1084 1249 auxilia
1106 1209 1392 1259 discesserunt,
1417 1222 1543 1261 neque
1565 1215 1654 1262 post
1685 1215 1725 1248 15

168 1275 207 1316 id
230 1283 381 1330 tempus
404 1290 584 1329 umquam
622 1278 783 1317 summis
818 1276 1020 1317 nobiscum
1044 1276 1166 1330 copiis
1189 1275 1323 1316 hostes
1347 1277 1648 1316 contenderunt.

94 1341 152 1387 18
176 1340 330 1384 Caesar
359 1344 517 1398 cognito
550 1343 716 1384 consilio
746 1357 881 1384 eorum
914 1343 962 1383 ad
993 1343 1136 1382 flumen
1157 1341 1356 1383 Tamesim
1387 1343 1426 1383 in
1448 1343 1547 1383 fines
1570 1340 1672 1382 Cas-

169 1411 378 1451 siuellauni
419 1411 637 1452 exercitum
667 1411 802 1461 duxit3
841 1411 941 1464 quod
980 1411 1122 1450 flumen
1164 1424 1241 1449 uno
1273 1409 1430 1449 omnino
1461 1409 1548 1450 loco
1587 1424 1654 1464 pe—

120 1476 149 1519 2
170 1477 296 1529 dibus,
321 1485 437 1531 atque
459 1479 532 1519 hoc
553 1492 689 1532 aegre,
714 1478 874 1519 transiri
897 1485 1040 1532 potest.
1073 1476 1136 1518 Eo
1158 1491 1244 1517 cum
1265 1477 1456 1527 uenisset,
1482 1478 1652 1518 animum

169 1547 340 1586 aduertit
362 1547 409 1586 ad
430 1546 596 1587 alteram
618 1546 786 1586 fluminis
809 1546 933 1600 ripam
956 1559 1121 1599 magnas
1143 1559 1231 1586 esse
1254 1545 1387 1599 copias
1409 1545 1577 1585 hostium
1594 1544 1653 1585 in-
1683 1551 1727 1586 20

122 1613 147 1654 3
170 1621 358 1654 structas.
415 1613 517 1668 Ripa
542 1621 671 1655 autem
694 1622 780 1655 erat
800 1615 925 1655 acutis
949 1614 1110 1654 sudibus
1133 1614 1321 1667 praefixis
1341 1613 1518 1663 munita,
1550 1613 1654 1653 eius-

122 1682 149 1722 4
172 1682 335 1735 demque
356 1683 514 1736 generis
536 1681 608 1722 sub
639 1696 740 1735 aqua
770 1682 923 1723 defixae
944 1682 1061 1722 sudes
1084 1681 1241 1722 flumine
1263 1681 1515 1734 tegebantur.
1577 1678 1652 1720 His

169 1749 289 1790 rebus
320 1749 488 1804 cognitis
520 1763 541 1790 a
577 1750 742 1803 captiuis
773 1750 1024 1806 perfugisque
1047 1746 1201 1790 Caesar
1231 1748 1448 1802 praemisso
1478 1747 1654 1801 equitatu

124 1814 150 1856 5
173 1817 379 1857 confestim
402 1817 578 1872 legiones
601 1818 785 1871 subsequi
807 1817 937 1858 iussit..
981 1815 1060 1858 Sed
1083 1831 1128 1857 ea
1151 1816 1354 1857 celeritate
1377 1822 1493 1868 atque
1516 1828 1561 1855 eo
1583 1815 1655 1855 im-

170 1890 262 1937 petu
284 1884 427 1925 milites
448 1885 606 1935 ierunt,
643 1900 729 1925 cum
763 1885 889 1938 capite
921 1884 1005 1925 solo
1028 1899 1079 1925 ex
1101 1899 1200 1938 aqua
1222 1889 1435 1933 extarent,
1461 1889 1502 1922 ut
1522 1883 1656 1923 hostes
1685 1888 1728 1924 25

169 1950 353 2005 impetum
382 1952 578 2006 legionum
610 1959 726 2005 atque
754 1953 926 2005 equitum
958 1953 1157 1993 sustinere
1189 1966 1268 1992 non
1289 1957 1452 2005 possent
1471 1950 1654 2004 ripasque

98 2017 151 2062 19
174 2019 417 2060 dimitterent
437 2034 482 2060 ac
505 2034 548 2060 se
579 2021 695 2074 fugae
724 2020 970 2060 mandarent.
1016 2016 1359 2068 Cassiuellaunus‚
1384 2024 1427 2058 ut
1448 2031 1567 2071 supra
1589 2017 1656 2057 de-

172 2087 499 2138 monstrauimus⁷
524 2088 628 2127 omni
651 2087 828 2141 deposita
849 2100 918 2140 spe
931 2087 1196 2127 contentionis
1209 2086 1379 2126 dimissis
1403 2084 1656 2138 amplioribus

173 2154 296 2208 copiis
318 2154 473 2196 milibus
487 2155 647 2196 circiter
668 2162 854 2209 quattuor
875 2154 1163 2195 essedariorum
1184 2153 1332 2194 relictis
1354 2152 1498 2192 itinera
1519 2158 1654 2192 nostra

319 2274 333 2306 1
357 2284 524 2316 nunquam
545 2275 619 2316 (B).
760 2275 781 2309 2
799 2274 947 2307 conserti
969 2274 1000 2306 11.
1143 2273 1162 2305 3
1181 2272 1240 2304 alii
1260 2283 1327 2304 om.
1352 2272 1410 2304 be.
1560 2270 1581 2302 4
1600 2269 1658 2300 de-

174 2323 329 2364 fetigatis
356 2326 388 2357 Α
406 2326 461 2366 (is
490 2336 568 2357 cum
592 2330 726 2367 puncto
753 2327 818 2358 sub
839 2325 870 2358 fe
890 2329 926 2358 et
941 2336 961 2358 a
978 2324 1166 2367 suprasc.)
1184 2326 1215 2355 B
1233 2328 1288 2365 et,
1318 2326 1382 2366 qm·
1397 2333 1456 2366 pro
1480 2324 1657 2365 praemit-

175 2379 241 2417 tit,
262 2377 309 2408 D.
473 2379 490 2409 5
509 2378 621 2409 lenius
637 2378 814 2419 ABCD,·
834 2378 962 2411 lentius
982 2389 1018 2418 e,
1040 2377 1145 2409 latius
1165 2377 1197 2407 b.
1377 2375 1590 2407 elucescere
1609 2373 1652 2405 B.

318 2428 337 2459 8
357 2427 440 2460 Gaio
459 2429 508 2469 Β,
532 2428 569 2460 C.
590 2439 634 2470 21,-
653 2429 693 2471 Q.
715 2431 773 2462 bc.
923 2430 941 2462 9
960 2430 1112 2472 partibus
1132 2439 1169 2469 e,
1190 2438 1258 2460 om.
1278 2428 1309 2459 B
1329 2428 1422 2458 ‘mssn
1446 2426 1511 2458 13¹.

176 2480 217 2514 10
236 2480 456 2523 reppulerunt
473 2481 514 2512 B.
659 2482 695 2514 11
718 2482 826 2524 quoad
846 2482 884 2522 d,
907 2482 994 2524 quod
1012 2482 1095 2521 Ae5
1115 2491 1178 2522 quo
1197 2479 1342 2520 reliqui.
1468 2477 1507 2511 12
1526 2481 1603 2518 post
1620 2486 1656 2508 se

176 2533 235 2574 (B)
249 2535 264 2564 .'
277 2533 294 2563 b
307 2532 409 2573 cde‚·
428 2538 516 2575 post,
535 2535 665 2566 omisso
685 2544 734 2571 se,
756 2534 853 2566 ‘mssa
876 2534 940 2566 15’.
1073 2542 1192 2572 magno
1212 2541 1325 2563 eorum
1347 2531 1376 2561 b.
1497 2529 1535 2561 14
1553 2532 1656 2570 prius

176 2595 218 2617 ex
235 2594 304 2616 om.
327 2584 358 2615 b.
500 2595 540 2616 ex
560 2595 599 2617 ae
618 2586 660 2616 Β.
805 2585 843 2617 15
862 2585 1009 2626 undique
1027 2594 1096 2616 om.
1119 2584 1150 2615 b.
1291 2583 1331 2615 16
1355 2592 1509 2623 umquam
1528 2582 1571 2613 B.

177 2635 218 2669 17
236 2634 406 2667 Tamesim
426 2636 475 2675 Β,
499 2635 705 2668 ‘Thamesim
724 2646 808 2668 mss.
822 2634 999 2677 plerique‘
1021 2635 1166 2666 Orosius
1195 2633 1272 2675 (sed
1289 2635 1323 2664 in
1344 2635 1418 2664 eius
1435 2632 1536 2664 codd.
1551 2642 1658 2674 prae-

178 2689 232 2718 ter
248 2686 321 2718 alia
339 2685 534 2718 Tameusim
555 2686 734 2728 legitnr);
755 2684 914 2718 ‘ramesia
934 2696 970 2716 v.
1216 2683 1451 2716 Casiuellauni
1470 2684 1513 2716 B.

175 2738 215 2771 21
238 2737 468 2780 praefixisque
487 2738 519 2769 A
533 2738 621 2769 bce.
760 2738 803 2771 22
823 2737 864 2768 iis
883 2736 984 2768 rebus
1002 2737 1046 2767 Β.
1202 2737 1244 2770 24
1265 2740 1366 2777 atque
1386 2746 1423 2767 eo
1442 2736 1568 2778 impetu
1586 2734 1660 2767 ΑΒ

181 2790 251 2822 01)
265 2801 307 2830 a,
330 2795 430 2832 atque
449 2790 574 2833 impetu
593 2801 622 2822 e.
764 2790 807 2821 25
827 2793 984 2820 extarent
1002 2788 1043 2820 B.
1184 2787 1227 2821 27
1247 2786 1519 2821 Casuucllaunus
1537 2788 1580 2819 B.

177 2842 218 2874 ‘20
238 2846 384 2884 quatuor
403 2841 475 2883 (B).
614 2839 762 2882 relictis]
785 2839 928 2872 retentis
948 2840 1008 2880 (c).
