1835 3240
682 167 1110 209 -109—

153 295 305 343 gestum
327 294 404 335 est,
439 285 695 325 uehementer
717 283 908 323 debilitati
931 289 1060 332 erant,
1085 289 1214 322 tamen
1237 295 1311 322 sex
1335 296 1525 325 annorum
1550 301 1639 341 spa-

154 357 206 396 tio
238 355 392 408 paulum
425 353 706 393 conualescere
738 358 978 406 potuerunt:
1015 357 1054 389 et
1076 349 1181 389 iufra
1201 347 1377 390 Rauraci
1407 365 1640 393 commemo-

150 430 302 467 rantur,
317 422 382 474 qui
405 421 555 460 finitimi
578 421 625 460 iis
648 427 761 460 erant
783 427 823 459 ct
843 434 920 459 una
942 426 1023 458 tum
1046 431 1099 457 ex
1121 418 1260 457 finibus
1283 417 1482 458 exierant.
1507 421 1561 459 At
1582 422 1640 461 his

149 489 344 530 Rauracis
368 496 406 528 et
429 487 538 528 Boiis
562 489 692 542 inepte
714 488 876 541 triginta
897 486 1003 526 milia
1025 485 1143 525 tribui
1166 485 1359 525 neminem
1384 486 1498 538 sugit3
1515 501 1641 541 neque

150 558 304 598 dubium
329 564 387 597 est
405 588 414 605 ,
449 570 534 596 cum
558 569 633 596 sex
654 555 786 605 milia,
822 569 920 608 quac
942 556 981 594 in
1003 555 1078 594 fine
1101 553 1220 593 totius
1244 555 1554 595 enumerationis
1576 570 1642 609 po-

151 626 223 665 sita
261 632 376 674 sunt,
414 625 450 664 in
485 625 593 664 nullo
626 624 759 664 codice
782 630 940 677 praeter
963 629 1147 676 quattuor
1164 622 1355 674 pessimos
1378 622 1520 676 scripta
1545 623 1639 671 sint,

152 694 242 746 quin
266 693 427 746 triginta
449 693 513 732 illa
535 692 641 732 milia
663 693 708 731 ad
734 692 917 732 ciuitates
939 689 1173 730 Armoricas
1206 690 1456 743 pertineant,
1488 689 1642 730 Raura-

154 775 286 800 corum
313 774 406 800 uero
427 768 464 800 ct
481 758 670 799 Boiorum
694 774 881 800 numerus
904 759 1114 799 exciderit.
1150 754 1253 797 Cum
1275 765 1403 798 autem
1426 758 1482 798 illi
1496 758 1644 800 Helue-

156 830 219 869 tiis
243 829 410 879 finitimi,
426 828 462 868 hi
484 828 524 867 in
547 827 722 868 Haeduis
745 828 863 881 positi
886 833 1021 867 essent
1033 826 1090 881 (b.
1107 823 1213 864 Gall.
1229 822 1262 874 I,
1277 824 1347 875 28,
1364 825 1504 876 5.Vll,
1521 826 1562 877 9,
1579 827 1640 880 (3),

151 912 228 937 non
261 904 414 951 piterat
444 911 543 935 unus
566 910 753 935 numerus
777 896 952 946 utrisque
982 893 1242 941 coniunctim,
1278 894 1344 933 sed
1367 893 1468 933 idem
1492 902 1642 935 tantum

150 966 306 1017 utrique
328 965 466 1018 populo
489 963 698 1018 separatim
718 962 918 1016 imperari.
938 960 1020 1001 Iam
1038 974 1156 1014 supra
1175 961 1307 1000 monui
1331 963 1532 1003 ordinatos
1557 977 1645 1004 esse

150 1034 313 1087 populos
336 1033 552 1073 secundum
574 1031 744 1080 numeri,
769 1044 879 1082 quem
904 1028 1160 1078 contulerint,
1187 1028 1511 1081 magnitudinem.
1536 1030 1645 1070 Rau-

149 1101 227 1141 raci
248 1102 368 1155 igitur
389 1107 429 1141 et
450 1099 538 1140 Boii
560 1107 627 1140 aut
648 1099 754 1139 mille
776 1104 868 1147 aut,
904 1098 941 1138 id
965 1098 1065 1150 quod
1089 1095 1314 1150 Stephanus
1351 1104 1389 1137 et
1408 1098 1473 1138 alii
1496 1105 1645 1138 statue-

151 1176 257 1220 runt,
283 1170 373 1209 bina
395 1169 499 1209 milia
522 1169 727 1208 dederunt.
762 1166 895 1219 Atque
918 1166 1020 1206 hunc
1042 1179 1248 1206 numerum
1270 1164 1373 1205 ratio
1396 1179 1533 1206 uerum
1557 1180 1645 1207 esse

152 1238 314 1277 euincit.
349 1235 409 1276 Ita
432 1237 551 1287 enim,
578 1236 609 1276 si
633 1233 1072 1289 proXBellouacorum
1095 1234 1252 1274 milibus
1275 1234 1350 1273 duo
1373 1234 1570 1287 ponimus,
1595 1248 1648 1274 ex

151 1305 199 1344 iis
224 1305 411 1354 numeris,
438 1319 534 1357 quos
557 1304 770 1353 effecimus,
798 1317 948 1344 summa
972 1303 1181 1343 conficitur
1202 1302 1349 1342 milium
1374 1300 1564 1349 CCLIX,
1600 1303 1645 1342 dc

155 1387 227 1424 qua
251 1379 359 1412 recte
382 1387 416 1411 c.
443 1370 513 1421 76,
539 1373 562 1411 ‘2
588 1372 662 1411 dici
686 1379 839 1425 poterat
862 1372 982 1411 fuisse
1005 1385 1087 1411 eam
1112 1371 1285 1424 equitum
1306 1368 1409 1411 VIII
1438 1369 1586 1409 milium
1609 1376 1648 1409 et

154 1440 324 1493 peditum
348 1439 508 1479 circiter
530 1436 655 1479 CCL.
690 1438 752 1478 Ad
776 1440 934 1479 nomina
957 1446 1087 1478 autem
1109 1439 1327 1478 ciuitatium
1350 1438 1648 1477 Armoricarum

155 1509 254 1560 quod
277 1508 443 1556 attinet,
476 1506 664 1546 Redones
687 1504 953 1547 Schneiderus
975 1507 1023 1546 ad
1043 1504 1096 1554 Il,
1122 1504 1191 1556 34,
1218 1505 1239 1544 1
1276 1505 1407 1545 docuit
1436 1505 1522 1544 sine
1543 1505 1648 1559 aspi-

155 1576 308 1614 ratione
337 1575 566 1615 scribcndos
599 1588 712 1624 esse,
754 1575 855 1614 idem
889 1575 936 1614 ad
969 1574 1133 1614 eundem
1166 1575 1293 1614 locum
1330 1572 1536 1623 Osismos,
1571 1587 1648 1612 non

156 1640 354 1684 Osismios
379 1639 593 1681 Caesarem
617 1642 856 1682 nominasse.
910 1641 1055 1682 Veneti
1086 1655 1182 1681 uero
1217 1641 1385 1681 eiciendi
1407 1648 1523 1691 sunt,
1550 1655 1648 1694 quos

154 1708 338 1763 Scaliger
359 1724 409 1750 ex
432 1724 502 1750 suo
526 1710 659 1750 codice
682 1709 827 1763 posuit,
852 1709 892 1748 in
916 1724 991 1764 quo
1014 1710 1070 1749 ita
1092 1715 1206 1749 erant
1228 1709 1431 1749 collocati:
1469 1708 1646 1758 ‘Veneti‚

154 1777 391 1818 Lemouices
410 1808 420 1827 ,
454 1776 619 1829 Vnelli’3
644 1777 684 1817 in
708 1777 871 1830 reliquis
895 1777 1008 1817 codd.
1035 1791 1113 1817 non
1135 1777 1334 1832 leguntur.
1383 1776 1438 1817 Et
1467 1785 1650 1831 poterant

155 1860 201 1886 eo
233 1846 356 1899 magis
388 1846 537 1892 omitti,
572 1846 671 1899 quod
705 1843 859 1886 Caesar
889 1853 1076 1899 quattuor
1096 1845 1211 1886 annis
1235 1852 1347 1886 antea
1383 1846 1488 1886 omni
1511 1852 1651 1885 senatu

155 1928 288 1953 eorum
321 1921 462 1953 necato
492 1913 667 1967 reliquos
700 1914 770 1954 sub
795 1927 938 1954 corona
964 1914 1221 1962 ucndiderat,
1247 1920 1290 1952 ut
1311 1913 1394 1967 ipse
1416 1914 1553 1953 retulit
1573 1911 1647 1963 III,

160 1980 211 2021 16
242 1988 347 2021 extr.
382 1980 498 2021 Edidi
531 1989 660 2023 autem
694 1989 817 2022 totum
850 1983 975 2022 locum
1006 1982 1085 2030 ita,
1120 1989 1163 2022 ut
1194 1981 1351 2022 codices
1384 1982 1649 2035 exprimerem

156 2063 281 2102 neque
324 2049 441 2099 uitia,
486 2050 560 2090 nisi
599 2049 662 2090 ubi
700 2050 921 2090 certissima
958 2057 1045 2090 erat
1081 2050 1301 2099 correctio,
1344 2049 1522 2089 tollerem
1537 2079 1547 2098 ,
1588 2049 1650 2089 hic

156 2117 210 2156 ita
242 2117 378 2170 posui,
414 2124 455 2157 ut
486 2131 508 2157 a
541 2116 718 2159 Caesare
752 2120 937 2172 scriptum
981 2118 1190 2159 existimo:
1227 2116 1444 2171 ‘imperant
1474 2116 1651 2157 Haeduis

154 2192 267 2237 atque
289 2199 422 2225 corum
446 2186 653 2226 clientibus
673 2218 682 2236 ,
710 2184 968 2240 Segtlsianis,
994 2185 1265 2226 Ambluaretis
1281 2217 1291 2236 ,
1319 2185 1502 2225 Aulercis
1524 2183 1652 2225 Bran-

155 2253 358 2293 nouicibus
374 2284 384 2303 ,
417 2251 657 2294 Brannouiis
673 2285 683 2301 ,
717 2255 822 2294 milia
842 2252 1037 2304 XXXV,
1071 2268 1202 2308 parem
1227 2268 1430 2294 numerum
1454 2253 1652 2294 Aruernis

157 2321 351 2361 adiunctis
374 2319 602 2362 Eleutheris
626 2320 843 2373 Cadurcis,
870 2321 1058 2373 Gabalis,
1084 2321 1281 2373 Velauiis,
1307 2323 1372 2375 qui
1395 2322 1465 2362 sub
1488 2322 1651 2375 imperio

154 2387 427 2429 Aruernorum
450 2403 537 2430 esse
561 2398 826 2439 consuerunt3
863 2389 1060 2443 Sequanis
1078 2421 1087 2439 ,
1113 2388 1361 2439 Senonibus,
1387 2388 1648 2443 Biturigibus,

159 2454 370 2507 Santonis,
397 2456 566 2498 Rutenis
583 2489 592 2507 ,
620 2456 864 2498 Carnutibus
887 2459 1066 2499 duodena
1089 2458 1224 2508 milia,
1251 2456 1477 2498 Bellouacis
1501 2456 1542 2497 X
1570 2474 1580 2508 ς
1607 2472 1651 2497 o-

160 2530 273 2564 ctona
305 2523 536 2565 Pictonibus
567 2533 607 2565 et
640 2525 816 2566 Turonis
849 2533 889 2566 et
916 2525 1083 2567 Parisiis
1107 2533 1143 2566 et
1177 2525 1650 2576 Heluetiis3An1bianis,

158 2589 486 2643 Mediomatricis,
513 2593 775 2642 petrocoriis,
798 2593 980 2644 Neruiis,
1006 2592 1193 2641 Morinis,
1217 2592 1509 2648 Nitiobrigibus
1534 2593 1651 2646 quina

161 2658 291 2708 milia,
316 2660 498 2701 Aulercis
523 2659 764 2702 Cenomanis
789 2662 973 2711 totiden13
999 2661 1259 2702 Atrebatibus
1281 2660 1364 2710 1V3
1391 2660 1651 2702 Velliocassis

162 2726 346 2777 totidem,
380 2726 659 2771 Lemouicibus
694 2738 733 2771 et
754 2730 939 2771 Aulercis
964 2728 1254 2770 Eburouicibus
1286 2737 1423 2778 terna,
1458 2728 1651 2769 Rauracis

162 2799 202 2831 rt
226 2791 332 2832 Boiis
352 2793 466 2846 bina,
499 2795 631 2837 XXX
662 2799 860 2839 uniuersis
892 2798 1141 2847 ciuitatibus,
1182 2812 1281 2850 quae
1305 2796 1508 2838 Oceanum
1532 2795 1652 2835 attin-

164 2866 256 2909 gunt
297 2874 469 2914 quaeque
513 2879 645 2905 eorum
678 2867 964 2907 consuetudine
995 2866 1231 2906 Armoricae
1263 2866 1534 2918 appellantur,
1577 2876 1651 2915 quo
