1835 3240
74 930 111 961 10

74 1269 112 1301 15

80 2286 122 2319 30

722 192 1041 235 EPISTOLAE
1615 193 1697 234 773

142 313 178 352 in
203 310 367 364 epistola
391 316 524 348 nostra
544 339 553 357 ,
589 323 637 349 ne
658 323 701 349 se
723 308 886 348 absente
909 309 1015 362 leges
1039 320 1134 346 suae
1157 306 1462 358 neglegerentur
1478 337 1489 356 ,
1524 307 1625 347 sicut

143 385 249 418 esset
270 377 449 431 neglecta
471 377 727 430 sumptuaria.

252 445 364 486 Idem
388 444 488 484 ibid.
514 443 593 494 20,
622 443 667 483 l:
711 442 748 482 A
779 442 955 483 Caesare
987 442 1140 482 litteras
1173 441 1306 495 accepi
1338 442 1625 483 consolatorias

142 515 252 554 datas
276 513 398 566 pridie
418 510 507 552 Kal.
534 510 634 550 Mai.
662 511 830 564 Hispali.

258 581 369 620 Idem
393 579 492 619 ibid.
517 577 573 618 22
595 586 705 618 extr.
725 594 734 617 :
770 576 991 630 Epistolam
1015 575 1205 617 Caesaris
1229 576 1341 627 misi,
1366 576 1399 617 si
1422 576 1549 617 minus
1572 577 1625 617 le-

142 651 284 702 gisses.

608 728 655 753 An
677 730 713 760 Q.
738 727 910 752 Tvrmvm
932 727 1163 752 CICERONEM.

257 786 313 836 (a.
340 782 412 836 59)
441 782 527 822 Cic.
554 782 611 822 ad
637 782 683 833 Q.
700 783 767 837 sr.
786 781 822 831 Ι,
846 780 888 831 2,
908 780 982 821 ll:
1017 779 1072 821 Vt
1094 781 1247 834 opinor,
1269 778 1400 820 Flauii
1421 780 1630 833 aliquando

143 867 224 892 rem
248 859 287 892 et
308 850 517 905 Pompeius
541 858 579 890 et
601 848 755 890 Caesar
777 849 844 888 tibi
868 849 1208 888 commendarunt.

256 922 314 973 (a.
341 918 414 971 54)
442 918 559 959 Caes.
587 919 624 958 b.
655 917 766 958 Gall.
795 917 853 967 V,
878 916 948 966 48,
975 916 1024 957 3:
1061 915 1162 955 Tum
1185 916 1336 955 cuidam
1361 929 1413 955 ex
1435 916 1631 969 equitibus

146 987 271 1028 Gallis
294 987 446 1040 maguis
470 987 652 1040 praemiis
675 985 900 1039 persuadet,
932 983 989 1023 uti
1011 985 1056 1024 ad
1082 982 1317 1024 Ciceronem
1340 984 1544 1037 epistolam
1567 984 1632 1024 de-

144 1058 261 1096 ferat.
298 1054 408 1095 Hanc
433 1053 600 1095 Graecis
623 1054 887 1106 conscriptam
910 1052 1053 1092 litteris
1076 1052 1216 1101 mittit,
1243 1065 1291 1091 ne
1314 1052 1529 1106 intercepta
1552 1052 1632 1106 epi·

145 1123 247 1164 stola
281 1130 415 1163 nostra
446 1122 493 1162 ab
526 1122 704 1162 hostibus
727 1120 891 1161 consilia
914 1126 1221 1172 cognoscantur.
1265 1117 1310 1158 ln
1332 1119 1475 1159 litteris
1497 1119 1635 1159 scribit

145 1207 187 1233 se
210 1207 296 1232 cum
318 1191 536 1245 legionibus
560 1191 776 1244 profectum
796 1188 979 1229 celeriter
995 1188 1118 1228 affore
1133 1203 1143 1237 ς
1161 1187 1355 1237 hortatur,
1371 1194 1412 1227 ut
1428 1186 1633 1241 pristinam

145 1261 330 1300 uirtutem
352 1260 538 1300 retineat.

650 1342 699 1367 Αι)
728 1341 877 1366 BALBVM
899 1340 945 1365 ET
967 1338 1125 1365 OPPIVM.

800 1397 857 1445 (a.
885 1394 976 1445 54.)

264 1464 352 1504 Cic.
374 1462 434 1502 ad
458 1462 591 1516 Qmsr
620 1462 678 1512 II,
702 1462 766 1512 1⁵2,
783 1462 833 1502 4:
869 1461 930 1502 De
954 1459 1129 1501 Caesare
1152 1462 1306 1513 fugerat
1328 1473 1388 1500 me
1411 1459 1458 1499 ad
1480 1466 1518 1500 te
1538 1460 1637 1500 scri-

151 1533 267 1572 bere:
293 1531 408 1571 uideo
433 1531 533 1570 enim
550 1561 560 1579 ,
587 1544 682 1583 quas
705 1537 747 1570 tu
770 1531 922 1571 litteras
946 1529 1186 1583 expectaris.
1221 1526 1300 1569 Sed
1324 1528 1387 1568 ille
1410 1528 1570 1581 scripsit
1591 1529 1638 1568 ad

152 1598 316 1640 Balbum
341 1598 569 1638 fasciculum
592 1598 698 1638 illum
722 1598 975 1652 epistolarum
993 1629 1004 1647 ,
1028 1597 1067 1637 in
1091 1612 1165 1650 quo
1189 1598 1317 1636 fuerat
1338 1610 1422 1636 inea
1446 1603 1485 1635 et
1506 1593 1635 1644 Balbi,

151 1675 271 1708 totum
295 1667 369 1706 sibi
391 1681 490 1720 aqua
513 1667 705 1707 madidum
729 1667 920 1708 redditum
945 1679 1032 1707 esse
1049 1695 1058 1712 ,
1095 1672 1136 1704 ut
1157 1679 1206 1705 ne
1226 1665 1320 1705 illud
1344 1665 1495 1717 quidem
1519 1664 1636 1715 sciat,

149 1749 274 1775 meam
300 1735 420 1775 fuisse
443 1735 611 1788 aliquam
635 1735 856 1789 epistolam.
892 1733 968 1775 Sed
993 1747 1045 1773 ex
1059 1731 1173 1773 Balbi
1198 1733 1362 1786 epistola
1379 1746 1501 1786 pauca
1518 1733 1639 1773 uerba

148 1802 417 1851 intellexerat,
443 1803 490 1842 ad
514 1817 611 1856 qnae
634 1803 842 1857 rescripsit
863 1803 922 1843 his
945 1801 1100 1842 uerbis:
1145 1799 1221 1840 ‘De
1245 1799 1441 1841 Cicerone
1463 1807 1501 1841 te
1523 1800 1639 1841 uideo

150 1871 328 1924 quiddam
358 1871 587 1924 scripsisse,
621 1871 722 1924 quod
752 1885 824 1923 ego
848 1885 926 1910 non
948 1869 1153 1918 intellexi,
1184 1876 1369 1922 quantum
1394 1875 1524 1909 autem
1547 1883 1638 1909 con-

148 1939 300 1978 iectura
335 1939 626 1991 consequebar,
660 1939 697 1978 id
721 1946 806 1979 erat
829 1938 1044 1987 eiusmodi,
1080 1944 1124 1977 ut
1146 1937 1269 1991 magis
1292 1937 1502 1991 optandum
1526 1950 1640 1990 quam

152 2006 387 2060 sperandum
421 2007 624 2060 putarem'.
669 2006 802 2046 Iocum
835 2013 966 2046 autem
995 2006 1100 2046 illius
1131 2006 1179 2046 de
1213 2019 1284 2045 sua
1315 2012 1491 2058 egestate
1514 2018 1564 2045 ne
1584 2004 1640 2044 sis

151 2081 402 2128 aspernatus.

264 2141 378 2182 Idem
401 2142 502 2182 ibid.
528 2141 622 2192 III,
651 2141 698 2192 1,
725 2140 802 2183 18:
848 2140 962 2195 Quod
993 2141 1183 2181 interiore
1213 2139 1376 2193 epistola
1407 2139 1547 2179 scribis
1579 2154 1642 2180 me

152 2209 250 2250 Idib.
279 2208 388 2264 Sept.
413 2209 598 2264 Pompeio
632 2212 799 2263 legatum
833 2211 906 2259 iri,
938 2210 976 2249 id
1006 2223 1078 2263 ego
1102 2222 1178 2248 non
1201 2207 1331 2248 audiui
1356 2208 1573 2261 scripsique
1595 2208 1643 2247 ad

155 2277 367 2320 Caesarem
393 2277 606 2319 Vibullium
631 2275 817 2318 Caesaris
848 2279 1030 2318 mandata
1053 2278 1098 2317 de
1120 2290 1206 2317 mea
1229 2276 1433 2316 mansione
1455 2276 1503 2315 ad
1524 2274 1644 2316 Pom-

155 2347 281 2401 peium
306 2346 514 2400 pertulisse
536 2360 608 2386 nec
631 2347 717 2401 [ad]
735 2344 920 2400 Oppium.
955 2342 1045 2397 Quo
1062 2345 1255 2385 consilio?
1277 2341 1541 2397 (Quamquam
1563 2341 1645 2397 Op-

157 2415 260 2467 pium
284 2429 357 2468 ego
380 2414 525 2466 tenui.)
549 2412 663 2466 Quod
687 2414 840 2467 priores
864 2420 994 2467 partes
1014 2412 1175 2454 Vibullii
1199 2420 1327 2453 erant.
1354 2408 1454 2451 Cum
1477 2425 1524 2451 eo
1541 2410 1643 2452 enim

157 2496 285 2522 coram
311 2481 463 2523 Caesar
486 2490 639 2536 egerat,
665 2484 710 2522 ad
735 2481 902 2536 Oppium
926 2482 1155 2535 scripserat.

305 2637 314 2669 l
331 2638 475 2679 epistola
495 2639 624 2681 nostra]
638 2639 757 2670 Minus
776 2641 870 2669 reete
886 2637 1076 2668 Selziitzz'us
1093 2636 1279 2679 epistolam
1298 2635 1482 2666 Ciceronis
1498 2633 1546 2664 acl
1559 2634 1645 2665 Cae-

157 2699 273 2720 sarem
293 2689 334 2720 cle
350 2691 533 2730 republica
552 2693 722 2733 scriptam
738 2714 748 2730 ,
767 2689 831 2721 sed
847 2699 917 2720 uon
936 2690 1080 2720 missam
1102 2687 1173 2726 (od
1189 2688 1266 2719 Att.
1287 2686 1374 2725 A‘ll,
1396 2686 1457 2723 40,
1475 2686 1508 2715 2.
1530 2684 1567 2715 51
1583 2709 1590 2723 ‚
1609 2685 1643 2718 2.

157 2740 323 2781 X[[[,21‚
347 2742 357 2773 1
379 2741 446 2779 al.)
466 2742 679 2784 intellegere
698 2741 854 2773 uidetur.
1040 2739 1154 2779 eleges
1174 2748 1215 2769 ue
1235 2741 1272 2769 et
1287 2747 1379 2769 corr.
1402 2737 1494 2775 leges
1513 2745 1554 2765 ue
1574 2734 1645 2766 Me-

159 2793 292 2825 dicens.
446 2794 464 2826 3
485 2794 620 2827 litteras
639 2792 912 2834 consolatorias]
934 2792 974 2823 (le
993 2792 1092 2823 obilu
1116 2790 1266 2822 Tulliae.
1418 2787 1460 2820 ,20
1480 2796 1555 2818 inea
1573 2786 1647 2818 Me-

161 2846 293 2886 diceus,
315 2850 350 2877 et
367 2855 441 2877 inea
460 2846 536 2878 edd.
691 2846 731 2878 31
753 2846 795 2876 ad
813 2845 962 2876 seclusit
982 2843 1150 2875 Orellius.
1302 2841 1345 2873 32
1362 2838 1501 2871 Vibullii
1522 2838 1648 2870 Manu-

162 2900 247 2938 tius,
270 2898 380 2929 Bibuli
401 2897 500 2929 codd.
639 2898 681 2929 33
699 2896 828 2929 Caesar
845 2896 1044 2936 Manutius,
1068 2894 1218 2926 Caesare
1237 2892 1337 2925 codd.
