1835 3240
715 184 941 225 -34

177 305 379 349 urbanitas
401 304 709 351 desideraretur,
733 298 935 340 doctrinae
957 295 1069 349 copia
1090 294 1301 335 efficiebat.
1336 293 1392 334 Et
1421 301 1551 335 tamen
1582 293 1654 335 Hi-

176 375 386 429 spaniensc
408 380 515 413 certe
537 372 678 411 bellum
703 381 778 407 non
802 363 997 405 Varronis
1020 362 1178 416 scriptis
1194 391 1204 409 ‚
1230 362 1298 401 scd
1321 360 1504 403 Vitruuio
1526 363 1654 416 potius

175 441 476 495 comparandum
501 445 575 479 est.
613 435 748 487 Itaque
770 433 862 473 mibi
885 431 1037 485 quidem
1060 428 1384 469 uerisimillimum
1407 430 1563 470 uidetur
1585 431 1656 469 hos

175 510 297 550 libros
320 508 365 547 ab
389 505 586 547 inferioris
610 499 852 543 condicionis
877 497 1096 538 hominibus
1118 497 1288 550 scriptos
1310 509 1415 536 esse.
1448 497 1581 552 Atque
1601 504 1658 537 ta-

175 578 202 618 li
224 576 370 617 homini
393 582 432 615 et
462 571 668 612 immodica
699 575 814 619 atque
847 566 991 606 inscita
1021 564 1350 618 Pompeianorum
1381 564 1654 616 reprehensio,

177 645 436 685 uehementer
456 640 521 680 illa
544 638 590 678 ab
614 636 744 676 Hirtio
767 633 919 685 aliena,
942 640 1145 687 postquam
1168 646 1246 672 una
1269 645 1356 671 cum
1387 631 1565 684 reliquiis
1598 631 1658 672 ui-

177 718 327 753 ctarum
351 708 516 762 partium
546 703 823 757 rempublicam
854 701 1176 749 administrabat,
1211 706 1252 739 et
1279 698 1437 739 curiosa
1467 698 1659 738 honorum

177 778 325 819 notatio
348 773 559 822 conuenit,
585 785 684 827 quae
706 771 745 810 in
766 771 891 810 altero
913 769 1075 809 meliore
1098 766 1380 808 commentario
1403 765 1661 819 deprehendi-

176 859 277 886 mus.
322 841 432 894 Quae
453 847 582 880 autem
607 837 816 892 peculiaris
838 837 976 876 borum
998 835 1199 875 hominum
1221 833 1399 874 condicio
1422 833 1566 883 fuerit,
1601 833 1661 873 ni-

176 912 228 952 bil
251 920 396 952 temere
419 906 725 956 affirmauerim,
760 918 908 958 neque,
942 904 1043 956 quod
1074 902 1262 943 inferiore
1285 901 1516 942 condicione
1538 900 1660 940 fuisse

175 979 259 1019 dixi
275 1009 285 1028 ,
317 991 431 1030 quam
453 975 518 1028 qui
540 975 580 1014 in
604 972 909 1013 familiaritatem
932 978 1050 1024 atque
1073 969 1397 1010 consuetudinem
1419 981 1659 1008 summorum

173 1046 214 1087 in
237 1044 433 1098 republica
456 1042 628 1081 uirorum
653 1039 863 1094 peruenire
885 1038 1107 1092 potuerint,
1144 1036 1350 1092 gregarios
1373 1034 1515 1076 milites
1538 1033 1659 1074 fuisse

173 1113 319 1153 iudico.
362 1110 468 1152 Nam
492 1110 682 1149 militares
705 1107 856 1160 quidem
881 1106 1057 1146 homines
1087 1105 1209 1145 fuisse
1233 1112 1272 1145 et
1291 1103 1367 1157 ipsi
1389 1101 1661 1143 commentarii

175 1181 341 1226 docent,
376 1185 414 1218 et
437 1179 482 1217 de
505 1176 595 1217 belli
616 1174 894 1229 Hispaniensis
917 1172 1112 1227 scriptore
1135 1186 1181 1212 ea
1202 1185 1267 1211 res
1288 1171 1410 1224 ipsius
1434 1170 1660 1211 testimonio

174 1253 330 1288 constat
351 1243 459 1298 (26,
491 1243 559 1293 6).
602 1242 658 1282 At
679 1242 872 1296 quomodo
895 1242 1039 1281 factum
1062 1247 1148 1289 est,
1183 1246 1225 1279 ut
1249 1239 1439 1280 eiusmodi
1462 1237 1660 1277 hominum

177 1315 315 1356 sordes
338 1328 423 1353 cum
446 1310 634 1353 Caesaris
657 1309 854 1361 Hirtiique
877 1308 1035 1362 scriptis
1065 1306 1431 1360 coniungerentur?
1476 1304 1660 1346 Vidimus

175 1382 351 1422 Hirtium
374 1378 676 1420 commentarios
710 1376 1012 1429 occupatissimo
1036 1382 1210 1429 tempore
1232 1374 1407 1414 scribere
1428 1386 1661 1427 aggressum

176 1463 280 1490 esse.
323 1447 430 1489 Num
463 1446 583 1500 igitur
611 1444 867 1498 improbabile
899 1443 1116 1492 uidebitur,
1150 1442 1185 1482 si
1216 1455 1303 1482 eum
1333 1440 1381 1480 ad
1409 1440 1662 1480 minuendum

176 1517 365 1566 laborem,
390 1513 622 1569 praesertim
645 1527 731 1552 cum
748 1511 940 1551 Africano
958 1510 1059 1551 bello
1077 1524 1155 1550 non
1176 1509 1436 1558 interfuisset,
1460 1508 1534 1548 sibi
1557 1521 1662 1548 com-

175 1584 392 1625 mentarios
414 1581 460 1622 ab
482 1581 569 1621 aliis
592 1579 791 1620 faciendos
814 1590 976 1617 curasse
999 1577 1187 1626 dicemus,
1212 1577 1314 1616 unde
1335 1577 1419 1629 ipsc
1439 1589 1504 1616 res
1526 1582 1661 1628 gestas

173 1652 214 1692 in
237 1651 318 1691 suis
342 1648 633 1689 commentariis
656 1645 934 1698 componendis
956 1644 1135 1697 peteret?
1183 1642 1240 1682 At
1271 1643 1461 1683 eiusmodi
1493 1642 1660 1682 consilio

176 1726 259 1759 tota
282 1718 417 1757 borum
440 1716 629 1755 librorum
660 1714 786 1753 forma
816 1712 960 1764 optime
991 1710 1217 1763 respondet.
1262 1708 1422 1750 Summa
1455 1710 1661 1763 diligentia

175 1786 216 1826 in
239 1783 458 1825 referendis
480 1782 598 1822 rebus
620 1781 768 1835 gestis,
803 1778 987 1832 temporis
1017 1778 1111 1817 ordo
1142 1785 1326 1817 accurate
1358 1785 1540 1816 seruatus
1572 1777 1661 1817 huic

176 1853 234 1894 rei
256 1851 456 1906 aptissima
480 1851 653 1890 fuerunt.
695 1846 839 1900 Neque
861 1845 1109 1899 elegantibus
1139 1844 1359 1884 bominibus
1391 1845 1437 1884 ad
1471 1858 1555 1884 eam
1577 1858 1660 1884 rem

177 1933 273 1973 opus
296 1925 382 1959 erat
403 1921 512 1969 (nam
534 1924 657 1956 artem
680 1913 937 1969 ipse'Hirtius
960 1919 1046 1953 erat
1067 1912 1294 1963 allaturus),
1320 1912 1387 1951 sed
1411 1912 1476 1964 qui
1498 1918 1566 1951 aut
1586 1911 1661 1965 ipsi

176 1987 296 2027 rebus
318 1985 501 2039 gerendis
522 1983 799 2024 interfuissent
820 1988 886 2021 aut
906 1981 946 2020 in
969 1980 1237 2034 percontando
1270 1993 1291 2018 a
1314 1979 1452 2032 peritis
1474 1979 1660 2019 euoluen-

179 2054 314 2106 disque
335 2052 501 2101 litteris,
536 2052 570 2091 si
603 2064 703 2106 quae
735 2051 781 2089 de
805 2049 864 2088 his
887 2048 1004 2088 rebus
1027 2047 1244 2094 extabant,
1276 2046 1510 2085 industriam
1543 2052 1660 2097 atque

178 2120 421 2174 diligentiam
462 2118 708 2159 adhiberent.
761 2116 842 2156 Alii
874 2123 1002 2155 autem
1036 2114 1181 2154 bomini
1221 2113 1363 2153 bellum
1405 2111 1656 2162 Africanum,

178 2189 244 2229 alii
261 2187 524 2241 Hispaniense
547 2185 865 2239 perscribendum
888 2182 1146 2222 mandabatur
1167 2181 1252 2222 siue
1274 2181 1321 2222 ad
1343 2179 1573 2219 conficiendi
1597 2193 1661 2219 ce—

178 2255 374 2296 leritatem
398 2254 481 2293 siue
504 2252 594 2304 quia
616 2251 802 2291 eiusmodi
827 2250 1003 2290 homines
1037 2249 1351 2302 quaerebantur,
1387 2247 1452 2299 qui
1480 2260 1545 2286 res
1576 2246 1661 2300 geri

178 2323 384 2363 uidissent.
419 2319 523 2360 Nam
547 2320 620 2360 etsi
642 2318 812 2371 scriptor
833 2318 974 2371 prioris
998 2317 1086 2357 libri
1109 2316 1205 2356 nihil
1226 2314 1415 2355 eiusmodi
1438 2314 1483 2353 de
1505 2326 1548 2352 se
1571 2327 1662 2368 pro-

179 2391 291 2439 didit,
318 2396 447 2429 tamcn
469 2388 566 2426 adeo
588 2393 771 2426 accurate
793 2385 855 2424 uel
879 2384 1003 2437 spatia
1026 2383 1210 2437 temporis
1234 2389 1351 2435 atque
1372 2381 1581 2420 interualla
1604 2381 1661 2420 lo-

181 2471 315 2498 corum
339 2455 475 2504 nouit,
511 2461 554 2494 ut
582 2467 668 2493 eum
691 2453 730 2491 in
753 2452 934 2493 exercitu
958 2452 1078 2491 fuisse
1100 2450 1271 2489 maxime
1293 2448 1506 2488 uerisimile
1528 2449 1660 2488 uidea-

181 2533 259 2566 tur.
303 2523 444 2576 ltaque
466 2536 552 2562 cum
570 2519 723 2560 Hirtius
747 2520 897 2559 duobus
920 2517 1210 2558 commentariis
1234 2515 1425 2556 confectis
1448 2523 1573 2556 morte
1595 2530 1660 2556 oc—

180 2599 344 2646 cupatus
367 2597 498 2638 esset,
532 2589 603 2628 bos
626 2588 721 2627 duos
744 2587 790 2626 de
812 2586 912 2625 bello
933 2584 1125 2625 Africano
1148 2591 1187 2623 et
1214 2582 1469 2636 Hispaniensi
1491 2583 1595 2623 inter
1615 2584 1661 2623 li-

179 2660 272 2700 bros
304 2658 389 2699 eius
410 2657 593 2697 inuentos
615 2654 777 2707 reliquis
809 2654 983 2693 adiectos
1015 2666 1105 2692 esse
1137 2658 1252 2704 atque
1281 2651 1336 2690 ita
1366 2657 1488 2690 totum
1519 2664 1660 2705 eorpus

181 2725 550 2768 commentariorum
574 2723 716 2763 editum
739 2721 940 2762 existimo.

297 2790 616 2833 Commentarios
638 2796 764 2830 autem
790 2789 859 2828 bos
881 2788 1002 2828 libros
1024 2800 1047 2827 a
1068 2784 1245 2827 Caesare
1266 2785 1434 2837 itemque
1459 2784 1505 2824 ab
1529 2783 1661 2825 Hirtio

183 2875 272 2902 esse
292 2859 504 2914 inscriptos
526 2857 752 2899 testimonio
774 2863 930 2897 constat
953 2852 1160 2896 Ciceronis
1181 2852 1296 2894 Brut.
1320 2852 1391 2903 75,
1415 2851 1513 2904 262,
1538 2851 1660 2893 Hirtii
