1835 3240
730 176 1125 218 —70—

180 289 220 329 b.
245 289 322 330 eiu.
346 288 379 340 I,
405 289 472 340 14,
495 290 524 331 2
547 287 716 330 ‘Caesar
737 290 838 330 enim
861 290 1074 330 aduentare
1096 290 1328 343 iamiamque
1350 299 1389 331 et
1411 290 1549 331 adesse
1571 291 1657 331 eius

180 358 332 410 equites
356 357 453 398 salso
487 356 790 398 nuntiabantur'
823 357 920 398 mira
953 358 1169 411 pertinacia
1199 358 1445 411 grammatici
1477 358 1551 398 sibi
1583 358 1657 412 ipsi

178 424 400 464 illuserunt.
447 424 586 464 Altero
608 424 709 463 enim
732 424 818 464 1000
841 425 926 476 quis
949 439 1025 464 non
1048 426 1154 464 uidet
1174 425 1395 465 rectissime
1416 425 1539 479 ipsum
1556 424 1658 465 Cae-

179 505 309 532 sarem
331 491 422 542 (hoe
445 499 501 532 est
525 506 610 531 eum
632 492 870 545 legionibus)
893 492 1024 531 statim
1046 493 1304 532 aduenturum
1328 492 1418 541 dici,
1444 493 1656 544 equitatum

179 566 325 608 autem,
350 559 413 612 qui
437 560 670 612 praecedere
691 572 830 612 agmen
851 558 967 606 solet,
993 558 1159 597 adesse?
1181 564 1219 596 et
1240 557 1371 610 priore
1399 566 1574 611 apertum
1599 566 1659 600 est

181 626 517 679 ‘nonnumquam'
552 625 704 678 utrique
736 625 909 664 membro
942 637 1145 663 commune
1168 637 1271 663 esse.
1335 622 1449 675 Quod
1472 626 1556 665 lieri
1579 641 1656 667 non

176 707 294 747 posse
316 691 598 734 Schneiderum
620 692 718 732 locis
740 692 965 744 quibusdam
989 691 1181 739 collectiS,
1207 690 1345 743 quibus
1368 691 1469 731 idem
1487 693 1659 732 uocabu-

176 760 255 800 lum
277 762 324 802 ad
357 761 462 814 prius
495 766 644 799 tantum
675 759 889 798 membrum
920 758 1114 811 pertinet,
1146 771 1189 797 se
1212 759 1398 811 probasse
1421 765 1558 812 putare
1580 774 1658 800 non

177 827 370 868 arbitror:
398 828 430 867 si
453 827 618 879 putauit,
646 839 723 865 11οη
745 840 830 866 511111
853 826 1030 878 equidem
1052 827 1150 866 adeo
1171 826 1328 880 ineptus
1343 857 1354 876 ,
1385 833 1428 866 ut
1459 827 1499 866 in
1523 840 1565 867 re
1586 841 1658 867 no-

176 895 329 936 tissima
351 894 529 947 exempla
552 893 748 946 colligam.
784 891 863 944 Qui
880 893 998 941 idem,
1025 908 1108 933 cum
1121 894 1391 947 gradationem
1406 894 1658 947 impedimen-

176 968 216 1002 to
239 975 326 1001 esse
349 961 418 1010 ait,
444 975 519 1013 quo
541 960 669 1000 minus
686 960 808 1000 uerba
832 961 1075 1001 ‘subsistere'
1099 968 1138 1002 et
1162 961 1387 1002 ‘lacessere'
1411 963 1545 1016 copula
1565 977 1657 1002 con-

174 1029 401 1082 iungantur,
427 1028 515 1080 quid
539 1029 658 1068 faciet
679 1028 868 1068 extremis
893 1028 1023 1069 uerbis
1046 1043 1080 1069 0.
1105 1028 1159 1069 23
1191 1034 1374 1069 ‘nostros
1397 1044 1417 1069 a
1440 1030 1657 1070 nouissimo

174 1096 331 1150 agmine
352 1096 505 1148 insequi
527 1109 572 1134 ae
594 1096 791 1135 lacessere
821 1096 1076 1149 coeperunt'?
1118 1094 1230 1148 Quae
1261 1104 1392 1137 autem
1416 1098 1462 1138 de
1483 1097 1521 1137 b.
1548 1096 1654 1138 Gall.

174 1161 281 1214 VII,
315 1161 367 1204 65
384 1193 394 1212 ,
429 1162 454 1202 5
476 1163 676 1217 leguntur,
714 1163 832 1203 etiam
853 1163 941 1203 aliis
964 1164 1011 1203 de
1033 1165 1162 1204 causis
1186 1172 1370 1218 corrupta
1392 1164 1656 1205 existimanda

173 1237 281 1281 sunt,
307 1231 352 1271 de
374 1230 512 1284 quibus
533 1244 606 1270 suo
627 1231 713 1271 loco
736 1231 901 1272 dicetur.
935 1229 1013 1271 Sed
1035 1238 1073 1270 ut
1096 1232 1143 1271 ad
1165 1232 1291 1272 locum
1315 1233 1361 1273 de
1381 1232 1420 1271 b.
1447 1230 1551 1272 Gall.
1575 1230 1653 1282 Ill,

170 1296 241 1348 20,
266 1299 308 1348 2,
333 1311 445 1352 quem
468 1311 591 1352 paene
613 1298 847 1349 dimisimus,
871 1305 1068 1349 reuertar,
1094 1296 1332 1339 ciacconius
1354 1299 1451 1339 uidit
1473 1306 1657 1353 corrupta

172 1379 261 1406 esse
283 1366 378 1406 baec
401 1366 547 1406 uerba:
575 1366 689 1406 ‘uiris
713 1367 880 1407 fortibus
902 1365 1053 1406 Tolosa
1075 1373 1113 1407 et
1133 1365 1339 1415 Narbone,
1368 1380 1466 1421 quae
1488 1374 1580 1407 sunt
1601 1368 1656 1407 ci-

168 1435 314 1475 uitates
337 1433 490 1475 Galliae
519 1433 746 1487 prouinciae
777 1434 986 1484 finitimae,
1020 1447 1072 1474 ex
1094 1433 1152 1473 his
1174 1433 1403 1487 regionibus
1426 1434 1654 1474 nominatim

171 1502 374 1542 euocatis'.
418 1500 557 1554 Itaque
580 1501 708 1542 deleta
730 1501 1020 1555 praepositione
1054 1502 1153 1542 ‘ex’
1184 1501 1239 1541 ita
1263 1502 1357 1541 baec
1379 1502 1654 1542 constituenda

169 1569 295 1610 dixit:
323 1570 436 1609 ‘uiris
460 1568 624 1609 fortibus
648 1568 798 1609 Tolosa
821 1576 860 1608 et
879 1567 1094 1618 Narbone,
1120 1583 1220 1621 quae
1241 1576 1331 1608 sunt
1353 1569 1535 1610 ciuitates
1559 1568 1653 1610 Gat-

167 1636 245 1677 liae
265 1636 494 1690 prouinciae
516 1637 701 1677 finitimae
724 1636 784 1676 his
805 1636 1050 1690 regionibus,
1076 1636 1304 1676 nominatim
1323 1637 1527 1676 euocatis'.
1563 1635 1652 1689 Qua

170 1704 444 1744 emendatione
474 1704 570 1744 nibil
603 1703 770 1758 cogitari
801 1703 935 1743 uerius
967 1710 1112 1757 potest.
1177 1701 1443 1742 Schneiderus
1473 1704 1650 1743 codicum

167 1770 385 1825 scripturae
408 1772 624 1825 patrocinio
646 1778 828 1825 suscepto
850 1771 1042 1811 ablatiuos
1069 1770 1244 1810 ‘Tolosa
1268 1778 1306 1810 et
1326 1769 1540 1811 Narbone'
1573 1786 1651 1812 11011

169 1852 257 1878 011111
279 1839 485 1892 participio
512 1839 716 1879 ‘euocatis'
740 1838 1032 1892 eoniungendos
1055 1852 1157 1887 esse,
1184 1839 1252 1877 sed
1278 1838 1401 1878 ‘uiros
1424 1840 1548 1879 fortes
1569 1838 1650 1879 To-

167 1906 252 1946 losa
274 1913 313 1946 et
332 1905 546 1946 Narbone'
570 1906 645 1946 dici
669 1907 870 1946 contendit
892 1913 934 1946 ut
956 1904 1169 1945 Tolosates
1193 1912 1232 1945 et
1250 1904 1563 1955 Narbonenses,
1597 1907 1650 1947 ci-

168 1973 312 2013 uitates
334 1980 462 2013 autem
487 1973 573 2014 illas
594 1973 834 2027 Aquitaniae
856 1973 1040 2013 finitimas
1075 1973 1148 2012 dici
1174 1986 1241 2026 per
1262 1987 1304 2012 se
1325 1974 1499 2027 intellegi
1524 1981 1646 2028 putat.

168 2038 246 2081 Sed
269 2054 394 2093 neque
418 2041 489 2080 1100
525 2055 658 2081 uerum
691 2049 777 2088 est,
816 2049 855 2081 et
877 2041 1052 2080 homines
1073 2039 1282 2080 Tolosates
1305 2048 1344 2080 et
1364 2039 1649 2081 Narbonenses

168 2114 354 2148 euocatos
377 2107 450 2147 dici
475 2122 525 2149 ex
550 2109 763 2161 Aquitania
785 2109 905 2161 (aliae
928 2109 1028 2148 0111111
1055 2113 1064 2131 ‘
1081 2108 1152 2147 hae
1175 2108 1378 2162 regiones'
1403 2109 1473 2148 hoc
1497 2115 1583 2159 est,
1607 2109 1646 2148 in

167 2175 306 2231 quibus
330 2172 501 2216 Crassus
534 2183 640 2227 erat,
674 2176 849 2229 intellegi
883 2190 960 2215 non
992 2183 1185 2228 possunt)
1220 2176 1332 2229 plane
1364 2176 1538 2229 ineptum
1571 2183 1645 2216 est.

165 2241 272 2282 Nam
295 2246 380 2294 quis
404 2243 517 2283 homo
539 2244 636 2284 satis
659 2244 811 2297 quidem
834 2257 955 2283 sanus
986 2257 1053 2283 eos
1086 2257 1137 2283 ex
1159 2242 1372 2296 Aquitania
1404 2244 1531 2297 potius
1555 2259 1648 2284 con-

167 2317 373 2357 uoeasset,
406 2310 471 2350 ubi
504 2318 559 2351 tot
582 2312 703 2352 fuisse
719 2341 728 2358 ,
759 2317 802 2351 ut
822 2309 994 2351 Crassus
1018 2324 1151 2350 eorum
1174 2311 1323 2351 auxilio
1345 2311 1473 2351 iuuari
1496 2318 1645 2365 posset,

167 2391 216 2417 ne
238 2378 423 2418 credibile
445 2379 596 2430 quidem
621 2386 695 2429 est,
721 2393 833 2431 quam
857 2392 909 2418 ex
929 2378 1022 2432 ipsis
1045 2379 1286 2428 ciuitatibus,
1312 2392 1412 2431 quae
1436 2385 1475 2418 et
1492 2379 1649 2431 propin-

169 2458 267 2497 quae
290 2452 405 2485 erant
435 2453 473 2485 et
503 2460 657 2486 omnem
687 2447 835 2500 copiam
867 2446 1133 2499 praebebant?
1191 2446 1321 2486 Aliam
1353 2446 1546 2485 rationem
1569 2443 1644 2485 al.

166 2510 240 2552 Fr.
266 2510 471 2552 Gronouio
493 2512 538 2552 ad
554 2511 648 2552 Liu.
672 2511 814 2562 XXV,
839 2513 893 2554 27
916 2514 1171 2567 propositam,
1198 2514 1261 2566 qui
1284 2513 1500 2553 orationem
1523 2526 1648 2552 enun-

170 2580 266 2620 tiato
287 2580 456 2620 relatIuo
477 2581 735 2635 interruptam
760 2581 891 2621 uerbis
926 2589 935 2605 ‘
952 2595 1002 2621 ex
1025 2581 1083 2621 his
1106 2580 1352 2634 regionibus'
1384 2579 1648 2634 redintegrari

169 2648 445 2699 existimabat,
481 2649 528 2689 ob
560 2649 790 2689 breuitatem
815 2648 1007 2689 enuntiati
1029 2648 1226 2689 interiecti
1248 2655 1355 2688 recte
1379 2646 1646 2688 Schneiderus

167 2714 418 2769 improbauit.
461 2714 540 2757 Sed
562 2717 663 2770 quod
683 2722 816 2770 putat,
849 2717 882 2756 si
903 2716 1025 2769 ipsius
1048 2716 1268 2766 sententia,
1306 2730 1418 2769 quam
1449 2716 1562 2755 modo
1584 2728 1648 2755 re-

169 2783 307 2833 futaui,
331 2796 410 2823 non
431 2783 678 2838 probaretur,
703 2783 883 2824 ablatiuis
909 2783 1076 2825 ‘Tolosa
1098 2792 1137 2824 et
1161 2783 1373 2825 Narbone'
1395 2784 1520 2824 locum
1545 2782 1648 2823 desi-

168 2851 283 2904 gnari
304 2864 420 2906 posse
435 2881 446 2901 ‚
479 2852 582 2894 unde
602 2852 757 2893 litterae
780 2865 801 2892 a
824 2849 973 2893 Crasso
995 2852 1139 2894 missae
1161 2859 1309 2903 essent,
1335 2859 1404 2893 aut
1427 2856 1437 2875 ‘
1453 2850 1646 2892 Tolosae’
