1835 3240
82 164 165 207 376
606 164 680 206 DE
712 163 902 207 BELLO
934 164 1186 209 GALLICO

111 277 138 318 6
159 278 349 331 spicatur.
393 276 493 317 Erat
512 279 642 333 magni
665 278 825 332 periculi
848 292 913 318 res
937 277 1098 318 tantulis
1121 279 1242 333 copiis
1265 279 1397 333 iniquo
1418 280 1505 320 loeo
1528 280 1639 321 dimi-

160 359 278 397 care3
302 353 398 397 tum,
424 346 605 399 quoniam
629 346 832 385 obsidione
854 345 1062 385 liberatum
1077 343 1312 386 Ciceronem
1325 348 1488 398 sciebat,
1514 362 1638 401 aequo

161 414 291 454 animo
312 413 585 454 remittendum
610 414 655 452 de
678 414 881 452 celeritate
904 413 1191 453 existumabat:
1217 415 1394 454 consedit
1424 423 1488 465 et,
1525 430 1637 469 quam

110 480 138 521 7
159 481 398 534 aequissimo
420 482 507 521 loco
530 486 681 532 potest,
715 486 849 520 castra
881 480 1095 520 communit
1124 488 1239 534 atque
1271 481 1389 532 haec,
1421 484 1493 523 etsi
1525 490 1639 523 erant

158 549 301 602 exigua
324 562 394 601 per
414 561 472 594 se,
496 547 565 586 uix
587 547 783 587 hominum
808 548 953 588 milium
984 555 1129 601 septem
1154 549 1385 602 praesertim
1409 551 1526 590 nullis
1548 565 1630 590 cum

156 616 448 670 inpedimentis,
475 622 604 654 tamen
627 615 819 669 angustiis
842 616 1010 666 uiarum,
1036 630 1149 669 quam
1175 616 1345 656 maxime
1367 623 1518 669 potest,
1544 632 1637 658 con-

156 685 291 733 trahit,
318 697 364 723 eo
387 682 569 733 consilio,
596 683 694 722 utin
715 697 904 723 summam
928 684 1256 737 contemptionem
1281 684 1457 724 hostibus
1486 685 1633 725 ueniat.

109 751 136 792 8
156 750 318 792 Interim
350 750 664 804 speculatoribus
697 751 738 790 in
770 764 905 791 omnes
937 759 1068 805 partes
1102 752 1273 792 dimissis
1305 752 1514 804 explorat,
1561 766 1636 805 quo

81 819 141 864 50
165 817 477 859 commodissime
498 817 640 858 itinere
659 819 798 858 uallem
813 820 982 859 transire
995 820 1132 873 possit.
1169 818 1231 859 Eo
1254 819 1314 859 die
1337 819 1508 872 paruulis
1521 833 1638 873 eque-

157 887 304 926 stribus
327 885 487 940 proeliis
518 886 565 926 ad
597 900 736 939 aquam
770 887 880 926 sactis
915 888 1071 941 utrique
1093 901 1182 928 sese
1204 901 1274 927 suo
1297 887 1385 927 loco
1407 887 1634 927 continent:

107 954 134 994 2
157 953 276 1004 Galli,
301 954 401 1007 quod
424 954 633 1008 ampliores
657 954 805 1007 copias,
831 969 929 1007 quae
952 956 1120 995 nondum
1144 963 1428 1005 conuenerant,
1454 962 1637 1008 expecta-

107 1021 132 1062 3
154 1022 273 1072 bant3
307 1020 485 1072 Caesar,
519 1022 552 1061 si
588 1023 688 1062 forte
710 1022 862 1062 timoris
886 1022 1135 1063 simulatione
1157 1024 1290 1064 hostes
1311 1024 1351 1063 in
1374 1037 1484 1063 suum
1508 1023 1636 1063 locum

154 1091 298 1130 elicere
320 1097 476 1143 posset,
511 1097 553 1129 ut
575 1090 673 1130 citra
696 1090 837 1130 uallem
861 1105 930 1144 pro
953 1091 1093 1131 castris
1117 1092 1263 1145 proelio
1287 1092 1568 1138 contenderet,
1602 1091 1636 1130 si

152 1158 190 1198 id
213 1158 365 1198 efficere
388 1172 464 1197 non
489 1164 644 1210 posset,
679 1165 723 1197 ut
753 1159 970 1211 exploratis
1003 1159 1208 1199 itineribus
1241 1159 1392 1199 minore
1422 1173 1508 1198 cum
1533 1159 1635 1212 peri-

105 1225 132 1265 4
154 1226 241 1266 culo
263 1226 403 1265 uallem
428 1225 632 1277 riuumque
655 1225 861 1265 transiret.
915 1224 1044 1265 Prima
1069 1226 1156 1267 luce
1179 1226 1345 1266 bostium
1369 1226 1566 1279 equitatus
1589 1226 1636 1266 ad

104 1291 129 1333 5
153 1300 285 1333 castra
308 1293 460 1333 accedit
482 1293 748 1346 proeliumque
771 1307 857 1332 eum
880 1293 1027 1333 nostris
1051 1294 1245 1347 equitibus
1267 1294 1489 1333 committit.
1533 1290 1637 1333 Cae—

151 1375 218 1401 sar
239 1361 420 1400 consulto
444 1360 595 1412 equites
628 1361 768 1400 cedere
799 1374 919 1413 seque
940 1361 979 1400 in
1003 1369 1128 1401 castra
1152 1362 1330 1415 recipere
1351 1361 1485 1410 iubet,
1519 1360 1636 1401 simul

152 1442 204 1470 ex
227 1428 405 1468 omnibus
438 1427 614 1482 partibus
647 1435 779 1468 castra
800 1429 939 1469 altiore
963 1429 1064 1468 uallo
1087 1429 1227 1468 muniri
1252 1437 1461 1482 portasque
1484 1428 1635 1468 obstrui

152 1503 269 1549 atque
291 1496 331 1536 in
355 1496 414 1536 his
438 1496 755 1536 administrandis
776 1497 894 1537 rebus
918 1511 1030 1550 quam
1054 1498 1225 1537 maxime
1241 1496 1469 1537 concursari
1493 1504 1635 1537 etcum

75 1564 126 1609 51
149 1564 397 1604 simulatione
419 1564 482 1618 agi
506 1565 658 1604 timoris
682 1564 803 1605 iubet.
863 1563 1015 1618 Quibus
1038 1565 1217 1605 omnibus
1239 1565 1357 1605 rebus
1381 1565 1513 1605 hostes
1534 1564 1636 1604 inui-

102 1631 130 1673 2
151 1632 221 1672 tati
244 1631 374 1685 copias
398 1632 608 1672 traducunt
629 1633 829 1686 aciemque
851 1634 983 1686 iniquo
1006 1634 1090 1673 loco
1114 1633 1374 1682 constituunt,
1401 1633 1547 1672 nostris
1567 1646 1635 1673 ue-

150 1714 195 1740 ro
218 1700 335 1740 etiam
359 1700 404 1740 de
436 1700 539 1740 uallo
572 1701 747 1741 deductis
770 1701 928 1756 propius
951 1701 1142 1741 accedunt
1164 1709 1204 1741 et
1226 1701 1300 1740 tela
1324 1700 1429 1740 intra
1451 1701 1635 1741 munitio-

103 1766 128 1807 3
151 1781 237 1808 nem
261 1781 313 1807 ex
344 1767 523 1808 omnibus
555 1769 729 1822 partibus
760 1769 961 1809 coniciunt
990 1768 1330 1823 praeconibusque
1351 1768 1633 1809 circummissis

150 1835 397 1889 pronuntiari
418 1835 568 1886 iubent,
595 1850 664 1877 seu
687 1836 772 1889 quis
790 1835 927 1877 Gallus
950 1851 1020 1877 seu
1041 1836 1245 1877 Romanus
1268 1837 1363 1877 uelit
1383 1844 1474 1877 ante
1497 1837 1632 1877 horam

150 1902 307 1942 tertiam
330 1903 378 1943 ad
401 1917 444 1944 se
466 1904 664 1954 transire,
699 1904 785 1945 sine
816 1905 991 1958 periculo
1014 1906 1158 1955 licere,
1194 1912 1282 1959 post
1311 1904 1349 1944 id
1380 1912 1533 1958 tempus
1555 1918 1635 1944 non
1690 1923 1694 1930 =

102 1970 128 2010 4
151 1971 236 2011 fore
258 1978 520 2024 potestatem:
555 1987 601 2012 ac
632 1972 688 2013 sic
718 1980 876 2013 nostros
901 1980 1245 2027 contempserunt,
1278 1980 1321 2013 ut
1351 1972 1560 2013 obstructis
1591 1973 1633 2012 in

150 2039 320 2092 speeiem
343 2040 467 2093 portis
490 2039 655 2094 singulis
679 2041 880 2082 ordinibus
904 2041 1093 2095 cespitum
1109 2072 1119 2092 ,
1145 2041 1245 2094 quod
1268 2054 1314 2081 ea
1336 2054 1415 2080 non
1436 2054 1550 2094 posse
1572 2041 1633 2081 in-

296 2188 309 2220 1
334 2189 476 2221 tantulis
495 2190 601 2232 copiis
621 2190 694 2222 AB
708 2190 735 2223 C
756 2190 986 2232 ‘eeterz'que',
1014 2201 1087 2223 cum
1109 2191 1212 2222 tantis
1232 2189 1340 2232 copiis
1370 2189 1386 2220 b
1401 2189 1487 2220 ede.

148 2240 169 2274 2
188 2243 257 2270 tum
275 2240 306 2270 Α
319 2239 378 2281 (B)
391 2240 478 2280 01),
502 2245 580 2271 tunc
601 2241 618 2271 b
633 2251 691 2272 ee.
908 2252 1015 2283 aequo
1034 2242 1144 2273 animo
1163 2242 1219 2273 Be
1238 2241 1311 2282 (hie
1329 2239 1431 2282 equo)
1450 2239 1527 2271 edd.
1548 2242 1632 2270 ante

148 2289 286 2330 Scale'g.
302 2294 451 2331 praeter·
467 2291 639 2332 Steplzan.
661 2303 798 2333 omnes,
828 2303 933 2335 eoque
962 2294 1095 2325 omnino
1115 2294 1239 2335 δίε-μή.
1260 2292 1356 2324 Scal.
1377 2295 1413 2323 et
1430 2303 1450 2323 u
1470 2302 1547 2323 cum
1566 2292 1633 2323 liae

149 2343 384 2372 annotatione
398 2355 407 2373 :
439 2343 522 2384 ‘pro
543 2354 647 2385 eoque
667 2347 703 2375 in
720 2355 804 2376 mss.
823 2346 993 2387 plurimis
1012 2349 1064 2377 est
1081 2356 1256 2388 aequoque
1276 2345 1336 2376 uel
1353 2355 1519 2386 equoque.
1553 2344 1634 2375 Ani-

148 2403 200 2424 mo
220 2395 327 2424 etiam
349 2393 448 2434 legas
466 2396 502 2425 in
520 2395 660 2427 Louan.
679 2396 815 2428 Duker.
838 2398 952 2430 Omon.
975 2401 1009 2429 et
1025 2398 1137 2438 aliz's'5
1156 2409 1246 2440 qnae
1265 2400 1349 2439 quin
1369 2399 1502 2428 ert-oris
1522 2401 1558 2428 el·
1575 2408 1633 2428 ne-

147 2443 354 2484 glegentiae
374 2444 484 2484 plena
511 2448 601 2485 sint,
632 2448 723 2478 mz'lzz'
747 2447 891 2479 dubium
915 2458 985 2479 non
1011 2452 1075 2479 est.
1110 2448 1164 2480 Ne
1182 2451 1264 2480 ante
1283 2447 1437 2479 consedit
1455 2447 1632 2480 desideres

150 2496 276 2536 itaque,
297 2495 343 2536 “s-
366 2496 443 2527 hor.
465 2507 588 2529 comm.
609 2498 646 2537 Ι,
666 2498 722 2538 23,
745 2498 775 2530 1.
917 2500 935 2531 3
955 2500 1186 2532 existumabat
1205 2500 1248 2532 A.
1388 2502 1408 2533 4
1427 2504 1538 2541 potest
1557 2500 1631 2532 loco

149 2556 194 2576 ex
215 2546 231 2576 h
247 2556 280 2576 u.
423 2546 701 2588 &inpedimentis
720 2549 762 2580 B.
903 2555 1014 2583 tamen
1035 2551 1067 2581 in
1088 2551 1258 2591 angustiis
1270 2551 1315 2581 D.
1458 2550 1475 2581 9
1489 2561 1633 2582 eommo-

150 2596 289 2628 dissimo
308 2597 324 2627 b
338 2607 366 2626 e.
508 2597 618 2629 ualles
637 2599 667 2631 B
687 2600 783 2631 ‘ms-e.
808 2598 872 2632 12'.
991 2601 1101 2642 possit
1119 2602 1221 2643 .›1(J›’)
1238 2603 1265 2633 (Ὺ
1279 2612 1296 2632 e
1317 2604 1411 2632 ι11133.
1434 2601 1536 2642 longe
1549 2601 1633 2642 pln-

148 2651 237 2680 rimi
252 2652 286 2680 et
304 2647 464 2689 optimi',
486 2654 650 2690 possete.
808 2652 846 2684 10
866 2652 952 2683 sein
973 2662 1032 2683 suo
1052 2652 1127 2683 loco
1149 2653 1179 2684 b.
1347 2653 1380 2684 ll
1405 2653 1634 2694 expectabant

149 2703 192 2734 B.
334 2701 374 2733 14
393 2701 540 2742 cllicere]
560 2702 633 2732 fieri
654 2702 671 2732 b
686 2702 778 2734 cde.
920 2713 993 2735 cum
1013 2714 1081 2735 om.
1105 2704 1161 2735 bc.
1329 2704 1367 2736 15
1387 2704 1580 2745 aequitatus
1599 2708 1635 2736 et

150 2753 190 2785 16
210 2752 402 2794 acquitibus
421 2755 455 2783 et
476 2753 512 2784 17
533 2752 685 2793 aequites
706 2753 747 2784 B.
870 2754 910 2787 18
928 2754 1058 2785 munire
1080 2754 1111 2785 b.
1229 2754 1270 2787 20
1292 2755 1343 2795 agi
1362 2755 1493 2786 timoris
1507 2756 1537 2787 B
1552 2755 1630 2787 edel.

149 2808 230 2836 ante
252 2804 396 2844 Graan„
417 2804 547 2835 timoris
567 2804 619 2843 agi
642 2804 768 2836 (ἔνθεα.
790 2815 823 2837 u.
1034 2807 1075 2841 24
1097 2816 1156 2838 seu
1177 2806 1251 2848 quis
1269 2806 1439 2839 Romanus
1458 2817 1487 2839 e.

150 2857 191 2890 27
211 2867 250 2889 ca
271 2857 287 2888 b
302 2856 398 2896 cde,
420 2866 478 2888 eas
498 2857 528 2888 B
547 2860 581 2888 et
600 2856 744 2898 reliqui.

1665 558 1683 589 5

1673 895 1710 927 to

1670 1233 1709 1265 15

1666 1572 1709 1607 20
