1835 3240
889 198 971 238 244
1030 224 1142 230 —-

185 315 314 357 mota,
349 309 546 362 equitatus
577 307 762 351 Caesaris
794 310 996 351 sinistrum
1029 326 1152 353 cornu
1183 328 1358 368 premere
1381 316 1521 368 coepit.
1567 315 1622 355 At
1642 317 1670 357 ii

183 376 328 417 eximia
350 377 498 417 uirtute
520 377 708 430 proelium
732 378 862 417 facere
883 378 1099 432 incipiunt,
1137 388 1180 421 ut
1209 382 1318 422 locus
1341 382 1381 422 in
1404 383 1487 423 acie
1510 384 1556 423 ad
1578 384 1668 424 sub-

182 444 320 484 sidium
344 445 619 485 ueniundinon
634 445 822 484 daretur'.
859 444 934 485 Hic
949 445 1212 503 Glandorpius
1229 450 1441 500 intellexit,
1467 452 1666 505 cumlegio

181 512 329 553 decima
357 513 498 552 dextro
522 510 711 552 Caesaris
742 526 866 552 cornu
896 513 1083 554 collocata
1110 516 1315 556 sinistrum
1338 515 1664 570 Pompeianorum

181 594 305 620 cornu
326 586 545 634 premeret,
578 580 773 633 legionem
796 594 817 619 a
838 577 1089 633 Pompeianis
1112 597 1190 622 non
1217 584 1265 622 ad
1288 584 1468 624 dextrum
1484 615 1496 633 ,
1529 586 1596 626 sed
1619 586 1666 626 ad

178 648 379 688 sinistrum
402 661 523 687 cornu
546 648 764 687 traductam
787 660 898 696 esse,
929 647 1098 701 itemque
1121 651 1272 702 equites
1296 648 1482 691 Caesaris
1504 652 1664 692 sinistro

180 729 302 757 cornu
324 715 536 755 collocatos
559 729 636 754 non
660 715 878 765 sinistrum,
903 716 972 756 sed
995 717 1176 757 dextrum
1193 716 1522 771 Pompeianorum
1545 734 1666 760 cornu

177 784 385 839 pressisse.
410 782 516 822 ldem
530 782 636 835 prius
650 783 829 822 mendum
843 790 951 824 recte
965 784 1137 834 sustulit,
1151 785 1207 824 ita
1219 792 1260 825 ut
1273 790 1310 825 ‘a
1325 785 1479 826 dextro'
1491 786 1666 827 scriben-

177 852 264 891 dum
288 851 450 899 diceret,
475 850 642 890 alterius
664 863 789 904 neque
811 851 894 904 ipse
916 865 1044 906 neque
1067 849 1291 893 Schnellius
1315 854 1516 907 probabile
1538 868 1665 895 reme-

176 920 278 959 dium
297 918 473 958 inuenit:
501 917 561 957 hic
587 918 690 957 enim
717 919 917 958 ‘dextrum
940 933 1062 959 cornu
1084 934 1260 973 premere
1284 922 1439 975 coepit',
1466 920 1665 962 Glandor—

174 989 260 1041 pius
294 987 514 1040 ‘equitatus
548 982 760 1035 Caesaris,
793 986 856 1038 qui
879 986 1080 1026 sinistrum
1114 1003 1235 1028 cornu
1271 990 1451 1038 tenebat,
1486 1003 1663 1042 premere

173 1056 313 1109 coepit'
337 1054 553 1109 proposuit.
591 1051 816 1094 Sufficiebat
838 1054 917 1094 leni
939 1055 1186 1095 correctione
1210 1056 1389 1096 ‘sinistro
1413 1057 1549 1096 cornu'
1565 1057 1663 1096 scri-

170 1124 281 1164 bere.
324 1122 514 1163 Proxima
544 1122 583 1162 in
611 1121 700 1162 Par.
727 1136 808 1161 sec.
837 1120 950 1161 Leid.
976 1136 1034 1174 pr.
1062 1122 1169 1163 Scal.
1195 1123 1251 1162 sic
1273 1124 1417 1177 scripta
1440 1131 1556 1164 sunt:
1591 1124 1661 1163 ‘ita

172 1191 225 1231 uti
249 1191 395 1231 eximia
419 1191 564 1230 uirtute
593 1190 780 1244 proelium
806 1191 937 1229 facere
960 1197 1135 1242 possent,
1161 1190 1225 1230 ut'
1256 1192 1331 1241 <de
1353 1190 1475 1231 Vind.
1501 1205 1560 1244 pr.
1588 1191 1660 1231 hoc

168 1275 287 1300 unum
312 1259 494 1307 traditur,
520 1272 603 1298 eum
631 1258 823 1311 ‘possunt'
846 1257 1079 1309 exhihere),
1117 1264 1155 1296 et
1185 1258 1224 1297 in
1254 1256 1347 1297 Par.
1373 1271 1454 1298 sec.
1481 1265 1520 1297 et
1541 1256 1656 1298 Leid.

168 1342 227 1381 pr.
264 1327 330 1366 ‘in
361 1326 504 1366 aciem'
536 1325 695 1378 legitur.
740 1323 877 1376 Itaque
909 1324 1169 1377 suspicionem
1202 1324 1471 1377 Oudendorpii
1499 1333 1658 1366 secutus

171 1394 377 1448 ‘possent'
411 1393 615 1434 delendum
649 1391 868 1444 siguificaui
899 1397 938 1430 et
972 1398 1093 1430 totum
1130 1391 1256 1431 locum
1295 1391 1349 1431 ita
1383 1393 1654 1433 conformaui:

170 1461 300 1516 ‘Quae
322 1461 438 1502 simul
460 1468 521 1501 est
542 1467 646 1500 mota
665 1491 674 1509 ,
709 1460 905 1512 equitatus
929 1456 1116 1499 Caesaris
1147 1458 1308 1498 sinistro
1336 1473 1457 1499 cornu
1479 1473 1658 1513 premere

166 1529 317 1583 coepit:
350 1535 390 1568 at
420 1528 474 1569 illi
508 1528 656 1568 eximia
687 1528 835 1567 uirtute
868 1527 1057 1580 proelium
1091 1527 1244 1575 facere,
1277 1533 1320 1566 ut
1340 1527 1450 1566 locus
1473 1526 1512 1566 in
1533 1527 1656 1568 aciem

166 1599 212 1638 ad
235 1597 449 1638 subsidium
472 1596 656 1636 ueniuudi
691 1609 769 1635 non
792 1594 978 1634 daretur'.
1027 1592 1116 1633 ‘Illi'
1141 1601 1179 1634 et
1199 1595 1466 1634 necessarium
1491 1601 1575 1643 est,
1614 1601 1657 1634 ut

164 1668 261 1707 haec
284 1667 331 1706 ad
354 1667 590 1706 decumanos
613 1663 753 1704 referri
778 1661 952 1715 possint,
978 1667 1016 1701 et
1039 1662 1193 1715 propius
1217 1662 1262 1700 ad
1287 1662 1463 1701 codicum
1487 1661 1654 1714 scriptu-

163 1747 248 1773 ram
271 1733 434 1774 accedit.
482 1730 588 1781 ‘Ita',
614 1731 715 1784 quod
736 1731 776 1770 in
799 1729 910 1769 codd.
930 1729 1091 1783 legitur,
1117 1729 1267 1768 duabus
1283 1728 1489 1782 postremis
1511 1728 1653 1768 litteris

162 1801 274 1841 uerbi
308 1799 466 1854 ‘coepit'
500 1800 598 1839 male
622 1797 797 1852 repetitis
821 1804 948 1836 ortum
973 1803 1045 1837 est.
1093 1795 1291 1836 ‘Possent'
1314 1803 1459 1845 autem,
1485 1809 1569 1835 cum
1593 1809 1654 1835 er-

162 1884 253 1910 rore
279 1869 348 1909 ‘ita
372 1867 440 1908 uti'
464 1868 784 1920 scriptumesset,
810 1865 857 1905 ad
870 1865 1121 1918 supplendam
1136 1863 1353 1903 orationem
1368 1863 1560 1903 adiectum
1573 1870 1649 1903 est.

274 1935 388 1989 Quae
418 1936 531 1975 initio
564 1950 599 1974 6.
625 1934 679 1974 32
707 1935 753 1974 (16
777 1933 879 1973 uallo
900 1934 1155 1981 referuntur,
1188 1945 1262 1984 quo
1295 1928 1531 1971 Caesariani
1563 1937 1651 1983 post

160 2019 329 2059 pugnaui
360 2004 538 2057 oppidum
572 2001 758 2043 Mundam
792 2000 1156 2047 circumdederunt,
1189 1999 1246 2038 sic
1278 1997 1517 2037 edebantur:
1559 1996 1650 2036 ‘Ex

162 2072 328 2113 hostium
362 2071 481 2112 armis
514 2086 583 2125 pro
616 2071 762 2123 cespite
795 2069 988 2109 cadauera
1010 2066 1329 2114 collocabantur,
1361 2072 1471 2104 scuta
1504 2072 1544 2104 et
1573 2065 1649 2118 pila

159 2155 228 2194 pro
252 2140 354 2180 uallo
370 2171 379 2189 ,
405 2140 568 2192 insuper
589 2138 709 2178 occisi
734 2144 771 2177 et
792 2136 908 2190 gladii
932 2143 968 2176 et
991 2147 1200 2174 mucrones
1235 2139 1274 2173 et
1304 2132 1430 2185 capita
1450 2131 1647 2171 hominum

159 2208 340 2248 ordinata
361 2207 407 2247 ad
431 2207 607 2260 oppidum
631 2218 824 2245 conuersa
844 2203 1033 2244 uniuersa
1054 2202 1222 2242 hostium
1246 2200 1439 2247 timorem,
1465 2198 1648 2237 uirtutis-

158 2289 231 2329 que
251 2275 422 2328 insignia
457 2274 653 2327 proposita
687 2272 869 2312 uiderent
899 2277 939 2311 et
958 2270 1061 2310 uallo
1085 2268 1486 2309 circumcluderentur
1506 2266 1646 2304 aduer-

158 2343 267 2393 sarii,
293 2344 346 2382 ita
370 2341 473 2382 Galli
497 2341 662 2395 tragulis
684 2339 900 2392 iaculisque
922 2337 1101 2392 oppidum
1124 2350 1176 2376 ex
1198 2336 1364 2376 hostium
1387 2332 1645 2373 cadaueribus

158 2417 250 2450 sunt
271 2410 552 2463 circumplexi,
587 2421 813 2462 oppugnare
836 2404 1089 2460 coeperunt':
1122 2405 1163 2444 in
1187 2403 1324 2457 quibus
1355 2400 1487 2441 uerbis
1517 2399 1643 2439 trihus

156 2478 252 2518 locis
285 2478 458 2517 defectus
488 2477 598 2530 signa
633 2474 903 2529 ponebantur,
938 2480 1027 2514 ante
1058 2471 1179 2512 uerba
1212 2471 1399 2522 ‘insuper
1430 2467 1568 2508 occisi'
1607 2473 1646 2507 et

158 2545 374 2599 ‘proposita
397 2544 586 2584 uiderent'
610 2551 647 2582 et
673 2543 741 2582 ‘ita
764 2541 897 2583 Galli'.
922 2540 1072 2582 Verum
1094 2539 1257 2592 primum
1281 2535 1451 2576 omnium
1466 2541 1642 2588 apertum

155 2620 216 2653 est
236 2613 366 2666 inepte
389 2612 584 2652 cadauera
609 2615 678 2650 ‘ex
699 2610 868 2650 hostium
883 2608 1016 2649 armis'
1039 2606 1228 2646 collocata
1250 2603 1349 2653 dici3
1375 2602 1529 2652 deinde,
1554 2615 1641 2642 cum

155 2681 347 2721 cadauera
370 2694 439 2734 pro
462 2678 611 2731 cespite
635 2677 827 2718 collocata
850 2689 938 2717 esse
969 2674 1206 2714 declaratum
1231 2678 1362 2720 esset,
1399 2670 1500 2710 male
1531 2669 1640 2709 dein-

155 2763 246 2802 ceps
269 2748 392 2802 repeti
414 2747 576 2799 insuper
598 2745 750 2785 occisos
773 2744 974 2784 ordinatos
998 2753 1099 2781 esse.
1133 2738 1276 2792 Neque
1297 2738 1337 2778 in
1360 2738 1512 2791 optimis
1525 2736 1639 2777 codd.

155 2817 293 2857 ‘occisi
315 2823 356 2856 et
376 2814 493 2868 gladii
523 2821 561 2853 et
591 2825 800 2852 mucrones
833 2817 873 2850 et
894 2807 1033 2863 capita'
1055 2807 1221 2861 legitur,
1256 2807 1325 2846 sed
1355 2806 1395 2846 in
1424 2803 1520 2845 Par.
1554 2816 1635 2843 sec·

152 2885 338 2939 scriptum
361 2889 421 2923 est
445 2887 499 2922 ‘et
520 2880 648 2934 gladio
670 2887 712 2919 ut
735 2892 868 2919 mucro
891 2884 929 2918 et
951 2874 1107 2929 capita',
1140 2875 1180 2914 in
1201 2872 1318 2914 Leid.
1345 2888 1404 2927 pr.
1433 2873 1487 2913 ‘in
1508 2870 1636 2925 gladio
