1835 3240
103 196 186 238 710
697 197 868 240 BELLI
900 196 1149 240 AFRICAE

181 310 256 351 sibi
289 310 464 360 uideret,
500 310 627 364 gladio
649 311 944 364 proboscidem,
979 326 1055 364 qua
1085 318 1172 352 erat
1193 312 1471 362 circumdatus,
1497 313 1661 353 caedere

180 385 361 431 quantum
385 377 531 418 uiribus
554 385 709 432 poterat
730 392 807 417 non
830 378 993 418 destitit.
1021 376 1109 431 Quo
1124 379 1258 419 dolore
1272 379 1459 420 adductus
1474 379 1658 433 elephans

179 445 301 485 milite
323 445 475 486 abiecto
498 445 670 484 maximo
693 458 777 484 cum
801 445 970 485 stridore
990 459 1185 499 cursuque
1200 459 1415 486 conuersus
1430 447 1476 486 ad
1491 447 1662 499 reliquas

104 512 163 557 85
181 512 328 553 bestias
351 526 393 552 se
415 512 575 564 recepit.
620 510 782 552 Interim
806 512 967 566 Thapso
1002 513 1063 566 qui
1096 521 1209 553 erant
1231 513 1425 566 praesidio
1448 526 1500 553 ex
1521 514 1659 567 oppido

179 581 418 634 eruptionem
443 585 554 632 porta
575 579 782 619 marituma
805 580 954 620 faciunt
975 587 1029 627 et,
1054 580 1139 620 siue
1160 587 1201 620 ut
1223 580 1303 620 suis
1326 579 1500 620 subsidio
1521 594 1658 621 occur-

176 654 334 696 rerent,
369 647 451 718 siue
483 653 525 685 ut
555 647 695 700 oppido
730 647 887 687 deserto
912 649 999 702 fuga
1023 647 1185 688 salutem
1209 647 1281 687 sibi
1305 653 1513 700 parerent,
1549 661 1663 700 egre—

178 715 337 755 diuntur
368 720 483 765 atque
515 713 569 753 ita
591 727 661 766 per
681 727 789 754 marc
811 714 980 755 umbilici
1004 716 1078 755 fine
1100 714 1267 768 ingressi
1291 721 1435 754 terram
1458 714 1657 768 petebant.

130 781 158 823 2
179 780 258 834 Qui
280 796 299 821 a
324 780 498 820 seruitiis
521 781 752 834 puerisque,
788 782 852 834 qui
884 783 923 821 in
947 782 1086 822 castris
1109 789 1245 831 erant,
1276 781 1466 835 lapidibus
1498 782 1662 835 pilisque

130 849 154 888 3
178 847 360 902 prohibiti
382 854 528 887 terram
552 848 748 902 attingere
770 863 907 889 rursus
930 850 969 889 in
991 849 1169 903 oppidum
1193 863 1235 890 se
1257 856 1511 903 receperunt.
1554 847 1659 889 Inte-

178 917 250 956 rim
274 913 469 969 Scipionis
492 915 614 969 copiis
644 916 854 969 prostratis
887 917 1110 970 passimque
1144 924 1225 956 toto
1259 930 1392 970 campo
1426 916 1663 970 fugientibus

179 982 385 1023 confestim
411 979 599 1023 Caesaris
622 983 797 1037 legiones
820 984 1008 1037 consequi
1030 984 1271 1038 spatiumque
1301 997 1344 1024 se
1366 997 1444 1024 non
1467 985 1560 1024 dare
1584 984 1662 1024 col-

133 1051 159 1091 4
182 1050 342 1105 ligendi.
388 1048 464 1101 Qui
488 1058 691 1104 postquam
714 1051 759 1090 ad
783 1065 827 1091 ea
851 1059 996 1102 castra,
1023 1065 1121 1105 quae
1143 1051 1350 1105 petebant,
1384 1052 1657 1105 perfugerunt,

177 1125 219 1158 ut
239 1117 399 1158 refectis
424 1118 566 1158 castris
589 1132 727 1159 rursus
751 1132 840 1159 sese
863 1119 1140 1168 defenderent,
1175 1120 1386 1172 ducemque
1409 1119 1575 1171 aliquem
1598 1132 1659 1158 re-

179 1186 394 1238 quirerent,
420 1199 533 1240 quem
556 1185 817 1238 respicerent,
842 1186 951 1225 cuius
974 1186 1208 1226 auctoritate
1227 1187 1467 1240 imperioque
1489 1199 1570 1225 rem
1595 1198 1660 1239 ge-

129 1252 152 1292 5
175 1261 332 1302 rerent,
369 1252 470 1306 [qui]
503 1260 708 1306 postquam
742 1253 1109 1293 animaduerterunt
1130 1253 1323 1293 neminem
1348 1254 1399 1293 ibi
1421 1266 1510 1292 esse
1534 1252 1664 1305 [prae-

180 1320 299 1373 sidio]
316 1350 326 1368 ,
360 1320 540 1372 protinus
572 1320 692 1360 armis
715 1320 877 1360 abiectis
899 1320 938 1359 in
960 1320 1069 1375 regia
1092 1327 1221 1360 castra
1243 1322 1379 1375 fugere
1402 1319 1658 1360 contendunt.

127 1386 153 1426 6
176 1384 265 1438 Quo
294 1393 495 1440 postquam
520 1395 811 1441 peruenerunt,
847 1401 891 1428 ea
923 1401 1076 1440 quoque
1108 1387 1154 1428 ab
1176 1386 1340 1429 Iulianis
1363 1387 1489 1428 teneri
1510 1387 1657 1427 uident.

174 1453 394 1508 Desperata
415 1455 543 1495 salute
564 1455 604 1495 in
627 1455 792 1508 quodam
817 1455 916 1495 colle
939 1456 1161 1495 consistunt
1191 1462 1308 1508 atque
1338 1455 1457 1496 armis
1481 1455 1659 1495 demissis

125 1521 150 1562 7
173 1522 446 1563 salutationem
470 1536 578 1563 more
601 1523 758 1562 militari
790 1523 952 1563 faciunt.
998 1521 1152 1576 Quibus
1183 1524 1338 1564 miseris
1372 1537 1418 1564 ea
1448 1536 1512 1563 res
1540 1536 1661 1577 paruo

172 1590 368 1643 praesidio
411 1590 496 1630 fuit.
559 1589 742 1643 Namque
774 1590 917 1631 milites
952 1591 1128 1631 ueterani
1166 1592 1226 1631 ira
1258 1599 1298 1632 et
1339 1591 1472 1631 dolore
1512 1589 1664 1631 incensi

171 1671 250 1697 non
282 1658 420 1707 modo,
458 1665 499 1697 ut
530 1665 739 1711 parcerent
770 1658 898 1708 hosti,
931 1672 1009 1698 non
1042 1666 1223 1712 poterant
1255 1659 1416 1709 adduci,
1453 1658 1521 1699 sed
1544 1658 1658 1699 etiam

175 1737 227 1764 ex
259 1738 329 1764 suo
362 1726 543 1765 exercitu
575 1725 764 1766 inlustres
796 1726 992 1775 urbanos,
1036 1740 1132 1779 quos
1173 1734 1356 1766 auctores
1398 1726 1658 1779 appellabant,

124 1791 150 1831 8
173 1792 392 1846 complures
434 1800 502 1832 aut
542 1793 801 1833 uulnerarunt
840 1800 908 1833 aut
950 1794 1260 1844 interfecerun13
1305 1794 1343 1833 in
1384 1807 1457 1846 quo
1498 1806 1658 1833 numero

171 1860 243 1899 fuit
281 1858 435 1899 Tullius
478 1858 607 1899 Rufus
650 1860 899 1913 quaestorius
915 1890 924 1907 ,
969 1861 1032 1913 qui
1074 1861 1150 1915 pilo
1190 1862 1378 1901 traiectus
1420 1860 1596 1900 consulto
1638 1874 1661 1899 a

171 1926 294 1967 milite
315 1927 490 1967 interiit:
527 1927 620 1967 item
647 1926 860 1981 Pompeius
882 1927 1010 1968 Rufus
1041 1929 1239 1969 brachium
1271 1928 1398 1983 gladio
1430 1941 1658 1981 percussus,

122 1992 148 2034 9
171 1994 246 2034 nisi
279 1995 463 2035 celeriter
492 1996 538 2035 ad
562 1992 775 2035 Caesarem
809 1995 1118 2046 adcucurrisset,
1144 1997 1378 2036 interfectus
1401 2003 1521 2036 esset.
1568 1992 1658 2047 Quo

170 2063 274 2101 facto
297 2062 518 2116 complures
542 2063 692 2115 equites
715 2062 884 2103 Romani
908 2071 1195 2120 senatoresque
1217 2063 1414 2117 perterriti
1438 2077 1489 2104 ex
1511 2063 1659 2117 proelio

172 2143 214 2169 se
236 2137 493 2182 receperunt,
519 2143 569 2170 ne
591 2144 612 2170 a
633 2131 845 2182 militibus,
882 2132 945 2184 qni
968 2146 1020 2173 ex
1041 2139 1149 2172 tanta
1173 2132 1341 2172 uictoria
1362 2132 1560 2171 licentiam
1584 2130 1657 2171 sihi

170 2197 482 2250 adsumpsissent
512 2199 756 2240 inmoderate
787 2200 974 2253 peccandi
1005 2199 1235 2253 inpunitatis
1266 2206 1428 2254 propter
1463 2198 1655 2239 maximas

98 2262 151 2303 10
171 2277 236 2304 res
266 2272 399 2317 gestas
431 2279 521 2319 spe,
556 2267 629 2320 ipsi
653 2281 805 2321 quoque
827 2268 1157 2309 interficerentur.
1202 2265 1340 2323 Itaque
1362 2267 1388 2307 ii
1412 2279 1547 2307 omnes
1569 2264 1655 2307 Sci-

313 2368 327 2400 1
342 2378 407 2409 qua
419 2369 553 2410 Morus,
570 2380 633 2412 quo
651 2371 752 2402 codd.
893 2373 912 2404 4
926 2371 1070 2413 recepit]
1085 2372 1256 2403 conuertit
1275 2374 1358 2402 ante
1371 2379 1462 2402 corr.
1477 2380 1511 2400 a.

169 2419 186 2449 5
206 2419 383 2450 marituma
403 2430 437 2450 a.
579 2425 612 2452 et
631 2431 699 2452 om.
721 2422 751 2451 b.
894 2427 1139 2454 succurrerent
1160 2423 1177 2454 b
1197 2424 1327 2454 omisso
1346 2420 1509 2453 subsidio.

168 2470 354 2510 &parerent
378 2471 407 2510 b,
430 2476 552 2512 parent
569 2481 590 2502 α
609 2482 647 2512 ο,-
668 2477 830 2513 pararent
850 2483 883 2504 u.
1025 2473 1087 2505 (lin
1107 2473 1261 2516 oppidum
1281 2482 1318 2504 se
1337 2481 1370 2512 α,
1391 2472 1479 2503 sein
1501 2471 1657 2514 oppidum

167 2517 243 2550 edd.
395 2521 565 2562 rccipiunt
585 2522 615 2552 b.
760 2523 801 2557 12
819 2524 983 2565 patebant
1004 2524 1034 2554 b.
1179 2523 1217 2555 13
1237 2533 1273 2554 se
1295 2523 1324 2554 b.
1468 2522 1655 2564 ducemque

165 2588 209 2592 ——
228 2571 442 2612 requirerent
460 2582 479 2601 a
503 2572 532 2611 b,
555 2573 672 2603 ducem
692 2591 733 2595 —
753 2574 933 2615 requirunt
951 2584 985 2605 u.
1006 2574 1044 2604 P.
1062 2573 1113 2605 17.
1259 2574 1297 2605 15
1313 2572 1367 2614 qui
1388 2572 1659 2614 Oaclenclmssz'us

167 2622 352 2653 delendum
371 2623 480 2654 uidit.
636 2623 838 2667 [praesidio]
857 2626 895 2657 P.
918 2626 997 2658 225.
1147 2624 1187 2656 16
1206 2625 1457 2656 contenderunt
1477 2626 1508 2656 b.

168 2674 206 2705 18
221 2673 373 2705 dimissis
393 2684 412 2704 (ι
426 2683 455 2704 c.
600 2674 638 2705 1ss
650 2675 800 2707 miseriis
818 2686 852 2707 a.
993 2675 1213 2709 22inlustres
1229 2686 1262 2707 a.
1405 2686 1487 2717 quos
1506 2675 1654 2707 urbanos

167 2725 341 2767 appellant
353 2726 383 2756 b.
527 2726 569 2759 25
584 2725 680 2766 item]
694 2727 830 2759 interim
841 2738 861 2759 a
876 2730 906 2758 b.
1047 2727 1373 2767 26(adcueur1·isset
1393 2728 1429 2767 (ι)
1443 2728 1654 2760 accurrisset

168 2776 262 2807 ‘mss
280 2776 469 2818 plerique’.
610 2776 681 2808 28a
701 2788 769 2809 om.
788 2789 808 2809 α
826 2779 856 2809 Ι).
997 2777 1138 2809 licentia
1157 2789 1190 2810 a.
1328 2780 1654 2822 29adsu1npsissent

165 2828 376 2861 inmoderate
395 2840 428 2861 a.
582 2831 786 2873 inpunitatis
806 2842 839 2863 α.
981 2830 1023 2862 30
1042 2842 1098 2874 spe
1118 2832 1180 2874 ipsi
1203 2833 1486 2875 Ouclcndorpius,
1509 2834 1549 2866 ab
1569 2834 1652 2876 ipsis

167 2890 186 2910 α
207 2881 224 2911 b
244 2891 333 2912 unus
354 2881 423 2913 dot.
440 2894 450 2921 ,·
470 2882 535 2924 ipsi
551 2883 695 2923 reliqui.
836 2883 845 2913 i
865 2892 896 2921 α,
919 2892 986 2914 om.
1010 2883 1040 2913 b.

1696 922 1737 955 10

1697 1259 1737 1291 15

1695 1596 1737 1631 20

1692 1934 1734 1967 25

1687 2272 1729 2305 30
