1835 3240
82 904 121 937 10

79 1243 120 1276 15

78 2262 120 2295 30

685 173 871 219 CAPVT
895 173 951 217 29
962 199 1015 205 —
1027 173 1097 216 32.
1628 173 1708 217 681

152 291 257 331 intra
277 287 514 329 munitiones
536 289 777 343 reciperent.
829 288 909 329 Alii
932 301 1085 342 quoque
1107 287 1297 342 equitatui
1319 287 1453 338 edicit,
1486 289 1543 329 uti
1565 301 1635 329 suo
1656 287 1682 328 2

154 357 316 411 quisque
337 355 423 395 loco
446 364 608 409 paratus
631 365 882 410 armatusque
906 363 1065 410 praesto
1089 362 1211 396 esset.
1255 354 1312 395 At
1332 354 1429 394 haec
1452 369 1529 395 non
1551 356 1634 410 ipse

153 437 223 478 per
244 437 286 464 se
308 437 439 464 coram
456 455 465 473 ,
500 439 585 464 cum
609 425 656 465 de
677 425 783 464 uallo
806 425 1171 478 prospecularetur,
1207 423 1275 463 sed
1296 422 1464 462 mirabili
1486 423 1636 475 peritus

153 491 318 531 scientia
348 491 519 532 bellandi
550 492 590 532 in
622 492 821 545 praetorio
853 492 994 532 sedens
1027 506 1098 547 per
1125 490 1394 545 speculatores
1418 496 1458 530 et
1478 491 1637 530 nuntios

155 558 387 612 imperabat,
423 573 521 612 quae
544 559 629 600 fieri
651 559 822 599 uolebat.
876 559 1230 599 Animaduertehat
1251 558 1369 608 enim,
1405 571 1636 611 quamquam
1658 557 1683 598 3

150 627 302 680 magnis
335 634 471 667 essent
501 626 623 680 copiis
655 626 875 667 aduersarii
908 627 1015 676 freti,
1050 633 1180 666 tamen
1213 640 1331 680 saepe
1359 639 1381 665 a
1411 624 1637 679 seiugatis,

150 695 272 748 pulsis
296 694 593 748 perterritisque
617 701 653 734 et
676 708 905 734 concessam
927 694 1046 734 uitam
1071 701 1110 734 et
1130 695 1264 748 ignota
1286 700 1469 747 peccata,
1498 693 1638 746 quihus
1661 692 1687 732 4

152 761 267 802 rebus
299 776 506 815 numquam
538 769 646 802 tanta
678 768 905 816 suppeteret
937 775 989 802 ex
1013 762 1187 815 ipsorum
1209 761 1352 802 inertia
1375 760 1640 801 conscientia-

152 843 227 883 que
249 829 366 869 animi
389 829 581 869 uictoriae
605 829 758 877 fiducia,
790 836 834 869 ut
854 836 984 870 castra
1007 843 1077 869 sua
1099 828 1244 869 adoriri
1267 830 1472 869 auderent.
1515 826 1639 868 Prae·
1661 825 1686 867 5

154 904 265 938 terea
287 897 410 951 ipsius
433 910 573 937 nomen
597 897 890 951 auctoritasque
912 911 1055 951 magna
1076 910 1127 937 ex
1150 903 1258 950 parte
1282 911 1413 937 eorum
1437 897 1640 937 exercitus

151 965 352 1005 minuebat
382 965 600 1005 audaciam.
662 963 762 1004 Tum
797 965 982 1019 egregiae
1008 964 1248 1004 munitiones
1280 971 1500 1004 castrorum
1523 971 1640 1017 atque

152 1032 247 1073 ualli
277 1033 548 1085 fossarumque
577 1032 741 1072 altitudo
765 1039 804 1072 et
826 1039 943 1072 extra
964 1032 1110 1072 uallum
1133 1032 1213 1072 stili
1236 1032 1341 1072 caeci
1363 1032 1580 1072 mirabilem
1601 1031 1642 1071 in

153 1101 307 1140 modum
341 1100 483 1140 consiti
514 1100 576 1140 uel
606 1100 695 1140 sine
726 1100 999 1141 defensoribus
1031 1100 1177 1140 aditum
1200 1100 1439 1140 aduersariis
1461 1099 1642 1153 prohibe-

151 1168 270 1209 bant:
305 1168 582 1222 scorpionum,
617 1169 899 1221 Catapultarum
923 1175 1222 1221 ceterorumque
1246 1167 1411 1208 telorum
1428 1198 1439 1217 ,
1473 1180 1571 1220 quae
1594 1166 1642 1206 ad
1662 1164 1689 1205 6

153 1236 434 1277 defendendum
460 1237 589 1276 solent
610 1236 756 1289 parari,
790 1250 970 1289 magnam
993 1237 1144 1289 copiam
1167 1236 1348 1276 habehat.
1392 1236 1524 1288 Atque
1545 1235 1642 1275 haec

152 1310 312 1358 propter
340 1304 542 1344 exercitus
573 1304 633 1344 sui
664 1305 884 1357 praesentis
912 1304 1148 1357 paucitatem
1171 1311 1210 1344 et
1231 1303 1457 1344 tirocinium
1479 1315 1642 1356 praepa-

152 1379 334 1421 rauerat,
368 1386 445 1411 non
469 1371 634 1412 bostium
658 1372 695 1411 ui
719 1379 758 1412 et
779 1379 884 1412 metu
907 1379 1125 1412 commotus
1148 1372 1359 1426 patientem
1383 1384 1426 1411 se
1447 1370 1643 1410 timidum-

153 1454 226 1493 que
249 1440 419 1479 hostium
443 1439 615 1493 opinioni
633 1440 860 1493 praebebat.
904 1438 1045 1493 Neque
1067 1439 1214 1480 idcirco
1237 1440 1385 1494 copias,
1410 1452 1642 1492 quamquam
1662 1436 1689 1477 7

155 1514 268 1548 erant
290 1521 437 1560 paucae
461 1508 732 1560 tironumque,
766 1521 844 1547 non
867 1508 1058 1548 educebat
1078 1508 1117 1548 in
1142 1507 1292 1557 aciem,
1323 1507 1424 1560 quod
1456 1506 1644 1546 uictoriae

155 1589 315 1616 suorum
348 1576 558 1626 diffideret3
604 1576 671 1616 sed
711 1576 862 1616 referre
894 1576 1182 1625 arbitrabatur,
1228 1575 1444 1615 cuiusmodi
1475 1573 1644 1615 uictoria

155 1651 261 1684 esset
290 1644 445 1684 futura:
481 1651 595 1697 turpe
626 1643 727 1684 enini
758 1644 832 1684 sibi
863 1644 1119 1684 existimabat
1140 1650 1198 1683 tot
1218 1643 1336 1683 rebus
1358 1643 1481 1696 gestis
1504 1642 1645 1682 tantis·
1665 1639 1693 1682 S

154 1725 227 1764 que
251 1711 494 1751 exercitibus
518 1712 682 1751 deuictis
698 1741 707 1759 ,
743 1719 798 1751 tot
822 1719 901 1751 tam
924 1711 1041 1752 claris
1063 1711 1242 1751 uictoriis
1266 1711 1386 1764 partis
1410 1710 1456 1750 ab
1479 1709 1644 1765 reliquis

153 1779 274 1833 copiis
292 1779 608 1819 aduersariorum
627 1792 789 1819 suorum
808 1793 859 1818 ex
876 1780 969 1832 fuga
987 1779 1162 1819 collectis
1180 1793 1223 1819 se
1241 1785 1445 1818 cruentam
1464 1777 1644 1830 adeptum

153 1847 375 1888 existimari
407 1847 629 1887 uictoriam.
692 1845 832 1900 Itaque
862 1847 1125 1890 constituerat
1155 1847 1319 1901 gloriam
1343 1845 1644 1886 exultationem·
1665 1843 1692 1884 9

157 1929 229 1968 que
259 1929 394 1955 eorum
428 1915 531 1968 pati,
566 1916 690 1955 donec
722 1915 795 1955 sibi
818 1923 1095 1956 ueteranarum
1118 1915 1317 1968 legionum
1341 1928 1431 1968 pars
1454 1913 1583 1966 aliqua
1603 1912 1644 1953 in

156 1983 327 2023 secundo
351 1990 569 2022 commeatu
592 1983 844 2023 occurrisset.
890 1981 1022 2036 Scipio
1044 1983 1202 2023 interim
1226 1982 1437 2036 paulisper,
1464 1989 1506 2021 ut
1528 1988 1645 2022 antea
1665 1979 1720 2024 32

155 2051 256 2101 dixi,
289 2051 330 2090 in
353 2064 400 2091 eo
420 2051 507 2090 loco
531 2057 812 2100 commoratus,
843 2058 885 2090 ut
907 2051 1019 2104 quasi
1041 2051 1272 2104 despexisse
1295 2047 1513 2090 Caesarem
1534 2048 1644 2089 uide-

154 2127 285 2169 retur,
320 2118 503 2172 paulatim
527 2119 680 2159 reducit
701 2132 791 2158 suas
815 2119 946 2172 copias
968 2119 1009 2158 in
1031 2126 1161 2159 castra
1186 2124 1225 2158 et
1245 2118 1430 2158 contione
1451 2117 1644 2157 aduocata

153 2188 201 2228 de
232 2194 387 2228 terrore
417 2201 489 2227 suo
522 2187 875 2241 desperationeque
907 2187 1107 2227 exercitus
1131 2182 1321 2226 Caesaris
1348 2185 1440 2226 facit
1462 2185 1582 2225 uerba
1604 2192 1642 2225 et

152 2255 381 2296 cohortatus
413 2269 505 2295 suos
538 2255 743 2295 uictoriam
773 2254 967 2309 propriam
998 2268 1040 2295 se
1070 2256 1127 2295 eis
1149 2254 1258 2294 breui
1283 2254 1461 2295 daturum
1482 2253 1642 2308 pollice—

157 2329 235 2364 tur.
299 2320 451 2364 Caesar
481 2323 590 2364 iubet
620 2324 764 2364 milites
797 2337 936 2363 rursus
968 2323 1017 2363 ad
1048 2337 1144 2377 opus
1175 2322 1305 2363 redire
1332 2329 1371 2363 et
1390 2336 1461 2376 per
1482 2335 1640 2362 causam
1661 2321 1689 2363 2

156 2390 413 2432 munitionum
447 2392 596 2432 tirones
617 2391 658 2432 in
679 2391 814 2432 labore
836 2391 1052 2445 defatigare
1075 2405 1153 2431 non
1174 2390 1414 2431 intermittit.
1477 2388 1641 2430 Interim
1663 2389 1688 2430 3

298 2506 313 2538 1
335 2506 368 2537 in
384 2516 419 2538 a.
573 2508 595 2540 2
613 2507 654 2538 ad
675 2506 754 2548 (a)?
904 2506 921 2537 5
942 2516 1134 2549 quanquam
1152 2506 1216 2548 (a).
1368 2506 1388 2538 8
1407 2514 1587 2547 numquam
1604 2515 1640 2546 a,

155 2567 224 2589 non
243 2567 345 2599 nunq.
540 2560 577 2592 11
598 2558 685 2601 tuin]
706 2564 819 2591 tamen
840 2560 871 2590 b.
1066 2564 1168 2600 atque
1186 2568 1207 2590 α
1229 2558 1324 2590 ‘mssa
1345 2557 1389 2597 3’,
1409 2562 1444 2589 et
1459 2567 1496 2588 u.

156 2608 196 2640 14
218 2617 302 2649 quae
322 2618 390 2640 om.
411 2619 444 2640 α.
616 2610 657 2642 17
679 2615 713 2642 et
730 2614 822 2642 metu
842 2620 912 2642 om.
933 2610 964 2642 b.
1131 2608 1317 2651 patientem
1340 2608 1566 2647 Cz'aeeonz‘us,
1587 2616 1642 2638 sa-

157 2658 302 2700 pientem
323 2658 424 2690 codd.
566 2661 607 2694 18
620 2661 788 2704 primebat
803 2671 837 2691 α.
978 2670 1170 2703 quanquam
1187 2658 1254 2701 (α).
1398 2659 1436 2691 19
1450 2657 1641 2689 deducebat

159 2710 189 2740 b.
351 2710 392 2742 21
415 2710 512 2742 turbe
531 2722 564 2743 α.
727 2712 974 2744 existimabant
992 2723 1026 2744 α.
1189 2712 1233 2746 22
1248 2711 1355 2754 partis
1374 2721 1442 2743 om.
1465 2710 1495 2741 b.

154 2761 197 2793 24
215 2761 526 2803 exultationetnque
546 2772 579 2794 a.
811 2765 853 2798 25
872 2763 966 2806 pars]
991 2764 1057 2796 sibi
1075 2763 1159 2796 add.
1179 2763 1296 2805 ajsed
1308 2763 1455 2805 punctis
1474 2760 1638 2792 deletam.

299 2813 341 2847 20
362 2818 463 2845 antea
480 2824 501 2844 α
521 2814 616 2846 ‘mss.
637 2815 681 2857 4',
701 2822 780 2849 ante
800 2827 833 2849 u.
1013 2817 1056 2850 28
1077 2817 1238 2849 concione
1258 2816 1325 2857 (a).
1495 2814 1537 2846 29
1557 2813 1641 2846 facit

158 2866 262 2898 uerba
282 2876 315 2904 a,
336 2867 440 2899 uerba
462 2866 545 2899 facit
562 2868 639 2900 edd.
829 2869 871 2901 30
890 2869 1072 2901 cohortans
1094 2869 1124 2900 b.
1308 2867 1444 2909 hropria
1462 2876 1494 2896 ιι.
