1835 3240
99 172 182 216 392
621 175 696 217 DE
727 175 916 218 BELLO
949 176 1200 220 GALLICO

99 285 157 330 18
183 285 287 327 Galli
309 301 352 328 se
373 301 509 329 omnes
542 289 589 329 ab
611 289 705 330 Dite
727 297 836 343 patre
858 297 1072 343 prognatos
1094 291 1322 344 praedicant
1341 292 1458 345 idque
1481 291 1527 332 ab
1550 292 1654 332 drui-

128 354 156 396 2
178 354 287 395 dibus
309 356 502 409 proditum
526 357 673 397 dicunt.
700 355 760 397 Ob
782 370 868 396 eam
890 371 1048 398 causam
1072 358 1198 411 spatia
1220 359 1345 399 omnis
1368 360 1553 412 temporis
1576 373 1654 399 non

178 437 343 464 numero
365 424 512 464 dierum
530 455 539 473 ,
565 424 633 464 sed
656 424 829 464 noctium
851 425 1016 474 finiunt3
1051 425 1133 465 dies
1164 426 1316 466 natales
1339 433 1378 466 et
1398 427 1590 467 mensium
1614 433 1653 466 et

131 488 156 530 3
179 504 370 531 annorum
393 491 503 531 initia
527 491 584 530 sic
606 491 835 542 obseruant,
865 499 908 532 ut
929 499 1081 533 noctem
1105 493 1188 533 dies
1210 493 1483 545 subsequatur.
1526 492 1571 533 In
1595 507 1655 533 re-

176 558 292 611 liquis
316 560 420 599 uitae
440 558 632 598 institutis
656 558 728 599 boc
749 560 833 600 fere
854 560 901 600 ab
921 560 1082 613 reliquis
1105 561 1315 609 differunt,
1351 561 1450 612 quod
1481 574 1575 600 suos
1606 561 1652 600 li-

176 626 311 675 beros,
337 626 413 666 nisi
436 640 519 666 cum
543 626 823 678 adoleuerunt,
858 635 902 668 ut
922 642 1063 668 munus
1087 629 1248 668 militiae
1269 628 1467 668 sustinere
1489 628 1654 680 possint,

177 694 301 747 palam
325 694 372 733 ad
393 706 438 733 se
459 693 569 734 adire
590 708 668 734 non
690 696 893 748 patiuntur
913 696 1110 749 filiumque
1133 695 1269 750 puerili
1291 701 1421 734 aetate
1442 694 1482 734 in
1504 694 1657 747 publico

102 760 156 805 19
177 761 218 801 in
241 768 453 814 conspectu
474 761 597 815 patris
620 763 815 804 adsistere
837 770 952 817 turpe
974 763 1133 804 ducunt.
1158 762 1262 811 Viri,
1288 768 1453 815 quantas
1476 761 1659 814 pecunias

179 829 225 869 ab
249 829 441 869 uxoribus
465 829 566 870 dotis
588 830 746 870 nomine
769 838 1028 885 acceperunt,
1065 838 1194 871 tantas
1226 844 1278 870 ex
1299 829 1380 870 suis
1405 828 1516 868 bonis
1540 828 1658 868 aesti-

131 895 158 935 2
179 897 352 936 matione
375 897 478 936 facta
500 911 586 937 cum
611 898 765 939 dotibus
789 899 1096 939 communicant.
1158 897 1286 938 Huius
1317 897 1442 937 omnis
1474 895 1662 950 pecuniae

179 963 416 1004 coniunctim
447 964 547 1004 ratio
580 965 745 1006 habetur
775 967 1003 1020 fructusque
1031 973 1265 1007 seruantur:
1300 972 1390 1005 uter
1421 977 1555 1004 eorum
1578 963 1658 1003 uita

177 1032 399 1085 superarit,
433 1033 480 1072 ad
513 1047 599 1072 eum
631 1047 720 1087 pars
745 1035 948 1087 utriusque
971 1049 1056 1075 cum
1080 1034 1270 1074 fructibus
1293 1032 1541 1086 superiorum
1564 1037 1661 1070 tem-

132 1098 157 1138 3
180 1113 318 1153 porum
341 1101 534 1153 peruenit.
580 1100 668 1142 Viri
689 1101 729 1141 in
752 1115 900 1142 uxores
916 1132 926 1150 ,
951 1102 1065 1142 sicuti
1088 1103 1129 1142 in
1151 1102 1295 1142 liberos
1312 1132 1321 1150 ,
1346 1100 1452 1140 uitae
1474 1099 1660 1150 necisque

179 1166 323 1207 babent
345 1175 604 1221 potestatem3
631 1175 670 1209 et
691 1184 777 1209 cum
800 1170 1087 1224 paterfamiliae
1109 1169 1340 1209 inlustriore
1362 1166 1449 1206 loco
1463 1172 1578 1205 natus
1597 1165 1663 1204 de-

180 1235 326 1285 cessit,
361 1236 443 1276 eius
467 1236 670 1290 propinqui
694 1236 934 1276 conueniunt
956 1243 1018 1286 et,
1053 1236 1098 1276 de
1120 1242 1246 1276 morte
1269 1235 1302 1275 si
1322 1248 1387 1274 res
1408 1234 1449 1274 in
1472 1232 1662 1285 suspicio-

180 1316 269 1342 nem
292 1303 426 1353 uenit,
459 1305 505 1343 de
537 1303 728 1344 uxoribus
759 1303 800 1343 in
821 1303 1007 1344 seruilem
1029 1304 1183 1343 modum
1217 1302 1486 1356 quaestionem
1518 1299 1663 1339 hahent

180 1377 244 1419 et,
277 1370 311 1410 si
333 1377 562 1424 conpertum
586 1379 670 1420 est,
701 1371 784 1424 igni
812 1378 930 1424 atque
962 1371 1142 1411 omnibus
1173 1370 1382 1411 tormentis
1413 1367 1663 1408 excruciatas

133 1437 159 1478 4
180 1437 434 1478 interficiunt.
488 1437 650 1479 Funera
681 1445 774 1479 sunt
803 1452 875 1492 pro
907 1440 1014 1479 cultu
1035 1437 1239 1479 Gallorum
1270 1437 1477 1491 magnifica
1499 1442 1538 1475 et
1558 1449 1663 1475 sum-

179 1513 342 1560 ptuosa3
369 1507 602 1560 omniaque,
635 1520 735 1562 quae
757 1506 858 1547 uiuis
882 1507 992 1547 cordi
1016 1507 1137 1546 fuisse
1160 1506 1428 1555 arbitrantur,
1462 1504 1502 1544 in
1533 1503 1664 1557 ignem

179 1574 376 1625 inferunt,
403 1575 519 1615 etiam
543 1574 749 1624 animalia,
784 1588 829 1615 ac
851 1575 966 1628 paulo
988 1588 1106 1628 supra
1129 1575 1228 1614 hanc
1250 1573 1480 1614 memoriam
1501 1570 1605 1612 serui
1627 1577 1666 1610 et

181 1642 370 1692 clientes,
397 1655 493 1697 quos
517 1642 563 1682 ab
585 1642 634 1682 iis
657 1643 818 1684 dilectos
842 1656 932 1683 esse
954 1643 1186 1692 constabat,
1210 1642 1323 1682 iustis
1347 1640 1549 1681 funeribus
1572 1653 1665 1679 con-

104 1709 161 1754 20
185 1710 299 1750 fectis
322 1724 399 1750 una
423 1710 713 1750 cremabantur.
769 1708 881 1763 Quae
914 1711 1093 1751 ciuitates
1116 1709 1356 1750 commodius
1379 1722 1488 1748 suam
1509 1720 1665 1760 rempu-

181 1777 320 1817 blicam
345 1777 621 1818 administrare
645 1778 941 1828 existimantur,
965 1777 1111 1818 habent
1132 1777 1281 1831 legibus
1305 1783 1498 1825 sanctum,
1524 1775 1556 1815 si
1580 1775 1665 1827 quis

182 1845 273 1898 quid
295 1845 341 1885 de
363 1844 562 1898 republica
585 1859 606 1885 a
627 1846 800 1886 finitimis
822 1860 980 1887 rumore
1003 1853 1069 1886 aut
1090 1847 1192 1886 fama
1213 1844 1425 1898 acceperit,
1449 1843 1506 1883 uti
1523 1843 1569 1883 ad
1584 1855 1665 1882 ma-

134 1913 162 1954 2
183 1913 391 1967 gistratum
414 1913 564 1954 deferat
586 1928 685 1954 neue
708 1929 793 1954 cum
817 1929 890 1967 quo
913 1915 990 1955 alio
1014 1915 1299 1962 communicet,
1334 1911 1434 1965 quod
1457 1924 1576 1965 saepe
1598 1909 1666 1949 ho-

183 1981 309 2021 mines
333 1982 567 2022 temerarios
597 1989 713 2035 atque
744 1982 947 2036 imperitos
980 1982 1090 2022 falsis
1124 1980 1348 2022 rumoribus
1379 1978 1524 2019 terreri
1557 1984 1597 2017 et
1617 1977 1665 2016 ad

182 2049 334 2090 facinus
356 2049 489 2104 inpelli
513 2056 553 2090 et
573 2050 620 2091 de
650 2050 812 2091 summis
834 2050 952 2091 rebus
975 2050 1181 2091 consilium
1205 2062 1344 2103 capere
1367 2046 1565 2100 cognitum
1588 2051 1663 2085 est.

329 2198 343 2230 1
365 2204 525 2240 prunatos
547 2199 578 2231 b.
718 2200 818 2242 idque
837 2211 879 2232 ex
898 2199 1076 2232 druidibus
1097 2199 1184 2231 boe.
1324 2199 1344 2231 2
1363 2197 1402 2228 ob
1422 2196 1507 2227 hanc
1526 2201 1663 2225 causam

184 2249 386 2281 Aimoz'nus.
526 2250 672 2293 spatium
693 2251 710 2282 b
724 2261 753 2282 e.
894 2251 913 2284 3
932 2251 1055 2283 finiunt
1072 2254 1109 2281 ut
1129 2250 1202 2280 dies
1221 2249 1238 2280 b
1251 2259 1280 2280 e.
1422 2254 1597 2278 mensuum
1616 2253 1664 2274 m.

178 2309 239 2340 pr.
258 2299 300 2330 B.
488 2302 506 2333 ὖ
525 2311 544 2332 a
561 2302 764 2333 Az'moz'nus.
982 2301 1000 2334 6
1019 2301 1248 2332 adoleuerunt
1265 2299 1336 2332 AB
1353 2299 1379 2331 C
1392 2308 1429 2337 e,
1451 2294 1666 2328 adoleuerint

183 2351 375 2382 Az‘moinus
393 2362 428 2383 u.
639 2352 657 2383 7
677 2353 719 2384 ad
738 2362 774 2384 se
793 2352 843 2384 ire
862 2353 892 2384 b.
1102 2352 1276 2394 filiumque
1295 2352 1327 2383 in
1346 2349 1470 2393 puerili
1491 2349 1521 2379 b.

183 2402 204 2434 8
223 2402 392 2434 adsistere
410 2404 481 2444 (B).
622 2404 756 2446 uirique
776 2410 921 2447 quantas
943 2405 973 2436 b.
1116 2404 1134 2436 9
1156 2404 1377 2446 ‘acceperunt
1394 2400 1435 2431 D’
1455 2396 1667 2440 (acceperint

179 2453 300 2495 puto).
443 2455 477 2486 11
501 2457 584 2486 ante
600 2459 678 2486 uter
696 2455 836 2487 addunt
854 2460 890 2487 ut
909 2457 944 2496 b,
967 2460 1001 2486 et
1016 2455 1218 2487 Az'moz'nus.
1393 2452 1433 2484 12
1451 2448 1668 2492 superauerit

183 2505 385 2536 Az‘momns.
523 2515 597 2536 cum
618 2504 732 2537 fructu
753 2507 810 2538 be.
975 2505 1013 2537 13
1032 2504 1210 2547 perueniat
1230 2504 1260 2535 b.
1424 2501 1465 2533 14
1485 2505 1521 2532 ut
1540 2509 1614 2531 cum
1634 2499 1664 2530 b.

328 2554 580 2597 paterfamilias
599 2558 800 2589 Az'moinus.
958 2549 1158 2588 inlustriore
1176 2555 1219 2587 B.
1383 2554 1423 2586 15
1444 2552 1667 2595 suspitionem

185 2618 232 2640 m.
248 2616 306 2648 pr.
327 2606 370 2637 B.
516 2607 553 2638 17
574 2613 770 2649 conpertum
789 2609 830 2640 B.
974 2608 1050 2648 igne
1070 2608 1101 2638 b.
1223 2605 1416 2647 tormentis]
1438 2605 1614 2648 suppliciis
1634 2604 1665 2635 b.

331 2658 370 2690 19
389 2658 499 2689 omnia
518 2668 672 2700 quaeque
687 2660 746 2691 Be
775 2658 972 2702 ‘plut-z'tni',
1004 2659 1115 2690 omnia
1135 2668 1219 2701 quae
1237 2659 1269 2690 D
1282 2684 1290 2698 ,
1319 2663 1352 2690 et
1370 2658 1481 2690 omnia
1501 2667 1585 2700 quae
1607 2657 1669 2688 Ai-

186 2711 340 2741 moz‘nus.
481 2708 523 2742 20
542 2710 723 2740 conferunt
742 2710 773 2741 b.
926 2710 965 2743 21
987 2709 1027 2741 ab
1046 2709 1099 2741 bis
1119 2709 1149 2740 B
1166 2710 1366 2741 Aimoinns.
1530 2708 1573 2742 23
1592 2706 1667 2749 quis

186 2772 254 2794 om.
276 2761 334 2793 be.
535 2760 579 2793 24
598 2766 657 2792 aut
673 2761 703 2792 B
720 2760 768 2803 (ιέ
785 2771 830 2792 m.
845 2770 906 2802 pr.
925 2760 1005 2802 aud)
1024 2761 1158 2802 reliqui
1173 2761 1381 2801 Aimoz'nus,
1404 2770 1443 2792 ac
1462 2760 1479 2791 b
1493 2770 1522 2791 e.

186 2813 384 2857 acceperint
399 2831 445 2836 —
462 2812 620 2845 deferant
640 2813 658 2844 b
671 2824 700 2844 e.
841 2813 883 2848 25
903 2823 966 2855 quo
980 2823 1047 2845 om.
1061 2813 1092 2844 b.
1235 2813 1481 2845 communicent
1500 2811 1528 2851 b,
1546 2820 1617 2841 non
1635 2819 1664 2841 e.

330 2864 372 2899 26
391 2863 565 2906 imperitos
584 2873 604 2895 α
617 2874 651 2905 e,
672 2863 850 2906 impeditos
869 2863 942 2896 AB
956 2863 1027 2896 CD
1046 2863 1247 2895 Az‘moz'nus.
1384 2862 1426 2898 27
1444 2861 1563 2904 inpelli
1581 2861 1623 2892 B.

1694 901 1735 934 10

1695 1237 1735 1270 15

1694 1576 1737 1611 20

1696 1915 1738 1949 25
