1835 3240
120 185 201 228 716
498 184 670 228 BELLI
689 183 936 227 AFRICAE
960 182 1147 227 CAPVT
1166 186 1221 229 95
1235 188 1366 230 -98,

121 299 178 343 95
199 298 438 340 interficeret
461 299 595 354 [idque
616 298 817 351 obtinuit}
851 295 896 337 P.
919 296 1062 338 Sittius
1083 298 1242 340 interim
1264 301 1374 354 pulso
1396 301 1575 343 exercitu
1595 298 1669 343 Sa·

193 366 336 407 burrae
350 397 361 417 ‚
395 368 581 421 praefecti
602 365 720 406 Iubae
735 395 746 414 ,
778 366 941 418 ipsoque
962 365 1171 406 interfecto
1186 396 1196 415 ,
1221 381 1307 407 cuin
1329 369 1406 408 iter
1426 384 1511 410 eum
1534 368 1668 423 paucis

193 447 264 488 per
283 433 562 475 Mauritaniam
595 433 643 473 ad
666 429 883 473 Caesarem
914 433 1086 483 faceret,
1122 434 1225 474 forte
1255 434 1391 474 incidit
1419 436 1458 483 in
1480 435 1669 476 Faustum

190 501 500 555 Afraniumque,
526 500 588 552 qui
611 513 695 540 eam
719 513 874 539 manum
897 500 1106 551 habebant,
1142 515 1241 554 quae
1263 500 1418 543 Vticam
1440 503 1667 556 diripuerat,

191 569 342 622 iterque
363 569 403 609 in
427 567 658 620 Hispaniam
680 566 934 607 intendebant
965 575 1004 608 et
1033 575 1146 608 erant
1177 582 1341 608 numero
1364 569 1523 608 circiter
1543 570 1663 610 mille.

145 635 173 676 2
194 634 329 689 Itaque
363 635 547 675 celeriter
577 641 771 674 nocturno
804 641 980 688 tempore
1015 635 1167 676 insidiis
1201 635 1399 689 dispositis
1431 650 1517 675 eum
1548 637 1670 688 prima

190 704 276 744 luce
299 703 458 742 adortus
481 708 639 755 praeter
659 714 803 755 paucos
826 702 991 754 equites,
1017 703 1149 755 quiex
1165 703 1288 756 primo
1300 703 1455 757 agmine
1469 703 1666 756 fugerant,

189 770 360 823 reliquos
392 777 460 810 aut
489 769 674 810 interficit
712 776 779 809 aut
816 770 856 809 in
896 769 1134 810 deditionem
1175 770 1341 823 accipit,
1385 769 1594 809 Afranium
1631 776 1670 809 et

143 836 168 878 3
190 836 382 877 Faustum
414 851 500 877 eum
533 837 698 890 coniuge
719 843 760 876 et
780 836 912 877 liberis
936 837 1048 877 uiuos
1081 837 1199 890 capit.
1242 836 1385 878 Paucis
1416 844 1504 891 post
1532 836 1667 877 diebus

191 904 436 945 dissensione
467 904 508 944 in
540 905 721 945 exercitu
752 911 841 944 orta
872 902 1041 945 Faustus
1074 911 1113 945 et
1134 905 1324 945 Afranius
1354 905 1670 954 interficiuntur3

188 970 401 1026 Pompeiae
433 985 518 1011 cum
539 969 679 1011 Fausti
712 970 848 1011 liberis
871 968 1023 1012 Caesar
1043 972 1352 1012 incolumitatem
1374 985 1521 1025 suaque
1543 970 1672 1011 omnia

118 1038 176 1083 96
193 1040 405 1079 concessit.
440 1037 572 1092 Scipio
594 1038 749 1078 interim
771 1053 857 1078 cum
877 1037 1114 1093 Damasippo
1137 1038 1389 1092 etTorquato
1411 1046 1451 1079 et
1470 1037 1671 1079 Plaetorio

188 1106 384 1147 Rustiano
415 1105 579 1147 nauibus
609 1106 738 1159 longis
770 1107 834 1146 diu
864 1106 1103 1159 multumque
1133 1107 1292 1156 iactati,
1328 1121 1413 1147 eum
1436 1105 1668 1159 Hispaniam

187 1181 383 1227 peterent,
409 1174 457 1214 ad
479 1173 695 1228 Hipponem
717 1174 870 1226 regium
891 1174 1144 1223 deferuntur,
1170 1174 1235 1213 ubi
1257 1174 1395 1214 classis
1417 1172 1465 1213 P.
1488 1170 1580 1213 Sitti
1603 1185 1672 1226 per

140 1240 168 1281 2
188 1254 258 1294 per
278 1241 315 1281 id
338 1247 491 1294 tempus
513 1248 613 1281 erat.
656 1242 693 1280 A
724 1255 800 1293 qua
831 1241 1017 1294 pauciora
1047 1241 1093 1280 ab
1125 1240 1375 1294 amplioribus
1407 1240 1673 1280 circumuenta

188 1308 346 1360 nauigia
369 1308 663 1361 deprimuntur,
696 1306 827 1360 ibique
849 1305 983 1361 Scipio
1015 1322 1100 1348 cum
1123 1308 1261 1361 quibus
1282 1307 1396 1361 paulo
1426 1314 1518 1347 ante
1547 1306 1672 1347 nomi-

188 1375 278 1416 naui
300 1374 466 1415 interiit.

111 1443 168 1487 97
301 1440 452 1483 Caesar
472 1442 630 1483 interim
654 1441 802 1483 Zamae
823 1442 1005 1483 auctione
1037 1443 1149 1498 regia
1179 1443 1281 1482 sacta
1312 1441 1502 1495 bonisque
1536 1455 1671 1482 eorum

186 1511 355 1551 uenditis
370 1542 381 1561 ,
416 1511 479 1563 qui
510 1510 620 1550 ciues
642 1509 811 1550 Romani
836 1517 972 1550 contra
994 1511 1175 1564 populum
1198 1509 1420 1550 Romanum
1443 1522 1550 1548 arma
1572 1509 1669 1549 tule-

1706 910 1746 943 10

1706 1246 1746 1278 15

185 1585 291 1628 rant,
314 1578 575 1633 praemiisque
600 1577 864 1619 Zamensibus
879 1610 889 1629 ,
924 1578 988 1632 qui
1010 1579 1056 1618 de
1078 1592 1172 1633 rege
1196 1577 1441 1618 excludendo
1464 1576 1670 1616 eonsilium
1700 1582 1743 1617 20

187 1653 389 1699 ceperant,
416 1646 572 1686 tributis
594 1646 930 1699 uectigalibusque
952 1646 1073 1700 regiis
1097 1646 1269 1700 erogatis
1291 1658 1342 1685 ex
1363 1658 1567 1698 regnoque
1581 1658 1669 1698 pro-

186 1714 318 1754 uincia
351 1715 453 1754 facta
481 1721 598 1767 atque
628 1714 681 1754 ibi
704 1711 893 1754 Sallustio
926 1728 995 1768 pro
1027 1714 1187 1754 consule
1218 1727 1303 1753 eum
1333 1712 1497 1765 imperio
1529 1711 1667 1752 relicto

140 1781 167 1821 2
188 1782 270 1835 ipse
293 1781 417 1821 Zama
441 1795 624 1836 egressus
648 1781 803 1823 Vticam
827 1795 869 1821 se
890 1782 1053 1835 recepit.
1098 1780 1157 1822 Ibi
1188 1780 1301 1820 bonis
1323 1779 1491 1820 uenditis
1513 1791 1664 1828 eorum,

187 1850 252 1902 qui
282 1849 351 1889 sub
383 1847 479 1889 Iuba
501 1847 740 1902 Petreioque
771 1849 929 1889 ordines
952 1850 1175 1896 duxerant,
1212 1847 1469 1901 Thapsitanis
1493 1843 1563 1885 HS
1585 1852 1668 1896 XX,

184 1917 395 1957 conuentui
416 1931 551 1958 eorum
574 1914 643 1957 HS
656 1923 773 1967 XXX,
797 1917 965 1970 itemque
978 1915 1247 1957 Adrumetinis
1271 1912 1340 1955 HS
1361 1920 1477 1963 XXX,
1503 1927 1674 1953 conuen-
1703 1920 1746 1954 25

187 1984 241 2024 tui
263 1998 398 2025 eorum
420 1982 491 2025 HS
513 1993 540 2025 L
561 1984 706 2025 multae
728 1985 885 2025 nomine
907 1985 1096 2038 imponit3
1131 1984 1312 2024 ciuitates
1333 1982 1513 2034 bonaque
1534 1994 1670 2021 eorum

329 2111 455 2152 lidque
476 2110 623 2142 obtinuit
643 2110 889 2151 Omlendorpz'e‘
903 2120 1011 2141 suasa
1031 2110 1174 2141 inclusi.
1316 2108 1438 2140 Sittius
1456 2117 1490 2144 α,
1507 2106 1614 2138 Sitius
1634 2115 1668 2136 ιι.

325 2162 417 2193 inter
434 2171 453 2192 a
470 2161 499 2201 b,
514 2171 583 2193 om.
604 2172 634 2192 e.
776 2160 948 2192 Saburrae
967 2158 1089 2200 ‘ms-v),
1106 2159 1258 2191 Suburae
1277 2157 1329 2200 (a)
1342 2161 1356 2189 ἶ)
1375 2168 1408 2189 11.
1550 2157 1569 2188 4
1583 2166 1669 2198 quae

184 2232 228 2235 —
247 2213 435 2255 diripuerat
451 2212 586 2253 Morus,
609 2223 674 2255 qua
692 2231 736 2236 —-
754 2213 969 2254 diripuerant
987 2212 1089 2244 codd.
1266 2213 1283 2243 5
1303 2211 1437 2252 iterque
1455 2226 1498 2232 —
1519 2208 1674 2239 intende-

181 2265 264 2296 bant
282 2276 350 2296 01η.
371 2275 391 2295 α
413 2265 444 2304 b,
465 2274 534 2295 non
554 2275 583 2295 e.
746 2265 840 2296 mille
862 2266 878 2296 b
898 2276 926 2304 e,
949 2275 986 2295 co
1006 2275 1052 2305 (ι,-
1072 2275 1117 2295 iun
1137 2275 1170 2295 ιι.
1336 2262 1354 2294 ὓ
1375 2272 1487 2293 cuma
1507 2263 1536 2301 b,
1558 2270 1615 2292 eos
1635 2271 1670 2291 u.

322 2316 342 2348 ὃ
361 2315 538 2348 interfecit
558 2316 653 2347 ‘mss.
673 2315 718 2349 3‘.
862 2317 996 2359 accepit
1014 2327 1034 2348 α
1053 2318 1151 2348 (71133.
1171 2316 1216 2347 2³.
1360 2316 1378 2348 9
1392 2324 1465 2346 cum
1478 2313 1621 2353 coniuge
1636 2318 1671 2344 et

181 2365 298 2397 liboris
311 2366 409 2397 uiuos
423 2367 547 2408 capita
559 2366 776 2409 Stephanus,
792 2367 888 2399 uiuos
902 2368 992 2409 capit
1007 2377 1080 2398 eum
1098 2366 1240 2406 coniuge
1254 2370 1285 2397 et
1306 2364 1421 2396 liberis
1441 2366 1576 2394 ceterae
1588 2361 1667 2393 edd.

331 2417 366 2450 11
383 2417 483 2450 liberi
502 2428 536 2449 α.
679 2419 718 2450 14
737 2419 777 2450 ab
798 2429 826 2450 c.
968 2418 1120 2461 Hippone
1139 2429 1158 2450 a
1172 2429 1201 2455 e,
1221 2418 1343 2459 Ippone
1362 2417 1393 2447 b.
1536 2414 1616 2446 Sitti
1635 2424 1668 2454 a,

181 2468 258 2500 Sitii
277 2479 312 2500 ιι.
477 2480 537 2512 per
555 2480 623 2501 om.
647 2471 677 2501 b.
841 2469 879 2502 16
899 2481 973 2501 cum
993 2471 1114 2512 quibus
1136 2471 1165 2510 b,
1187 2479 1260 2501 cuin
1282 2478 1363 2509 quos
1382 2477 1403 2498 a
1421 2469 1441 2499 *2
1460 2465 1574 2505 dett„-
1594 2475 1669 2497 cuni

180 2520 222 2551 iis
241 2530 324 2561 quos
344 2530 378 2551 u.
522 2521 563 2555 20
583 2521 744 2563 praemiis
765 2521 796 2552 b.
938 2521 976 2554 21
1000 2521 1206 2561 tributisque
1227 2520 1257 2551 b.
1399 2518 1547 2558 erogatis
1569 2518 1600 2558 b,
1620 2522 1670 2548 to-

182 2570 270 2611 gatis
289 2581 310 2602 a
329 2575 374 2611 el,
396 2574 538 2614 quipro
557 2583 636 2604 παν.
659 2573 741 2604 lect.
764 2572 912 2612 donatis,
934 2572 978 2612 cl‚·
998 2573 1161 2613 irrogatis
1181 2582 1217 2603 c:
1239 2570 1411 2610 abrogatis
1430 2570 1470 2601 P.
1486 2569 1672 2601 Manutius

182 2633 217 2653 a.
237 2622 277 2654 P.
298 2623 363 2655 226
383 2627 479 2655 tva-tr.
698 2626 741 2658 22
761 2624 924 2656 Sallustio
942 2634 962 2655 a
982 2625 1013 2664 b,
1034 2623 1152 2666 Crispo
1173 2622 1336 2654 Sallustio
1355 2622 1470 2654 Aldus
1491 2633 1524 2653 u.

180 2674 222 2706 23
241 2673 367 2706 Zamae
387 2675 417 2716 b,
439 2673 542 2707 Zame
560 2686 594 2707 a.
735 2676 777 2709 24
790 2674 975 2716 duxerant]
994 2674 1141 2716 itemque
1160 2673 1243 2705 add.
1264 2684 1284 2705 α
1299 2674 1328 2713 b,
1348 2673 1443 2715 quod
1459 2676 1543 2704 ante
1560 2673 1669 2704 Adru-

179 2727 316 2758 melinis
335 2727 407 2769 (25)
423 2730 541 2769 posui.
556 2728 593 2759 P.
609 2727 687 2759 227.
829 2726 1046 2758 Thabsitauis
1064 2737 1098 2757 α.
1240 2725 1307 2767 Hs]
1328 2726 1364 2756 sl]
1385 2728 1556 2767 quatern.
1580 2723 1667 2765 (Nu-

180 2789 294 2810 meros
313 2779 414 2811 codd.
430 2782 525 2811 nolis
542 2781 697 2820 scriptos
716 2779 906 2818 tui-luten&
927 2778 1090 2818 uicesics,
1112 2779 1163 2810 bz‘s
1177 2778 1350 2819 tricesies,
1372 2778 1595 2820 quinquagies
1612 2779 1667 2817 u.)

321 2829 381 2872 xx]
401 2841 472 2863 xxx
489 2841 523 2862 a.
692 2830 734 2861 25
753 2829 986 2861 Adrumetinis
1008 2830 1026 2861 b
1045 2840 1065 2861 u
1085 2833 1178 2872 (erac
1195 2829 1466 2871 Adrunictanis),
1487 2828 1660 2862 Hadrimc-

181 2881 267 2912 lenis
286 2892 320 2913 a.
462 2882 504 2916 526
518 2887 621 2925 prins
641 2892 755 2914 eorum
775 2892 843 2913 0111.
865 2891 897 2912 a.
