1835 3240
71 906 111 940 10

74 1244 112 1277 15

72 1582 114 1616 20

554 172 734 216 COMM.
759 171 821 215 III
844 170 966 215 CAP.
990 170 1192 215 20-23.
1616 175 1697 219 575

142 292 233 334 stris
256 288 431 330 deduxit.
474 285 546 327 Ille
575 287 790 341 ignominia
822 294 862 327 et
890 286 1023 327 dolore
1052 291 1250 340 permotus
1280 285 1404 338 palam
1438 300 1480 327 se
1503 291 1617 342 profi·
1637 290 1665 331 4

143 359 233 400 eisci
265 357 311 397 ad
342 353 558 396 Caesarem
589 355 816 406 simulauit3
863 355 960 395 clam
993 353 1140 394 nuntiis
1172 353 1219 393 ad
1250 351 1440 394 Milonem
1471 358 1616 409 missis,

141 426 202 479 qui
217 422 356 465 Clodio
379 424 586 463 interfecto
611 437 656 463 eo
676 423 834 463 nomine
856 429 940 462 erat
962 423 1184 469 damnatus,
1209 428 1326 474 atque
1349 435 1395 461 eo
1418 422 1621 465 inItaliam

143 499 334 541 euocato,
369 493 468 544 quod
498 492 650 544 magnis
681 490 909 530 muneribus
940 490 1038 529 datis
1061 489 1317 543 gladiatoriae
1339 490 1508 531 familiae
1530 494 1623 533 reli-

145 560 256 614 quias
280 560 470 607 habebat,
504 560 577 600 sibi
609 558 816 598 coniunxit
843 565 960 610 atque
993 571 1079 597 eum
1102 557 1142 596 in
1165 556 1385 598 Thurinum
1408 559 1455 598 ad
1477 560 1624 600 sollici-

142 629 283 668 tandos
306 636 484 682 pastores
507 627 720 682 praemisit.
764 624 853 678 Ipse
875 640 960 665 cum
985 622 1202 665 Casilinum
1235 626 1436 676 uenisset,
1469 641 1622 681 unoque
1645 628 1670 669 5

143 703 318 749 tempore
340 696 452 749 signa
474 695 556 735 eius
578 694 761 734 militaria
783 700 901 746 atque
924 707 1032 733 arma
1055 690 1215 746 Capuae
1238 700 1372 734 essent
1393 708 1626 750 comprensa

142 772 180 804 et
202 763 345 803 familia
366 762 563 816 Neapoli,
598 762 659 802 uis
682 769 798 814 atque
821 760 986 814 proditio
1009 760 1137 814 oppidi
1160 769 1389 814 appareret,
1421 765 1625 817 patefactis

144 831 319 871 consiliis
342 831 528 871 exclusus
552 828 686 883 Capua
710 836 748 870 et
769 828 980 883 periculum
1003 828 1171 877 ueritus,
1200 829 1299 881 quod
1322 839 1540 874 conuentus
1562 848 1627 874 ar-

142 912 204 939 ma
227 905 388 952 ceperat
409 905 524 953 atque
546 912 631 938 eum
656 897 779 937 hostis
802 897 889 937 loco
912 896 1130 936 habendum
1156 897 1434 949 existimabat,
1460 901 1624 942 consilio

144 966 292 1007 destitit
314 973 429 1019 atque
452 980 497 1006 eo
519 965 662 1006 itinere
684 978 772 1004 sese
794 964 954 1004 auertit.
992 962 1264 1005 InterimMilo
1288 966 1457 1007 dimissis
1483 969 1628 1009 circum
1649 971 1703 1015 22

143 1033 354 1087 municipia
376 1033 545 1082 litteris,
581 1046 650 1082 ea,
686 1045 784 1085 quae
808 1032 981 1081 faceret,
1015 1031 1128 1072 iussu
1161 1039 1278 1088 atque
1308 1034 1472 1088 imperio
1495 1038 1627 1078 facere

142 1100 322 1155 Pompei,
346 1115 443 1154 quae
466 1101 649 1141 mandata
671 1101 717 1140 ad
740 1114 783 1141 se
806 1114 875 1154 per
896 1099 1113 1141 Vibullium
1137 1100 1265 1141 delata
1288 1110 1436 1152 essent,
1463 1118 1559 1156 quos
1577 1118 1630 1145 ex

145 1182 239 1209 aere
271 1169 398 1209 alieno
430 1169 612 1209 laborare
643 1168 933 1219 arbitrabatur,
967 1167 1218 1209 sollicitabat..
1267 1168 1385 1223 Apud
1417 1183 1513 1224 quos
1544 1186 1629 1212 eum
1650 1172 1677 1213 2

145 1238 333 1290 proficere
355 1236 451 1276 nihil
473 1243 628 1290 posset,
654 1236 882 1289 quibusdam
904 1235 1043 1276 solutis
1067 1236 1278 1287 ergastulis
1302 1235 1447 1278 Cosam
1470 1239 1511 1279 in
1533 1254 1630 1295 agro

144 1304 322 1345 Thurino
345 1317 569 1358 oppugnare
592 1304 733 1357 coepit.
776 1302 839 1344 Eo
872 1317 958 1344 cum
982 1318 1003 1344 a
1027 1301 1079 1355 Ω.
1103 1302 1227 1345 Pedio
1261 1312 1444 1359 praetore
1467 1321 1553 1347 cum
1576 1309 1633 1348 le-

147 1373 263 1425 gione
281 1403 428 1412 ......
453 1372 581 1425 lapide
612 1372 711 1411 ictus
744 1385 796 1412 ex
824 1385 937 1411 muro
968 1372 1098 1425 periit.
1141 1370 1196 1411 Et
1220 1370 1382 1413 Coelius
1412 1375 1629 1428 profectus,
1654 1376 1678 1418 3

148 1447 189 1479 ut
212 1440 440 1490 dictitabat,
474 1441 521 1479 ad
545 1439 759 1480 Caesarem
791 1439 971 1493 peruenit
992 1438 1180 1479 Thurios.
1226 1438 1302 1481 Vbi
1335 1455 1421 1480 cum
1444 1443 1633 1494 quosdam

149 1508 231 1548 eius
262 1508 461 1561 municipii
495 1508 729 1548 sollicitaret
760 1507 1035 1563 equitibusque
1058 1505 1245 1548 Caesaris
1268 1506 1394 1549 Gallis
1426 1516 1541 1563 atquc
1562 1510 1635 1551 Hi-

147 1576 295 1630 spanis,
336 1575 400 1629 qui
423 1590 469 1616 eo
493 1576 676 1629 praesidii
700 1589 813 1615 causa
838 1575 947 1615 missi
973 1582 1111 1624 erant,
1137 1576 1339 1629 pecuniam
1361 1578 1631 1631 polliceretur,

150 1644 197 1683 ab
221 1644 280 1683 his
303 1651 365 1683 est
385 1644 632 1684 interfectus.
678 1642 735 1683 lta
758 1657 988 1697 magnarum
1012 1644 1125 1684 initia
1147 1657 1307 1694 rerum,
1343 1659 1442 1697 quae
1465 1660 1633 1700 occupa·
1653 1647 1681 1688 4

150 1711 257 1751 tione
279 1712 578 1765 magistratuum
601 1718 640 1751 et
660 1718 874 1764 temporum
899 1711 1108 1751 sollicitam
1130 1710 1283 1752 Italiam
1317 1712 1535 1765 habebant,
1571 1728 1636 1755 ce-

147 1779 269 1820 lerem
293 1786 331 1819 et
355 1779 507 1819 facilem
531 1779 680 1820 exitum
704 1779 940 1819 habuerunt.

261 1845 364 1887 Libo
387 1848 587 1901 profectus
610 1848 656 1887 ab
682 1846 804 1889 Orico
829 1862 915 1887 cum
940 1847 1082 1898 classe,
1108 1848 1170 1888 cui
1194 1857 1394 1902 praeerat,
1419 1850 1575 1891 nauium
1591 1858 1631 1901 L,
1657 1850 1714 1895 23

153 1914 405 1955 Brundisium
430 1915 536 1956 uenit
556 1916 827 1969 insulamque,
869 1929 968 1969 quae
998 1923 1138 1956 contra
1169 1924 1324 1970 portum
1355 1916 1638 1960 Brundisinum

152 1990 227 2032 est,
254 1984 486 2037 occupauit,
511 1984 613 2036 quod
636 1991 837 2038 praestare
860 1984 1128 2024 arbitrabatur
1149 1999 1267 2025 unum
1289 1986 1417 2026 locum
1432 2016 1442 2036 ‚
1469 2001 1545 2040 qua
1568 2001 1636 2028 ne-

152 2051 354 2091 nessarius
379 2051 527 2092 nostris
550 2059 637 2092 erat
658 2066 843 2105 egressus
859 2083 869 2102 ,
909 2067 1022 2105 quam
1055 2053 1186 2093 omnia
1206 2053 1320 2094 litora
1346 2069 1392 2094 ac
1416 2061 1550 2108 portus
1572 2069 1639 2096 cu-

152 2119 278 2159 stodia
309 2119 464 2160 clausos
506 2120 651 2160 teneri.
714 2119 790 2160 Hic
820 2121 1027 2174 repentino
1060 2121 1230 2162 aduentu
1268 2135 1391 2163 naues
1433 2124 1637 2165 onerarias
1658 2124 1687 2166 2

299 2211 318 2244 3
337 2221 376 2244 eo
396 2211 528 2243 nomine
548 2211 724 2254 Scaliger,
745 2212 818 2244 eius
839 2212 973 2244 nomine
993 2222 1012 2243 a
1034 2212 1130 2244 ‘mss.
1146 2212 1337 2255 plerz'qne’.
1480 2215 1641 2258 dampna-

151 2265 207 2293 tus
226 2272 261 2293 α.
401 2263 422 2294 4
440 2262 648 2302 gladiatores
669 2264 700 2295 b.
844 2264 995 2305 reliquas
1015 2273 1097 2306 quas
1117 2264 1264 2296 habebat
1283 2265 1313 2296 b.
1479 2266 1498 2298 5
1516 2266 1641 2300 Thuri-

154 2324 230 2346 num
250 2312 302 2356 (a)
316 2314 333 2346 b
347 2325 375 2355 c,
396 2325 465 2346 non
485 2314 663 2347 Turinum.
808 2315 827 2348 7
845 2326 1047 2358 comprensa
1065 2326 1099 2357 a,
1120 2326 1313 2358 compressa
1333 2317 1372 2357 b;
1393 2319 1639 2360 comprehensa

154 2374 190 2395 u.
329 2365 349 2397 8
367 2365 421 2397 uis
440 2370 541 2407 atque
560 2366 703 2406 3dett.‚·
723 2366 865 2407 uisaque
885 2377 905 2398 a
918 2367 947 2407 b,
969 2367 1044 2398 uisa
1063 2371 1096 2399 et
1114 2377 1154 2407 ε,-
1172 2368 1248 2399 uisa
1268 2372 1369 2410 atque
1382 2367 1583 2410 Stephanus
1602 2380 1637 2401 u.

297 2415 489 2457 proditione
511 2417 567 2447 bc.
786 2422 969 2458 appareret
987 2418 1198 2459 Stephanus,
1219 2428 1384 2460 apparere
1402 2429 1422 2449 α
1435 2419 1452 2450 b
1465 2430 1493 2451 c.

157 2465 197 2497 10
216 2471 374 2507 coeperat
390 2478 425 2499 α.
569 2467 607 2501 13
627 2467 832 2510 Pompeique
851 2469 1009 2500 mandata
1029 2479 1063 2500 a.
1211 2469 1397 2502 Vibullium
1416 2475 1500 2503 ante
1518 2470 1641 2504 Vossi-

158 2525 217 2546 um
235 2515 398 2558 Vrsinus,
419 2518 602 2550 Bibullium
621 2529 641 2550 a
655 2530 693 2559 ε,-
713 2519 868 2550 Bibulum
887 2530 922 2551 u.
943 2520 984 2551 P.
1007 2520 1083 2551 166.
1228 2521 1267 2553 15
1288 2521 1381 2553 nihih
1401 2525 1484 2554 ante
1498 2533 1589 2555 corr.
1604 2534 1639 2555 a.

302 2569 341 2601 15
360 2569 513 2603 Thurino
534 2572 552 2603 b
566 2582 595 2611 c,
616 2571 744 2603 Turino
764 2582 798 2603 a.
963 2571 1065 2603 Pedio
1084 2582 1117 2612 α,
1139 2571 1267 2604 Paedio
1285 2584 1321 2605 u.
1487 2575 1528 2607 17
1548 2575 1645 2607 laeu-

158 2629 238 2650 nam
259 2621 404 2652 notauit
419 2621 594 2663 Scaliger.
751 2622 839 2664 perit
856 2633 876 2653 α
891 2622 921 2655 b.
1082 2623 1123 2655 18
1142 2624 1295 2656 dictabat
1315 2625 1346 2655 b.
1490 2624 1639 2658 Thurios

162 2672 219 2711 bc,
242 2670 364 2703 Turios
382 2683 415 2703 α.
555 2675 598 2708 20
618 2675 781 2716 praesidii
800 2675 840 2706 P.
860 2675 1060 2715 Manutius,
1081 2676 1268 2717 praedandi
1287 2675 1388 2708 codd.
1528 2677 1568 2709 21
1589 2677 1639 2707 his

161 2732 180 2752 a
199 2721 277 2752 edd.
292 2724 445 2762 prim-2⁸,
465 2723 508 2755 iis
525 2724 564 2755 P.
584 2724 772 2757 Manutius
790 2735 826 2756 u.
967 2726 1011 2760 22
1030 2726 1177 2758 habebat
1196 2737 1230 2758 a.
1371 2727 1413 2761 23
1434 2726 1560 2758 exitum
1583 2727 1641 2758 ha-

161 2772 285 2802 bebant
304 2776 386 2803 ante
405 2783 497 2805 corr.
519 2784 551 2805 a.
722 2777 764 2810 25
784 2780 916 2818 portum
934 2775 1174 2810 Brundisinum
1193 2788 1226 2819 α,
1247 2777 1487 2810 Brundisinum
1507 2782 1640 2819 portum

163 2822 239 2854 edd.
403 2824 443 2858 27
464 2825 575 2857 omnia
597 2824 821 2868 ciacconius,
844 2828 990 2860 omnium
1008 2827 1108 2861 codd.
1264 2829 1308 2863 28
1326 2828 1436 2860 teneri
1454 2827 1494 2859 P.
1514 2828 1642 2861 Manu-

162 2878 247 2917 tius,
268 2876 357 2908 tueri
374 2886 394 2908 a
411 2877 427 2908 b
441 2877 503 2909 cd.
