1835 3240
78 899 117 931 10

81 1234 120 1267 15

80 1912 120 1945 25

83 2250 123 2282 30

685 169 873 213 CAPVT
893 169 949 211 77
961 192 1016 200 -
1027 168 1097 211 80.
1626 167 1708 210 707

154 291 378 332 consuerat,
403 297 455 324 ex
476 284 657 338 proxima
678 284 848 337 legione,
874 297 973 337 quae
996 283 1032 323 ei
1050 280 1199 336 proelio
1220 281 1260 320 in
1282 282 1365 321 acie
1382 284 1630 332 constiterat,

151 354 258 394 iubet
279 351 470 404 equitatui
491 365 739 392 succurrere.
782 350 982 391 Labienus
1013 349 1172 391 interim
1201 348 1284 389 suis
1307 348 1497 401 equitibus
1520 351 1634 390 auxi·
1655 349 1681 389 6

153 420 204 460 lia
227 419 424 472 equestria
446 419 690 459 summittere
720 419 942 472 sauciisque
975 433 1019 459 ac
1042 417 1266 470 defatigatis
1298 416 1474 470 integros
1496 430 1634 456 recen-

153 485 397 539 tioribusque
415 486 565 527 uiribus
583 486 732 539 equites
753 485 1067 526 subministrare.
1092 484 1305 537 Postquam
1325 482 1476 535 equites
1492 481 1635 523 Iuliani
1656 484 1681 524 7

155 560 264 594 CCCC
287 554 364 594 uim
387 553 555 594 hostium
578 554 625 593 ad
647 560 708 592 IIII
730 552 835 592 milia
856 567 1020 594 numero
1049 554 1247 593 sustinere
1276 565 1354 591 non
1385 557 1569 604 poteraut
1600 558 1638 589 et

150 636 174 662 a
194 621 272 661 leui
293 628 491 661 armatura
503 619 766 660 Numidarum
785 620 1093 660 uulnerabantur
1110 618 1405 671 minutatimque
1428 616 1635 666 cedebant,

152 686 304 730 Caesar
316 688 477 729 alteram
499 687 599 728 alam
621 687 755 737 mittit,
781 688 844 741 qui
857 687 1128 740 satagentibus
1143 687 1327 727 celeriter
1339 691 1634 726 succurrerent.

155 754 243 808 Quo
265 757 368 796 facto
391 755 452 795 sui
472 755 617 795 sublati
641 756 816 795 uniuersi
837 756 877 795 in
900 755 1033 795 hostes
1051 754 1299 808 inpressione
1324 754 1427 793 sacta
1447 753 1487 793 iu
1509 752 1638 805 fugam
1661 748 1687 790 8

152 823 404 864 aduersarios
427 823 643 872 dederunt3
667 824 800 863 multis
823 823 982 872 occisis,
1008 821 1271 875 compluribus
1296 821 1510 862 uulneratis
1532 820 1637 860 inse-

150 892 228 932 cuti
249 905 318 946 per
338 898 384 930 III
405 891 511 930 milia
541 905 724 944 passuum
759 905 880 943 usque
912 891 958 930 ad
990 889 1110 930 colles
1134 889 1309 929 hostibus
1340 888 1489 929 adactis
1520 901 1563 928 se
1593 888 1640 927 ad

152 973 243 999 suos
264 958 477 1012 recipiunt.
524 955 678 999 Caesar
707 959 748 998 in
779 958 915 998 horam
947 965 981 997 X
1011 963 1297 1006 commoratus,
1331 956 1433 996 sicut
1466 962 1552 996 crat
1579 956 1639 995 in-
1660 954 1687 994 9

153 1033 352 1076 structus,
386 1039 429 1066 se
460 1026 506 1065 ad
538 1039 608 1065 sua
637 1033 769 1066 castra
798 1025 948 1079 recepit
968 1024 1150 1064 omnibus
1178 1023 1453 1063 incolumibus.
1498 1021 1541 1062 In
1565 1036 1638 1075 quo
1666 1020 1716 1061 10

152 1092 301 1146 proelio
324 1090 506 1133 Pacidius
528 1093 705 1147 grauiter
726 1093 803 1146 pilo
827 1107 896 1147 per
919 1092 1110 1133 cassidem
1134 1098 1249 1145 caput
1277 1090 1378 1130 ictus
1402 1090 1639 1143 complures-

153 1174 228 1213 que
251 1160 368 1200 duces
391 1174 436 1200 ac
459 1161 699 1201 fortissimus
721 1161 886 1214 quisque
908 1160 1107 1200 interfecti
1130 1158 1405 1211 uulneratique
1426 1164 1532 1197 sunt.

265 1225 477 1280 Postquam
501 1228 608 1268 nulla
629 1229 863 1269 condicione
887 1242 1030 1281 cogere
1053 1227 1304 1268 aduersarios
1326 1232 1505 1280 poterat,
1541 1232 1582 1265 ut
1604 1225 1643 1264 in
1660 1224 1717 1267 79

153 1310 319 1348 aequum
335 1295 462 1335 locum
479 1296 766 1337 descenderent
781 1297 1055 1350 legionumque
1069 1295 1284 1348 periculum
1299 1294 1492 1343 facerent,
1517 1306 1643 1346 neque

155 1364 240 1417 ipse
263 1363 420 1417 propius
443 1363 594 1404 hostem
618 1372 747 1404 castra
770 1378 916 1417 ponere
934 1370 1093 1417 propter
1108 1376 1231 1416 aquae
1249 1362 1451 1417 penuriam
1467 1375 1509 1401 se
1527 1374 1642 1415 posse

156 1431 514 1489 animaduertebat,
561 1432 813 1472 aduersarios
846 1446 925 1471 non
957 1431 1106 1471 uirtute
1137 1444 1274 1471 eorum
1306 1429 1529 1478 confidere,
1574 1428 1642 1468 sed

154 1513 343 1552 aquarum
364 1500 496 1554 inopia
520 1500 643 1540 fretos
666 1500 868 1553 despicere
890 1513 932 1539 se
954 1499 1176 1548 intellexit,
1213 1506 1241 1538 11
1263 1497 1373 1538 Non.
1396 1497 1498 1551 Apr.
1524 1496 1642 1537 tertia
1663 1495 1688 1536 2

157 1567 290 1622 uigilia
311 1581 496 1620 egressus
519 1567 565 1608 ab
577 1567 716 1623 Aggar
733 1574 811 1608 XVI
834 1567 940 1607 milia
961 1574 1079 1608 nocte
1101 1580 1337 1621 progressus
1360 1566 1407 1605 ad
1423 1563 1640 1618 Thapsum,

153 1635 217 1675 ubi
233 1634 434 1687 VergiliUS
458 1650 546 1676 cum
568 1636 706 1685 grandi
729 1636 925 1685 praesidio
942 1642 1141 1684 praeerat,
1168 1641 1299 1669 eastra
1317 1633 1425 1681 ponit
1444 1632 1644 1680 oppidum-

153 1715 226 1754 que
249 1715 295 1741 eo
319 1701 380 1740 die
402 1700 703 1740 circummunire
726 1699 855 1753 coepit
876 1699 1041 1751 locaque
1062 1697 1205 1737 idonea
1222 1702 1518 1750 opportunaque
1541 1708 1646 1733 com-

153 1769 264 1822 plura
287 1767 490 1822 praesidiis
505 1781 715 1821 occupare,
742 1767 874 1806 hostes
899 1780 948 1806 ne
970 1767 1119 1805 intrare
1141 1765 1190 1804 ad
1212 1778 1254 1804 sc
1278 1777 1323 1803 ac
1345 1762 1432 1802 loca
1454 1761 1645 1801 interiora

155 1850 294 1890 capere
316 1843 493 1890 possent.
539 1833 674 1889 Scipio
695 1835 855 1874 interim
877 1833 1047 1887 cognitis
1071 1830 1259 1873 Caesaris
1290 1830 1467 1870 consiliis
1499 1829 1547 1868 ad
1579 1841 1646 1868 ne·
1669 1826 1693 1867 3

155 1904 382 1944 cessitatem
405 1904 594 1943 adductus
618 1903 842 1952 dimicandi,
870 1916 917 1942 nc
942 1915 1009 1954 per
1030 1914 1221 1941 summum
1245 1899 1414 1939 dedecus
1437 1896 1647 1937 fidissimos

155 1972 237 2012 suis
259 1971 375 2011 rebus
399 1970 666 2024 Thapsitanos
690 1978 730 2010 ct
751 1969 972 2023 Vergilium
1004 1968 1228 2017 amitteret,
1263 1966 1470 2006 confestim
1495 1962 1646 2005 Caesa-

158 2053 239 2079 rem
272 2053 342 2093 per
371 2039 573 2092 superiora
606 2039 691 2079 loca
724 2044 960 2077 consecutus
991 2036 1099 2075 milia
1129 2049 1312 2088 passuum
1334 2040 1411 2073 VIII
1443 2047 1465 2072 a
1487 2031 1648 2084 Thapso

156 2107 256 2147 binis
280 2106 421 2147 castris
445 2106 638 2146 consedit.
673 2104 775 2145 Erat
791 2112 970 2158 stagnum
990 2103 1219 2151 salinarum,
1244 2102 1350 2142 inter
1365 2101 1466 2153 quod
1484 2107 1522 2140 et
1540 2114 1647 2140 mare
1662 2099 1724 2143 80

159 2175 364 2228 angustiae
389 2175 577 2228 quaedam
602 2189 679 2213 non
702 2174 867 2227 amplius
890 2172 994 2212 mille
1018 2177 1098 2212 ctD
1123 2183 1261 2224 passus
1280 2170 1524 2217 intererant,
1550 2181 1647 2220 quas

156 2240 288 2297 Scipio
309 2243 459 2284 intrare
482 2250 520 2283 et
543 2241 799 2296 Thapsitanis
824 2240 1013 2280 auxilium
1040 2240 1142 2279 ferre
1165 2236 1395 2278 conabatur.
1441 2232 1559 2287 Quod
1591 2236 1649 2274 fu-
1671 2235 1698 2274 2

302 2353 317 2385 1
341 2357 525 2385 consuerat
543 2362 562 2383 a
584 2353 615 2392 I),
637 2355 866 2383 consueuerat
886 2360 919 2381 τι.
1079 2347 1123 2389 ei]
1145 2358 1185 2379 ex
1208 2346 1236 2376 b.
1400 2344 1418 2376 3
1439 2343 1651 2375 summittere

160 2414 193 2440 a,
213 2413 278 2435 non
298 2404 406 2435 subm.
562 2405 577 2434 5
598 2407 777 2445 potuerant
797 2412 843 2433 m.
861 2411 918 2443 [η’.
940 2410 973 2430 α.
1117 2399 1134 2430 ὓ
1156 2396 1401 2436 minuatimquc
1420 2407 1453 2436 ιι,
1475 2395 1651 2426 minuatim

160 2466 189 2486 0.
330 2457 562 2487 caedebantur
580 2466 609 2487 e.
750 2452 768 2485 7
782 2452 933 2484 immittit
954 2452 984 2482 b.
1127 2452 1369 2480 succurrerent
1387 2456 1463 2487 ego,
1490 2456 1631 2477 occurre

161 2511 235 2536 rcut
253 2507 352 2538 codd.
373 2508 412 2539 P.
434 2508 510 2540 225,
690 2506 708 2537 ὃ
730 2504 781 2535 sni
802 2503 928 2535 sublati
951 2513 1019 2533 om.
1045 2502 1076 2531 b.
1242 2498 1453 2540 inpressione
1473 2509 1506 2528 a.

165 2555 203 2587 Io
217 2555 257 2586 ad
277 2566 296 2586 α
316 2557 344 2597 b,
362 2557 395 2588 in
414 2569 447 2589 ll.
590 2555 711 2587 collem
732 2555 763 2586 lt.
906 2551 1084 2583 adiu-tibus
1105 2561 1137 2581 α.
1285 2548 1540 2580 l'iforlissimos
1560 2547 1651 2588 qnis-

164 2617 226 2648 quc
245 2617 278 2644 ce,
301 2606 476 2640 fortissimi
495 2610 618 2651 quique
641 2608 672 2638 b.
820 2604 977 2647 15p0u1it
998 2604 1028 2634 Ι).
1174 2601 1213 2633 18
1228 2602 1356 2632 uirtute
1377 2611 1490 2632 eornm
1512 2611 1532 2630 a
1555 2602 1647 2629 (ηις-κ.

159 2659 352 2701 plcrl'qzee',
372 2670 487 2692 eorum
507 2663 634 2693 uirtute
655 2670 688 2690 lt.
838 2658 873 2689 1⁴.)
889 2668 911 2688 ιι
930 2667 964 2697 a,
984 2655 1091 2697 pridie
1110 2653 1188 2685 edd.
1204 2653 1244 2684 P.
1262 2652 1337 2684 155.
1478 2652 1520 2685 20
1539 2652 1650 2690 ‚iggon-

164 2722 183 2741 ιι
206 2710 329 2750 ·’1η.ς.ς.’,
344 2710 435 2750 Agar
451 2722 488 2743 η.
627 2709 799 2742 Tliahsuin
820 2719 853 2739 (ι.
996 2706 1034 2740 21
1051 2703 1223 2746 Vergilius
1239 2715 1271 2744 a,
1287 2701 1453 2743 Virgilius
1471 2712 1504 2732 n.

164 2762 205 2795 26
225 2761 452 2794 Thabsitanos
471 2773 504 2794 a.
701 2759 888 2800 Yergilinm
908 2769 940 2798 a,
962 2755 1143 2797 Virgilium
1162 2766 1197 2786 v.
1387 2751 1595 2783 ammitteret
1612 2762 1645 2781 a.

308 2814 349 2846 ‘27
370 2814 410 2845 ab
432 2815 462 2845 b.
601 2813 735 2845 Thabso
755 2823 788 2843 (ι.
929 2811 971 2843 28
983 2809 1161 2842 contendit
1179 2817 1298 2839 erroro
1320 2806 1448 2836 maen.
1472 2815 1504 2834 u.

167 2866 207 2897 29
228 2864 335 2907 mille]
356 2864 393 2897 εὖ
411 2876 444 2897 α.
588 2864 629 2896 30
650 2863 872 2896 Thabsitanis
893 2873 925 2894 α.

1337 2910 1389 2951 45
1405 2911 1420 2927 *
