1835 3240
60 155 144 202 282
582 156 655 199 DE
691 154 881 199 BELLO
914 154 1166 199 GALLICO

89 272 115 313 6
138 286 250 325 quam
274 271 564 318 amicissimum,
597 271 631 312 si
653 272 742 324 quid
767 284 864 323 opus
888 270 990 309 facto
1014 277 1136 311 esset.
1162 270 1337 310 haberet.
1392 267 1507 321 Quod
1531 283 1615 309 cum

136 341 273 389 fieret,
299 354 376 380 non
407 339 614 379 inridicule
646 339 798 391 quidam
824 352 876 377 ex
897 337 1084 377 militibus
1108 337 1280 378 decimae
1302 337 1468 392 legionis
1491 337 1615 377 dixit:

138 408 239 460 plus,
265 421 378 460 quam
403 406 598 460 pollicitus
620 413 742 453 esset,
769 403 983 446 Caesarem
1006 405 1163 445 facere:
1187 404 1401 458 pollicitum
1423 418 1467 445 se
1489 404 1528 445 in
1551 418 1615 444 co—

138 474 264 515 hortis
286 475 508 528 praetoriae
531 473 616 512 loco
640 472 829 513 decimam
852 473 1045 527 legionem
1068 472 1291 512 habiturum
1324 472 1370 511 ad
1393 485 1531 524 equum
1556 485 1623 512 re-

63 543 121 588 43
144 543 334 583 scribere.
388 541 586 581 Planicies
618 547 704 580 erat
732 555 872 594 magna
904 547 943 580 et
972 541 1013 579 in
1047 554 1091 579 ea
1123 540 1297 580 tumulus
1321 547 1500 580 terrenus
1523 539 1618 580 satis

139 611 315 664 grandis.
373 608 447 648 Hic
470 608 581 647 locus
603 622 729 660 aequo
753 608 834 647 fere
857 608 983 661 spatio
1006 607 1053 647 ab
1077 609 1218 647 castris
1239 605 1439 646 Ariouisti
1461 613 1500 646 et
1521 603 1623 647 Cae-

91 679 119 719 2
139 679 240 720 saris
264 678 414 717 aberat.
466 674 553 724 Eo,
580 682 624 715 ut
646 682 731 715 erat
753 675 922 724 dictum,
948 676 994 716 ad
1018 675 1265 728 conloquium
1288 680 1497 713 uenerunt.
1542 671 1623 714 Le-

141 747 295 800 gionem
321 742 498 791 Caesar,
535 757 649 796 quam
681 743 790 795 equis
823 744 1065 793 deuexerat,
1101 742 1284 797 passibus
1307 740 1486 780 ducentis
1509 740 1555 780 ab
1579 753 1625 780 eo

140 814 289 854 tumulo
313 810 532 852 constituit.
577 808 676 850 Item
699 810 851 863 equites
872 809 1068 851 Ariouisti
1090 810 1171 864 pari
1202 808 1412 850 interuallo
1435 808 1626 848 constite-

94 881 118 921 3
141 887 247 920 runt.
290 878 542 927 Ariouistus,
578 891 631 918 ex
652 878 762 931 equis
786 888 825 917 ut
847 879 1180 931 conloquerentur
1201 884 1241 918 et
1261 883 1420 930 praeter
1440 888 1483 916 se
1506 876 1627 915 denos

94 949 118 988 4
141 955 183 988 ut
204 948 250 987 ad
274 946 520 999 conloquium
544 946 796 995 adducerent,
820 947 1046 999 postulauit.
1082 945 1162 986 Vbi
1184 958 1230 985 eo
1252 951 1411 985 uentum
1426 951 1502 992 est,
1527 939 1630 983 Cae-

143 1030 210 1056 sar
231 1015 342 1055 initio
366 1015 555 1054 orationis
578 1029 649 1054 sua
670 1022 911 1068 senatusque
941 1015 982 1054 in
1011 1027 1098 1054 eum
1128 1013 1318 1054 beneficia
1349 1024 1629 1052 commemora-

143 1084 216 1132 uit,
243 1082 342 1135 quod
365 1096 441 1122 rex
462 1082 675 1136 appellatus
698 1089 806 1123 esset
823 1089 1012 1131 asenatu,
1039 1082 1138 1135 quod
1161 1081 1327 1130 amicus,
1352 1080 1453 1133 quod
1467 1092 1631 1119 munera

145 1150 384 1204 amplissime
396 1150 530 1200 missa3
557 1165 670 1202 quam
683 1164 766 1191 rem
780 1158 819 1191 et
831 1150 967 1205 paucis
981 1150 1197 1203 contigisse
1210 1155 1326 1202 etpro
1339 1147 1491 1201 magnis
1507 1145 1630 1186 homi-

99 1217 124 1258 5
146 1233 238 1259 num
253 1218 388 1258 officiis
400 1231 614 1258 consuesse
626 1218 944 1268 tribuidocebat3
969 1218 1077 1257 illum
1093 1247 1104 1266 ,
1137 1231 1223 1257 cum
1244 1230 1372 1269 neque
1394 1216 1541 1256 aditum
1563 1227 1631 1254 ne-

147 1300 221 1339 qne
235 1300 392 1326 causam
407 1285 626 1339 postulandi
638 1285 780 1325 iustam
797 1285 974 1334 haberet,
990 1285 1180 1325 beneficio
1194 1298 1239 1324 ac
1253 1284 1488 1324 liberalitate
1504 1295 1576 1322 sua
1587 1295 1632 1322 ac

88 1352 126 1394 ’6
147 1360 310 1394 senatus
326 1366 372 1393 ea
385 1353 556 1406 praemia
571 1360 840 1393 consecutum.
866 1351 1043 1392 Docebat
1057 1352 1189 1402 etiam,
1207 1365 1319 1404 quam
1330 1357 1489 1390 ueteres
1501 1362 1633 1402 quam-

99 1420 127 1461 7
148 1434 222 1474 que
242 1420 371 1460 iustae
395 1434 538 1460 causae
560 1420 868 1460 necessitudinis
898 1420 995 1473 ipsis
1018 1433 1105 1459 cum
1127 1418 1303 1459 Haeduis
1324 1417 1630 1466 intercederent,

149 1502 248 1542 quae
271 1488 617 1529 senatusconsulta
649 1488 830 1541 quotiens
853 1501 1044 1540 quamque
1065 1486 1280 1526 honorifica
1307 1486 1347 1525 in
1369 1498 1438 1525 eos
1456 1486 1633 1526 factaes-

149 1563 238 1596 sent
254 1589 263 1607 ,
290 1563 331 1596 ut
345 1555 450 1596 omni
464 1562 638 1608 tempore
653 1556 773 1595 totius
788 1554 942 1596 Galliae
955 1555 1214 1611 principatum
1229 1552 1383 1594 Haedui
1399 1553 1633 1602 tenuissent,

100 1623 128 1665 8
149 1624 258 1678 prius
280 1624 413 1674 etiam,
440 1637 552 1676 quam
575 1630 751 1663 nostram
773 1623 985 1663 amicitiam
1007 1622 1265 1676 appetissent.
1301 1619 1443 1674 Populi
1464 1619 1635 1660 Romani

151 1692 252 1732 hanc
283 1705 372 1732 esse
403 1691 754 1738 consuetudinem,
787 1697 831 1730 ut
860 1692 990 1731 socios
1021 1697 1138 1743 atque
1169 1688 1315 1730 amicos
1338 1703 1417 1728 non
1438 1689 1551 1729 modo
1573 1687 1637 1727 sui

153 1760 250 1800 nihil
272 1760 502 1813 deperdere,
527 1760 596 1800 sed
617 1759 760 1813 gratia,
787 1759 993 1812 dignitate,
1019 1758 1169 1798 honore
1190 1757 1388 1798 auctiores
1410 1757 1507 1797 uelit
1521 1768 1633 1796 esse:

298 1909 312 1941 t
336 1908 427 1940 sacto
447 1919 529 1951 opus
553 1909 621 1940 Cb.
785 1907 805 1938 ‘2
824 1906 1005 1939 inridicule
1025 1905 1180 1948 ADEf.
1347 1904 1366 1938 3
1386 1903 1502 1936 facere
1522 1903 1587 1945 ef3
1608 1902 1639 1934 ei

157 1960 271 1992 facere
289 1960 432 1992 ABEb
448 1984 457 1999 ,
481 1959 544 1991 sed
560 1963 597 1991 z'n
615 1959 646 1991 B
664 1959 695 1990 ei
714 1958 870 1989 deletum
889 1961 953 1989 est.
1123 1968 1159 1989 se
1177 1956 1380 1998 ABDOE),
1410 1965 1487 1987 esse
1508 1952 1640 1986 ‘multi'

154 2012 254 2053 eset
271 2021 316 2041 m.
336 2021 403 2041 sec.
424 2011 468 2042 B.
617 2010 638 2042 4
657 2010 699 2041 ad
718 2019 839 2051 equum
859 2009 932 2040 AB
947 2009 1134 2051 CDEds,
1155 2018 1243 2040 nunc
1262 2007 1304 2038 ad
1321 2017 1443 2048 equum
1461 2016 1496 2037 u.

155 2062 349 2094 rescribere
370 2072 438 2093 om.
463 2062 494 2092 b.
684 2061 701 2091 5
722 2059 777 2101 ea]
799 2059 922 2090 itinere
940 2060 985 2091 D.
1174 2064 1308 2091 terreus
1336 2061 1463 2090 contra
1481 2054 1582 2087 codd.
1604 2064 1640 2085 u.

321 2111 339 2143 6
359 2122 501 2154 aequum
522 2111 595 2143 fere
616 2112 761 2154 spatium
772 2111 817 2152 s,
839 2110 998 2151 aequatio
1021 2111 1061 2142 C.
1218 2110 1284 2151 af.
1472 2105 1641 2139 Ariouisti

157 2168 191 2195 et
216 2162 393 2206 Caesaris]
412 2163 590 2205 utriusque
610 2164 667 2205 cf,
687 2162 843 2203 utrisque
862 2172 879 2192 c
893 2171 926 2192 a.
1069 2161 1088 2194 7
1108 2161 1233 2192 dictum
1253 2164 1306 2192 est
1322 2160 1368 2192 D.
1531 2156 1644 2188 conlo-

157 2214 270 2255 quium
288 2214 330 2245 B.
488 2215 508 2246 8
527 2214 715 2245 deuexerat
735 2213 762 2244 C
775 2214 790 2243 ‚⁹
806 2212 860 2253 bf
872 2215 909 2242 et
924 2221 970 2243 m.
991 2222 1060 2243 sec.
1081 2212 1129 2251 B,
1152 2215 1296 2242 uexerat.
1314 2210 1428 2243 ΑΒΗ
1442 2210 1483 2242 Ε.

158 2265 198 2298 10
217 2276 305 2308 equo
324 2266 369 2297 D.
510 2266 800 2307 conloquerentur
817 2266 852 2294 et
872 2264 907 2295 ll
931 2263 1146 2304 conloquium
1164 2263 1206 2294 B.
1330 2262 1366 2294 11
1395 2262 1582 2293 adduceret
1599 2260 1643 2292 A.

325 2316 399 2356 ubi]
419 2327 494 2347 cum
512 2317 567 2357 A,
587 2318 709 2359 utset
728 2326 774 2347 m.
795 2326 866 2346 sec.
887 2317 924 2346 in
950 2325 1066 2357 marg.
1088 2315 1130 2347 B.
1295 2314 1336 2349 12
1355 2309 1645 2353 commemorauit]

157 2367 369 2409 praedicauit
391 2368 506 2399 Oaron.
528 2371 565 2399 et
579 2378 648 2399 sec.
669 2378 716 2399 7η.
738 2370 771 2398 in
792 2376 908 2407 marg.
930 2366 971 2397 B.
1100 2366 1141 2398 14
1161 2365 1368 2406 amplissime
1385 2365 1458 2397 AB
1472 2364 1557 2403 GE,
1579 2372 1647 2394 am-

155 2419 310 2460 plissima
328 2428 452 2459 margo
476 2419 502 2450 C
517 2429 562 2450 m.
579 2428 638 2460 pr.
653 2421 668 2449 ?
681 2428 749 2459 pro
770 2426 848 2447 aar.
871 2416 968 2451 lect...
988 2421 1056 2448 tam
1077 2416 1286 2458 amplissima
1305 2416 1351 2446 bc
1366 2415 1449 2456 def
1459 2418 1495 2445 et
1510 2424 1557 2445 m.
1576 2421 1646 2443 see.

160 2471 197 2500 in
232 2479 348 2510 marg.
379 2469 421 2500 B.
638 2480 697 2511 pro
724 2467 872 2509 maguis]
902 2478 921 2499 a
946 2468 1104 2500 Romanis
1132 2479 1191 2510 pro
1217 2468 1371 2500 maximis
1400 2478 1416 2498 e
1445 2470 1479 2498 et
1508 2466 1646 2506 Aldus,

159 2532 179 2553 a
197 2521 356 2553 Romanis
376 2523 538 2562 proximis
560 2523 587 2554 C
601 2525 616 2553 ,⁹
633 2524 667 2552 et
684 2531 730 2552 m.
751 2531 820 2551 sec.
843 2522 877 2550 1⁴72
898 2530 1014 2561 marg.
1030 2520 1072 2551 B.
1266 2520 1304 2551 15
1325 2519 1419 2550 illum
1440 2518 1585 2549 docebat
1607 2519 1646 2557 (f,

161 2571 299 2603 dicebat
315 2571 409 2603 illum
429 2572 463 2603 d.
636 2571 726 2611 cum]
750 2571 882 2613 quando
905 2571 932 2602 C
947 2573 962 2601 ‚⁹
979 2571 1087 2611 bset
1101 2581 1147 2601 m.
1168 2580 1236 2601 sec.
1257 2570 1298 2601 B.
1466 2569 1504 2601 1ss
1524 2569 1650 2600 benefi-

164 2622 249 2653 ciom
268 2625 351 2653 ante
370 2632 461 2654 corr.
481 2624 523 2663 B,
546 2623 742 2655 beneficium
760 2622 806 2654 D.
1016 2622 1071 2661 ac]
1091 2622 1152 2653 hac
1170 2622 1215 2653 D.
1359 2620 1397 2653 17
1418 2621 1579 2663 docebat]
1600 2621 1650 2652 di—

165 2673 266 2705 cebat
285 2674 317 2713 b,
339 2673 434 2704 ‘item
455 2673 478 2705 d
495 2685 570 2705 cum
589 2674 712 2715 glossa
731 2673 775 2705 al'
794 2671 993 2709 referebat',
1020 2672 1197 2706 referebat
1221 2674 1278 2705 uel
1297 2673 1435 2705 dicebat
1453 2684 1499 2705 m.
1520 2684 1590 2705 sec.
1612 2675 1649 2706 in

165 2734 280 2766 marg.
300 2724 343 2764 B,
371 2724 404 2755 id
424 2729 478 2756 est
495 2725 671 2757 referebat
690 2724 745 2755 uel
764 2723 902 2755 dicebat
919 2733 1043 2765 margo
1065 2725 1104 2757 C.
1255 2725 1296 2757 18
1319 2724 1446 2756 Heduis
1465 2725 1507 2757 B.

168 2776 207 2808 19
228 2776 530 2818 quotienscumque
552 2778 582 2808 b.
747 2777 789 2810 22
809 2780 909 2817 atque
929 2774 993 2817 (an
1012 2779 1046 2808 et
1062 2777 1126 2808 hoc
1144 2779 1179 2808 ct
1198 2777 1366 2818 amicos‘3)
1385 2787 1454 2808 om.
1477 2777 1508 2807 b.

170 2828 240 2859 suis
263 2828 291 2859 .·{
305 2830 340 2860 et
357 2838 403 2859 m.
419 2837 479 2869 pr.
503 2828 544 2859 B.
685 2827 727 2860 23
749 2832 906 2859 auctores
925 2837 971 2859 m.
989 2837 1045 2870 pr.
1067 2829 1109 2860 B.

1661 882 1700 914 10

1664 1220 1703 1252 15

1666 1558 1708 1591 20
