1835 3240
697 174 1118 216 —184—

175 286 328 336 landus,
354 287 454 340 quod
478 287 658 340 oppidum
672 295 710 328 et
731 284 942 327 aCaesare
967 287 1202 328 tenebantur
1224 294 1261 327 et
1283 286 1329 326 ad
1343 298 1544 340 egressum
1568 294 1656 327 erat

176 360 449 407 opportunum.
495 353 627 407 ltaque
658 355 817 407 scripsit
839 352 993 394 Caesar
1025 360 1034 378 ‘
1049 355 1096 395 ab
1120 369 1187 395 ora
1210 354 1404 394 maritima
1426 350 1656 407 Oricoque,

176 429 218 461 ut.
241 437 276 462 c.
301 422 371 471 44,
398 421 413 461 Ἰ
446 427 483 462 ‘a
507 422 602 462 mari
626 421 982 475 Dyrrhachioque'.

291 488 407 541 Quod
438 497 616 529 extremo
648 503 681 528 e.
714 488 768 529 79
798 491 838 529 in
869 490 981 529 codd.
1014 490 1200 544 scriptum
1233 496 1292 529 est
1326 488 1396 527 ‘ad
1430 487 1657 541 Aeginium,

177 558 277 609 quod
300 564 361 596 est
383 557 573 596 obiectum
598 557 891 609 oppositumque
914 556 1163 607 Thessaliae,
1199 554 1363 596 Caesari
1394 554 1565 594 uenienti
1597 568 1661 594 oc-

179 623 332 673 currit',
358 624 526 677 ineptam
552 624 668 663 habet
689 624 728 662 in
750 623 915 677 simplici
938 624 1036 664 situs
1060 625 1323 664 declaratione
1346 623 1507 662 duorum
1523 622 1662 661 uerbo-

176 705 261 731 rum
295 691 393 731 idem
425 691 728 744 significantium
763 691 1097 732 coniunctionem.
1148 690 1206 731 De
1247 691 1283 730 b.
1312 689 1417 730 Gall.
1443 688 1515 737 IV,
1541 688 1611 738 ⁸22,
1635 687 1661 728 3

175 758 275 798 idem
299 758 433 797 uitium
456 758 653 797 sententia
676 758 943 798 demonstrata
966 759 1216 799 sustulimus:
1252 759 1313 798 hic
1337 757 1554 811 ponendum
1577 761 1663 795 erat

179 826 295 878 ‘quod
328 832 387 864 est
418 825 597 878 oppidum
631 826 849 878 oppositum
880 825 1142 867 Thessaliae'.
1187 825 1329 866 Priore
1362 824 1552 864 uocabulo
1575 836 1662 862 eor-

176 899 290 945 rupto
314 891 450 945 copula
472 892 518 931 ad
543 892 713 932 hiantem
737 893 955 932 orationem
979 894 1208 946 explendam
1234 894 1384 933 adiecta
1407 899 1480 932 est.

290 956 338 998 C.
363 957 434 1007 81,
459 959 484 997 2
506 959 683 1013 grauiter
714 966 897 1013 corrupta
929 967 1021 1000 sunt
1050 961 1143 1001 haec
1167 962 1307 1001 uerba:
1346 961 1469 1000 ‘nulla
1489 958 1662 999 Thessa-

176 1028 249 1067 liae
272 1027 344 1066 fuit
366 1026 505 1066 ciuitas
529 1034 685 1079 praeter
705 1025 946 1077 Larisaeos,
982 1028 1045 1080 qui
1068 1029 1219 1081 magnis
1243 1027 1486 1068 exercitibus
1512 1024 1663 1080 Scipio-

176 1094 236 1134 nis
259 1094 518 1143 tenebantur,
551 1094 642 1147 quin
667 1091 836 1134 Caesari
869 1102 1054 1148 parerent
1085 1103 1199 1148 atque
1229 1096 1420 1150 imperata
1453 1095 1659 1135 saeerent'.

176 1161 281 1201 Nam
315 1176 415 1202 unus
451 1169 533 1201 erat
567 1159 765 1215 Scipionis
800 1162 1016 1201 exercitus.
1062 1160 1168 1202 Idem
1192 1163 1313 1216 igitur
1335 1162 1395 1202 hie
1420 1163 1561 1202 factum
1586 1169 1662 1211 est,

178 1230 279 1282 quod
310 1230 390 1269 hor.
417 1243 558 1268 comm.
582 1227 624 1278 Ι,
665 1228 733 1278 85,
769 1229 792 1270 5
823 1230 863 1269 in
895 1230 1087 1270 elassibus
1118 1229 1346 1283 Hispanieis
1378 1229 1568 1270 accidisse
1600 1230 1665 1270 de-

173 1296 393 1338 monstraui
416 1310 452 1349 p.
481 1295 575 1346 145,
602 1304 644 1336 ut
666 1297 934 1350 exaggerandi
956 1297 1083 1336 studio
1105 1297 1277 1350 genuina
1308 1298 1427 1337 uerba
1459 1297 1666 1337 libidinose

175 1380 196 1404 a
219 1365 407 1418 magistro
430 1371 779 1404 commutarentur.
816 1362 919 1416 Quid
939 1360 1091 1403 Caesar
1104 1364 1322 1417 scripserit,
1348 1364 1497 1404 deliniri
1516 1365 1664 1417 nequit,

178 1447 261 1471 cum
302 1432 470 1484 uestigia
505 1432 686 1484 antiquae
723 1432 943 1485 scripturae
984 1437 1142 1470 seruata
1182 1444 1269 1471 esse
1305 1445 1546 1484 nequaquam
1578 1445 1669 1484 pro-

175 1500 301 1540 babile
323 1500 387 1540 sit.

292 1565 337 1608 C.
361 1567 429 1617 84,
456 1568 480 1608 3
503 1570 557 1609 ita
581 1570 730 1609 editur:
758 1566 971 1621 ‘Superius
996 1574 1125 1607 tamen
1146 1567 1368 1607 institutum
1391 1568 1432 1608 in
1452 1568 1665 1620 equitibus,

177 1636 275 1687 quod
300 1636 672 1686 demonstrauimus,
698 1636 898 1685 seruabat,
924 1642 979 1682 ut,
1005 1635 1185 1687 quoniam
1210 1648 1372 1674 numero
1395 1635 1525 1674 multis
1548 1636 1669 1689 parti-

179 1702 247 1742 bus
271 1710 377 1743 esset.
406 1704 586 1754 inferior,
623 1705 895 1744 adolescentes
927 1709 1043 1754 atque
1073 1702 1279 1754 expeditos
1312 1716 1363 1742 ex
1395 1703 1667 1758 antesignanis

179 1769 325 1810 eleetos
348 1771 493 1811 milites
516 1772 563 1811 ad
586 1772 856 1826 pernicitatem
871 1770 1107 1809 armisinter
1120 1770 1270 1822 equites
1284 1769 1664 1822 proeliariiuberet'.

179 1835 279 1876 Cum
304 1838 399 1878 baec
426 1840 479 1878 ita
502 1839 754 1892 legerentur,
789 1845 898 1878 recte
921 1835 1221 1890 Oudendorpius
1255 1837 1483 1878 uocabulum
1519 1837 1665 1877 ‘armis'

180 1904 389 1944 tollendum
413 1906 633 1946 iudicabat:
665 1919 792 1959 neque
820 1905 920 1945 enim
954 1904 1114 1944 rudibus
1143 1912 1211 1944 aut
1232 1905 1366 1945 neseio
1389 1905 1526 1957 quibus
1549 1905 1668 1946 rebus

181 1970 394 2012 Caesarem
428 1974 570 2014 milites
603 1974 788 2028 proeliari
818 1972 981 2012 iussisse
1014 1972 1129 2011 etiam
1153 1986 1231 2011 non
1253 1972 1441 2012 admoniti
1464 1972 1668 2025 intellege-

178 2039 286 2079 bant.
322 2038 471 2080 Verum
494 2042 535 2081 in
556 2040 649 2081 Par.
665 2055 746 2082 sec.
773 2047 812 2081 et
843 2044 932 2080 ‘sex
955 2037 1385 2092 codd.'0udendorpii‚
1412 2040 1483 2079 boc
1507 2047 1568 2080 est
1589 2055 1667 2080 uno

180 2106 371 2159 pluribus,
419 2123 530 2161 quam
563 2110 647 2163 ipse
681 2108 801 2157 uidit,
844 2107 1030 2160 scriptum
1064 2114 1124 2146 est
1158 2106 1337 2146 ‘electis'.
1400 2105 1487 2146 Hoc
1515 2108 1669 2149 restitui

182 2174 320 2215 eiectis
351 2176 552 2216 militibus.
595 2174 882 2231 Antesignanis
921 2174 1022 2214 enim
1050 2174 1126 2214 illis
1159 2175 1309 2214 leuiora
1331 2187 1437 2213 arma
1460 2174 1666 2225 dabantur,

181 2256 255 2294 quo
278 2250 412 2282 essent
442 2244 514 2296 ipsi
546 2245 807 2298 perniciores.
848 2244 980 2298 Atque
1011 2245 1065 2284 ita
1096 2243 1246 2283 demum
1278 2255 1386 2281 arma
1408 2249 1593 2282 accurate
1615 2242 1671 2281 di-

181 2316 336 2349 cuntur.
381 2308 573 2351 ‘Milites'
596 2312 689 2351 reici
713 2320 804 2353 ante
826 2312 1070 2366 participium
1095 2309 1277 2350 ‘electis'
1300 2315 1504 2361 poterant,
1531 2309 1606 2349 nisi
1629 2310 1669 2350 in

181 2376 253 2417 hoc
277 2377 452 2417 codicum
481 2392 629 2430 genere
662 2380 978 2434 interpolationis
1011 2377 1182 2432 suspicio
1212 2375 1473 2430 praeualeret.
1521 2374 1568 2416 In
1601 2376 1668 2425 iis,

183 2457 280 2495 quae
304 2444 528 2497 excipiunt:
568 2445 665 2486 ‘His
689 2454 771 2487 erat
794 2447 912 2486 rebus
934 2446 1138 2494 effectum,
1179 2451 1221 2484 ut
1242 2443 1393 2495 equites
1415 2443 1519 2484 mille
1552 2444 1669 2484 etiam

183 2510 444 2563 apertioribus
476 2511 573 2552 locis
606 2520 753 2566 septem
786 2514 933 2554 milium
967 2512 1292 2566 Pompeianorum
1329 2511 1540 2564 impetum,
1584 2526 1670 2553 eum

183 2578 342 2618 adesset
364 2592 455 2618 usus
472 2612 481 2629 ‚
507 2581 706 2621 sustinere
730 2581 942 2622 auderent'
967 2587 1078 2630 cett.,
1105 2585 1280 2633 apertum
1304 2585 1364 2618 est
1386 2576 1668 2628 Caesarianos,

184 2645 216 2685 si
239 2660 334 2699 opus
367 2654 497 2696 esset,
531 2647 569 2686 id
599 2648 741 2689 secisse
773 2649 862 2689 diei.
896 2647 940 2688 Id
971 2655 1015 2688 ut
1041 2646 1301 2701 significetur,
1341 2650 1418 2685 ‘est
1441 2645 1549 2687 usus'
1581 2648 1672 2700 poni

185 2713 306 2752 solet:
332 2713 423 2753 illud
438 2745 447 2763 ‚
474 2715 574 2767 quod
597 2717 913 2770 suprascriptum
928 2722 1003 2766 est,
1029 2715 1075 2754 de
1088 2713 1254 2754 scientia
1265 2714 1553 2754 exercitatione
1568 2728 1674 2754 com-

184 2787 319 2833 parata
342 2780 417 2821 dici
434 2783 657 2822 consueuit.
693 2781 792 2823 Cum
816 2790 946 2823 tamen
967 2795 1062 2822 usus
1086 2781 1224 2822 uenire
1246 2781 1359 2821 etiam
1374 2781 1420 2822 de
1432 2781 1669 2822 necessitate

184 2847 336 2890 dicatur
357 2848 414 2900 (b.
441 2847 544 2890 Gall.
570 2848 665 2901 Vll,
690 2850 761 2904 80,
788 2850 846 2905 1),
870 2850 939 2891 illa
961 2849 1080 2891 uerba
1102 2863 1181 2890 non
1204 2855 1352 2890 temere
1372 2849 1621 2890 mutauerim.
