1835 3240
120 914 157 945 10

122 1253 158 1284 15

117 2272 158 2304 30

623 182 806 225 COMM.
833 182 888 224 111
911 181 1035 224 CAP.
1059 183 1112 224 (33
1128 208 1173 213 —
1189 183 1257 223 66.
1669 188 1750 229 597

197 311 315 351 aegre
337 296 585 346 resisterent,
604 296 919 338 animaduersum
939 304 1001 337 est
1018 297 1154 337 uitium
1175 297 1419 347 munitionis,
1438 301 1536 350 quod
1558 315 1674 354 supra

195 367 503 405 demonstratum
538 371 622 413 est,
657 372 778 418 atque
807 365 911 405 inter
940 367 1036 405 duos
1061 365 1209 414 uallos‚
1244 379 1318 418 qua
1343 367 1553 418 perfectum
1578 382 1673 420 opus

194 446 271 472 non
304 438 412 481 erat,
447 445 514 486 per
543 447 651 473 mare
682 433 846 473 nauibus
868 434 1040 486 expositi
1062 433 1102 472 iu
1125 446 1287 473 auersos
1311 439 1467 472 nostros
1492 433 1673 486 impetum

196 501 375 540 fecerunt
396 506 511 553 atque
535 514 587 540 ex
610 508 772 553 utraque
796 501 1010 541 munitione
1034 501 1207 541 deiectos
1227 508 1338 554 terga
1358 507 1516 540 uertere
1534 506 1674 553 co'e'ge-

195 574 301 608 runt.
341 566 428 608 Hoc
450 569 618 608 tumultu
641 568 820 608 nuntiato
843 566 1103 608 Marcellinus
1127 569 1309 609 cohortes
1332 568 1504 608 subsidio
1528 569 1671 608 nostris
1695 569 1749 612 (H

192 635 463 675 laborantibus
496 635 685 676 submittit
716 650 767 675 ex
791 636 958 685 castris,
994 650 1093 689 quae
1116 637 1309 690 fugientes
1332 637 1582 689 conspicatae
1606 650 1673 676 ne-

195 717 268 755 que
300 704 387 743 illos
420 717 490 743 suo
523 703 695 743 aduentu
724 704 956 744 confirmare
989 710 1204 758 potuerunt
1226 718 1350 757 neque
1374 705 1481 758 ipsae
1504 704 1672 744 hostium

193 772 375 824 impetum
402 771 589 810 tulerunt.
625 769 762 824 Itaque
784 771 1054 825 quodcumque
1076 772 1291 812 addebatur
1313 772 1502 821 subsidio,
1528 772 1565 812 id
1587 786 1672 812 cor—
1695 773 1721 811 2

192 846 347 892 ruptum
379 838 521 879 timore
553 839 783 891 fugientium
808 847 998 879 terrorem
1023 846 1061 879 et
1083 839 1296 892 periculum
1321 840 1514 894 augebat:
1551 840 1672 880 homi-

191 907 332 946 minum
358 907 458 946 enim
483 907 729 947 multitudine
750 915 931 960 receptus
954 907 1252 960 impediebatur.
1285 906 1330 947 In
1354 923 1400 947 eo
1417 910 1564 962 proelio
1585 924 1673 949 cum
1696 909 1721 949 3

192 975 303 1029 graui
327 975 488 1014 uulnere
512 981 619 1014 esset
640 975 800 1015 affectus
823 975 1004 1027 aquilifer
1025 982 1065 1014 et
1086 988 1109 1014 a
1130 974 1283 1015 uiribus
1306 976 1553 1026 deficeretur,
1580 991 1673 1018 con-

191 1042 364 1095 spicatus
387 1042 539 1094 equites
563 1049 745 1092 nostros,
775 1041 905 1082 ‘Hanc
927 1043 1032 1097 ego',
1056 1043 1198 1095 inquit,
1227 1048 1280 1083 ‘et
1303 1043 1414 1084 uiuus
1438 1044 1581 1084 multos
1605 1059 1675 1098 per

190 1124 315 1150 annos
347 1124 488 1163 magna
523 1110 726 1164 diligentia
759 1111 912 1150 defendi
935 1117 974 1150 et
995 1125 1097 1150 nunc
1121 1111 1293 1151 moriens
1316 1112 1450 1152 eadem
1475 1113 1546 1151 fide
1571 1108 1674 1151 Cae-

191 1178 268 1217 sari
292 1178 472 1218 restituo.
517 1177 671 1228 Nolite,
700 1179 881 1228 obsecro,
907 1179 1169 1228 committere,
1194 1179 1294 1232 quod
1318 1186 1408 1219 ante
1430 1179 1469 1218 in
1493 1180 1673 1219 exercitu
1696 1178 1721 1218 4

193 1243 381 1286 Caesaris
405 1261 481 1286 non
505 1247 676 1296 accidit,
711 1254 751 1286 ut
773 1247 830 1287 rei
854 1247 1033 1287 militaris
1056 1247 1223 1287 dedecus
1246 1247 1499 1297 admittatur,
1525 1248 1674 1287 incolu—

192 1328 370 1367 memque
406 1315 453 1355 ad
486 1328 571 1354 eum
604 1315 783 1355 deserte'.
829 1313 915 1354 Hoc
939 1328 1032 1354 casu
1055 1315 1185 1367 aquila
1207 1322 1470 1356 conseruatur
1491 1315 1672 1356 omnibus

192 1383 339 1435 primae
371 1383 545 1423 cohortis
577 1382 872 1423 centurionibus
905 1383 1123 1423 interfectis
1157 1389 1313 1437 practer
1335 1383 1546 1438 principem
1571 1384 1673 1437 prio-

192 1464 288 1490 rem.
337 1449 493 1503 lamque
517 1449 746 1505 Pompeiani
780 1465 918 1504 magna
942 1451 1062 1492 caede
1085 1459 1312 1492 nostrorum
1335 1452 1478 1492 ca=tris
1503 1451 1672 1492 Marcel·
1691 1452 1748 1496 65

193 1519 260 1559 lini
292 1518 656 1573 adpropinquabant
685 1533 763 1558 non
785 1519 974 1559 mediocri
997 1527 1150 1560 terrore
1174 1520 1297 1560 inlato
1321 1520 1480 1573 reliquis
1504 1520 1676 1560 cohorti-

190 1586 284 1634 bus,
311 1594 350 1627 et
370 1585 430 1627 M.
456 1586 654 1627 Antonius
671 1618 681 1636 ,
707 1587 768 1640 qui
792 1588 1012 1641 proximum
1037 1587 1163 1628 locum
1187 1588 1472 1641 praesidiorum
1497 1588 1670 1638 tenebat,
1695 1587 1722 1627 2

191 1667 236 1693 ea
265 1668 310 1695 re
343 1655 520 1695 nuntiata
552 1669 638 1695 cum
670 1655 897 1696 cohortibus
918 1663 983 1695 XII
1016 1656 1258 1696 descendens
1288 1670 1337 1696 ex
1363 1656 1447 1696 loco
1469 1657 1675 1710 superiore

190 1722 438 1763 cernebatur.
496 1721 619 1763 Cuius
652 1724 847 1765 aduentus
878 1722 1142 1777 Pompeianos
1175 1725 1409 1778 compressit
1440 1731 1675 1777 nostrosque

192 1790 385 1840 firmauit,
418 1798 461 1831 ut
490 1805 533 1832 se
556 1805 608 1831 ex
630 1791 805 1831 maximo
828 1791 967 1832 timore
991 1792 1238 1846 colligerent.
1282 1791 1425 1845 Neque
1447 1792 1568 1832 multo
1590 1798 1677 1846 post
1699 1792 1723 1831 3

191 1854 344 1898 Caesar
376 1859 666 1912 significatione
699 1873 770 1913 per.
800 1860 961 1900 castella
992 1861 1096 1901 fumo
1128 1861 1252 1910 facta,
1287 1867 1329 1900 ut
1350 1868 1438 1901 erat
1459 1860 1675 1914 superioris

119 1955 132 1963 .
191 1926 374 1978 temporis
396 1928 664 1977 consuetudo,
690 1927 868 1968 deductis
891 1928 1120 1981 quibusdam
1145 1928 1371 1969 cohortibus
1395 1942 1448 1968 ex
1471 1928 1676 1982 praesidiis

191 1994 325 2034 eodem
359 1994 480 2036 uenit.
525 1992 603 2047 Qui
634 1995 794 2050 cognito
827 1996 1061 2039 detrimento
1084 2011 1170 2045 cum
1192 1996 1540 2037 animaduertisset
1561 1994 1676 2036 Pom·
1698 1996 1724 2035 4

192 2062 317 2115 peium
352 2070 468 2103 extra
501 2062 739 2103 munitiones
770 2077 1000 2118 egressum,
1034 2071 1076 2104 ut
1108 2064 1232 2105 libere
1254 2064 1426 2118 pabulari
1450 2071 1582 2118 posset
1603 2078 1676 2104 nec

192 2130 319 2170 minus
342 2131 486 2172 aditum
512 2131 677 2171 nauibus
702 2131 887 2182 haberet,
922 2139 1160 2172 commutata
1183 2132 1336 2172 ratione
1359 2132 1466 2181 belli,
1493 2132 1678 2185 quoniam

191 2199 437 2253 propositum
462 2213 539 2239 non
564 2206 759 2249 tenuerat,
790 2206 920 2240 castra
942 2199 1157 2240 secundum
1181 2214 1289 2240 mare
1312 2201 1424 2240 iuxta
1446 2198 1676 2254 Pompeium

190 2266 343 2306 munire
365 2266 496 2307 iussit.
524 2265 611 2319 Qua
636 2269 810 2321 persecta
832 2268 1048 2308 munitione
1071 2268 1389 2308 animaduersum
1413 2275 1474 2308 est
1495 2282 1517 2308 a
1535 2281 1673 2322 specu·
1696 2267 1752 2310 66

192 2334 380 2375 latoribus
397 2332 584 2376 Caesaris
603 2336 785 2375 cohortes
800 2336 1001 2388 quasdam,
1019 2336 1118 2389 quod
1133 2336 1259 2376 instar
1274 2336 1441 2390 legionis
1454 2336 1673 2384 uideretur,

340 2483 349 2515 1
373 2484 538 2516 resistere
557 2495 590 2516 a.
731 2486 749 2518 3
772 2486 937 2527 expositis
955 2496 975 2517 ιι
997 2487 1092 2516 ‘msa
1114 2484 1210 2526 thl.’
1351 2495 1491 2516 auersos
1502 2485 1675 2522 Fasti-nux,

194 2534 358 2565 aduersos
377 2536 477 2567 codd.
622 2538 730 2568 nostri
749 2548 769 2568 a
784 2538 801 2568 b
815 2548 843 2568 c.
987 2537 1007 2568 4
1020 2536 1152 2567 deletos
1166 2546 1202 2567 α.
1343 2539 1359 2569 5
1375 2534 1562 2567 Marcellus
1582 2545 1602 2566 a
1617 2535 1634 2565 b
1647 2546 1676 2564 c.

336 2586 354 2617 6
374 2596 415 2617 ex
434 2587 557 2619 castris
576 2597 662 2629 quae
682 2588 841 2628 lleldins,
863 2598 904 2619 ex
924 2587 1116 2629 castrisque
1136 2598 1157 2618 [ι
1171 2587 1210 2625 b;
1229 2597 1313 2629 quae
1333 2597 1372 2619 ex
1394 2587 1517 2619 castris
1537 2597 1571 2617 u.

197 2635 353 2676 sugentes
372 2647 406 2668 α.
565 2639 753 2682 conspicati
774 2640 804 2670 b.
969 2639 989 2671 8
1007 2639 1230 2681 quodcunque
1250 2638 1313 2679 (a).
1457 2639 1625 2670 adebatur
1642 2647 1675 2668 a.

343 2687 379 2718 ¹2
398 2687 512 2729 inquid
532 2699 565 2721 α.
713 2691 749 2723 13
769 2701 887 2731 magno
906 2701 938 2721 a.
1094 2690 1133 2722 16
1154 2689 1281 2721 referte
1303 2691 1332 2721 b.
1504 2690 1540 2721 19
1560 2689 1679 2730 adpro-

196 2738 401 2779 pinquabant
421 2749 454 2771 α.
596 2742 701 2773 inlato
721 2753 753 2774 a.
908 2741 951 2774 27
972 2741 1121 2773 fabulari
1141 2753 1159 2773 a
1175 2743 1205 2773 b.
1362 2742 1405 2773 29
1425 2746 1536 2772 castra
1558 2750 1678 2772 secun-

197 2790 273 2820 dum
294 2800 384 2822 mare
412 2792 468 2822 hic
486 2791 681 2833 collocavi,
710 2797 793 2836 post
819 2804 993 2834 egressum
1024 2795 1096 2835 (27)
1114 2797 1254 2836 ponunt
1273 2793 1373 2825 codd.
1395 2794 1434 2824 P.
1460 2793 1532 2825 175.

196 2841 237 2873 3«)
256 2840 296 2871 ab
316 2851 362 2872 eoe
381 2852 449 2874 emo
469 2842 538 2874 (let.
562 2853 593 2874 ιι.
763 2845 799 2877 31
824 2844 1017 2886 uideretur]
1037 2845 1170 2877 ualeret
1188 2854 1297 2886 supra
1317 2846 1486 2884 ascriptis
1506 2854 1544 2874 ur
1563 2853 1595 2883 a,
1618 2854 1677 2874 ua-

196 2892 305 2923 lerent
327 2893 357 2924 b.
