1835 3240
708 148 1133 192 —158—

180 262 333 304 Contra
352 263 392 304 in
407 259 546 303 Cilicia
567 270 606 303 et
627 263 722 304 duas
745 271 954 303 ueteranas
976 264 1152 316 legiones
1174 265 1295 306 fuisse
1317 273 1356 306 et
1369 266 1655 319 infrequentes,

180 346 279 385 qnae
300 346 417 372 causa
441 338 542 381 erat,
568 345 636 371 cur
657 344 708 371 ex
731 330 877 371 duabus
899 345 976 370 una
998 332 1231 381 efficeretur,
1257 345 1309 373 ex
1324 330 1409 374 Cic.
1432 349 1493 388 ep.
1509 335 1555 374 ad
1570 334 1655 376 Att.

180 398 243 450 V,
269 399 346 450 15,
373 399 393 439 1
419 405 598 444 constat,
632 398 693 450 qui
727 412 770 438 se
804 399 915 438 ‘duas
947 398 1124 452 legiones
1156 400 1294 440 exiles'
1328 401 1472 442 habere
1504 402 1656 442 scribit.

180 466 305 508 Recte
328 468 448 520 igitur
471 465 723 506 Ciacconius.

291 534 433 575 Eiusd.
460 550 494 574 c.
521 535 558 586 §-
575 533 601 572 4
624 532 743 572 uerba
768 531 1033 586 ‘octingentos
1057 548 1108 574 ex
1132 536 1259 575 seruis
1282 535 1364 575 suis
1388 543 1662 590 pastorumque

182 617 340 643 suorum
364 599 562 655 coegerat'
585 607 770 653 corrupta
793 613 879 639 esse
902 607 1012 640 recte
1031 615 1165 641 omnes
1179 603 1446 643 consentiunt.
1470 604 1574 644 Nam
1589 606 1662 645 etsi

182 686 260 710 non
283 685 417 710 omnes
441 676 619 722 pastores
642 668 748 707 serui
771 674 900 716 erant,
929 668 1029 719 quod
1053 666 1333 723 Oudendorpio
1358 671 1482 711 uisum
1506 678 1582 721 est,
1607 679 1665 711 ta-

181 752 269 777 men
303 751 370 777 cos
395 736 602 776 facultates
625 736 682 775 rei
707 735 910 775 familiaris
934 742 1011 774 tam
1036 742 1173 777 tenues
1196 737 1378 779 habuisse
1402 745 1585 792 apparet,
1623 745 1666 779 ut

182 805 346 845 ridicule
378 819 430 844 ex
461 817 595 843 eorum
628 804 756 843 seruis
780 802 990 856 Pompeius
1024 817 1146 857 aeque
1177 812 1294 858 atque
1325 819 1377 844 ex
1409 805 1490 846 suis
1514 807 1665 859 equites

183 871 468 926 conscripsisse
501 871 665 911 dicatur.
711 869 791 911 Sed
824 871 1045 923 corrigendi
1078 873 1253 913 rationes
1282 873 1406 913 adhuc
1428 873 1549 914 initae
1573 881 1667 914 sunt

181 956 317 994 parum
341 939 577 994 probabiles,
593 953 706 991 quas,
721 953 770 979 ne
793 939 934 992 longus
952 939 1039 989 sim,
1059 954 1135 979 non
1159 942 1486 981 commemorabO.
1519 941 1664 995 Neque

183 1009 284 1049 enim
319 1008 411 1048 mihi
443 1007 560 1047 aliter
586 1006 743 1047 uidetur
773 1006 890 1047 scribi
924 1007 1099 1060 potuisse
1123 1022 1236 1061 quam
1263 1009 1334 1048 hoc
1357 1008 1494 1049 modo:
1521 1011 1665 1050 ‘octin-

182 1082 325 1129 gentos
358 1089 410 1116 ex
441 1075 569 1115 seruis
592 1075 893 1128 pastoribusque
915 1076 997 1115 suis
1019 1090 1259 1129 suorumque
1282 1076 1498 1130 coegerat'.
1545 1075 1665 1117 Simi-

181 1143 270 1183 liter
291 1158 353 1197 ap.
381 1141 466 1184 Cic.
493 1143 539 1182 ad
562 1142 650 1183 Att.
674 1141 752 1191 IX,
778 1143 842 1193 13,
862 1142 887 1182 7
911 1143 1136 1183 aberratum
1161 1145 1281 1185 estin
1305 1144 1424 1184 llaec:
1454 1151 1542 1184 ‘nos
1565 1157 1664 1197 quae

182 1218 357 1252 monstra
382 1212 526 1253 cotidie
547 1211 822 1264 intellegamus
846 1225 897 1251 ex
918 1211 984 1251 illo
1008 1211 1138 1252 libello
1154 1242 1164 1261 ,
1198 1212 1261 1265 qui
1284 1211 1321 1250 in
1346 1211 1551 1265 epistolam
1573 1226 1665 1252 con-

181 1280 306 1319 iectus
330 1282 426 1330 est',
454 1294 540 1319 cum
563 1279 810 1319 scribendum
836 1285 945 1319 esset
970 1279 1128 1319 ‘cotidie
1151 1280 1351 1332 legamus,
1383 1280 1592 1333 intelleges
1615 1294 1667 1320 ex

181 1348 247 1388 illo
270 1348 414 1388 libello'
440 1355 536 1388 cett.

296 1413 343 1456 C.
366 1415 392 1456 6
415 1416 580 1470 optimos
604 1416 714 1455 codd.
741 1421 898 1454 secutus
922 1415 974 1454 ita
998 1415 1209 1454 constitui:
1238 1413 1422 1464 ‘Caesam
1443 1414 1668 1455 utBrundi-

182 1484 281 1524 sium
305 1484 437 1534 uenit,
471 1483 722 1523 contionatus
746 1483 844 1536 apud
868 1482 1012 1522 milites
1035 1508 1085 1513 ——
1111 1483 1446 1523 conclamantibus
1470 1483 1665 1530 omnibus,

181 1552 410 1605 imperaret,
436 1552 535 1606 quod
560 1551 694 1600 uellet,
720 1551 989 1603 quodcumque
1012 1550 1302 1603 imperauisset‚
1329 1564 1372 1591 se
1394 1564 1516 1603 aequo
1539 1551 1668 1590 animo

183 1634 271 1661 esse
294 1621 468 1660 facturos
485 1651 495 1668 ,
521 1618 555 1658 Il
578 1618 687 1659 Non.
710 1616 797 1657 Ian.
823 1631 945 1657 naues
968 1618 1101 1657 soluit.
1137 1616 1371 1670 impositae,
1398 1624 1441 1656 ut
1462 1631 1580 1670 supra
1603 1618 1668 1656 dc-

182 1695 438 1729 monstratum
472 1694 555 1735 est,
586 1686 762 1739 legiones
786 1684 858 1726 VI.
902 1684 1101 1724 Postridie
1125 1693 1266 1724 terram
1292 1685 1421 1738 attigit
1443 1683 1667 1724 Germinio-

181 1771 285 1797 rum.
328 1754 440 1796 Saxa
472 1756 573 1793 inter
595 1760 634 1793 et
655 1752 731 1793 alia
753 1753 838 1792 loc-a
862 1752 1083 1805 periculosa
1106 1753 1275 1805 quietam
1299 1760 1436 1792 nactus
1459 1752 1667 1791 stationem

183 1831 223 1864 et
245 1830 377 1877 portus
400 1836 537 1863 omnes
560 1821 723 1869 timens,
749 1820 851 1872 quod
872 1819 1001 1859 teneri
1023 1820 1069 1858 ab
1093 1821 1333 1860 aduersariis
1356 1820 1666 1870 arbitrabantur,

184 1892 229 1932 ad
254 1905 339 1932 eum
364 1891 518 1940 locum,
553 1890 618 1943 qui
640 1887 907 1943 appellabatur
927 1888 956 1940 -ἦ-
978 1885 1182 1927 Pharsalia
1198 1920 1208 1938 ‚
1234 1888 1411 1928 omnibus
1436 1888 1599 1928 nauibus
1622 1888 1668 1927 ad

184 1974 301 2000 unam
333 1958 593 1999 incolumibus
625 1957 766 1996 milites
800 1955 1013 2009 exposuit'.
1057 1954 1276 1996 Numerum
1309 1956 1507 2009 legionum
1531 1969 1672 1995 secun-

185 2028 272 2068 dum
296 2041 340 2068 ea
357 2058 367 2078 ,
403 2040 500 2080 quae
532 2039 651 2079 supra
674 2024 896 2078 disputaui,
922 2024 1097 2063 correxi.
1143 2021 1220 2063 Sed
1244 2024 1372 2064 editur
1396 2024 1536 2078 ‘pridie
1558 2022 1668 2064 Non.

183 2094 270 2135 Ian.
307 2110 430 2136 naues
462 2095 583 2135 soluit
616 2093 804 2147 impositis
826 2091 1121 2144 —legionibus
1147 2089 1263 2142 Vlt⁷3
1299 2092 1338 2132 in
1371 2091 1524 2145 optimis
1556 2092 1668 2131 codd.

185 2164 373 2217 scriptum
408 2170 469 2204 est
502 2160 557 2202 ‘II
579 2161 688 2202 Non.
714 2160 801 2201 Ian.
835 2173 958 2200 uaues
988 2160 1146 2199 soluunt
1177 2160 1382 2212 impositae
1410 2184 1464 2190 —
1494 2160 1671 2213 legiones

184 2230 291 2272 Vll'.
337 2232 388 2271 Et
419 2231 583 2285 primum
615 2230 768 2282 quidem
802 2228 877 2269 diei
909 2227 1145 2280 significatio
1177 2228 1309 2267 eadem
1341 2242 1403 2280 ap.
1428 2225 1515 2267 Cic.
1542 2241 1600 2279 ep.
1624 2227 1671 2266 ad

185 2297 301 2340 Brut.
327 2297 361 2348 I,
384 2298 432 2338 ‘14
456 2305 561 2338 extr.
579 2298 618 2338 in
635 2298 768 2337 codice
789 2295 988 2344 Mediceo,
1005 2295 1040 2335 b.
1057 2295 1146 2337 Afr.
1160 2293 1229 2344 79,
1248 2294 1274 2335 2
1297 2301 1336 2333 et
1359 2293 1470 2346 Hisp.
1486 2292 1537 2333 39
1561 2300 1667 2334 extr.

184 2367 225 2407 in
247 2365 340 2406 Par.
357 2380 458 2417 sec.,
476 2364 619 2405 b.Af1=.
643 2365 707 2415 19,
724 2365 749 2405 7
774 2364 828 2405 ‘ll
851 2366 887 2404 d.
903 2363 1013 2406 Non,
1036 2362 1338 2404 Ian.'ineoden1
1361 2361 1519 2414 legitur,
1536 2375 1635 2414 quae
1651 2376 1673 2400 a

184 2434 380 2484 librariis,
406 2449 490 2474 cum
515 2433 668 2488 ‘pridie'
690 2433 955 2482 inuenissent,
980 2432 1135 2472 inuecta
1159 2444 1246 2471 esse
1267 2443 1509 2484 nequaquam
1535 2428 1672 2481 proba-

185 2503 262 2545 bile
280 2502 450 2552 uidetur,
469 2509 507 2541 et
520 2502 654 2542 eadem
667 2502 706 2542 in
719 2501 1040 2554 inscriptionibus
1053 2499 1222 2540 inueniri
1238 2496 1576 2538 docuitMarinius
1591 2504 1667 2536 act.

185 2571 278 2611 frat.
297 2570 438 2610 Arual.
465 2585 500 2622 p.
518 2568 586 2609 50.
620 2568 773 2609 Deinde
800 2569 947 2608 ‘soluit'
970 2583 1066 2609 sane
1089 2566 1354 2608 necessarium
1374 2572 1447 2613 est,
1469 2565 1552 2613 sed,
1570 2565 1672 2616 quod

188 2638 435 2678 hocucrbum
458 2651 479 2676 a
500 2637 668 2677 librariis
690 2651 758 2690 pro
780 2637 1064 2677 consuetudine
1086 2635 1276 2688 proximis
1300 2633 1432 2673 uerbis
1454 2647 1673 2673 accommo-

190 2707 319 2747 datum
334 2713 410 2756 est,
427 2719 489 2755 ea,
507 2719 606 2758 quae
619 2711 849 2756 sequuntur,
867 2717 990 2757 neque
1005 2703 1235 2757 corrigenda
1251 2716 1376 2755 neque
1390 2715 1484 2741 uero
1498 2700 1675 2741 eicienda

191 2788 296 2822 esse,
320 2775 358 2815 id
381 2774 480 2827 quod
505 2772 606 2814 Aldo
627 2770 812 2812 Manutio
835 2771 1056 2819 uidebatur,
1075 2771 1258 2811 euincere
1282 2777 1425 2823 potest.
1461 2767 1676 2821 Sequentia

192 2842 397 2884 Victorius
429 2842 481 2883 ita
515 2840 701 2890 mutauit,
737 2847 777 2880 ut
809 2840 1003 2881 scriberet
1026 2843 1186 2880 ‘terram
1221 2837 1352 2891 attigit
1375 2834 1675 2878 Cerauniorum*
