1835 3240
702 156 954 199 ——227
1015 181 1127 187 ——

165 274 272 314 xime
292 269 507 325 indiguisse
529 269 698 319 scimus,
731 283 976 323 nequaquam
998 268 1212 310 uerisimile
1236 277 1296 309 est
1317 270 1522 324 uectigalia
1544 273 1652 327 regia

162 338 379 379 sustulisse.
421 336 502 377 Pro
528 336 776 390 ‘abrogatis'
800 344 928 377 autem
950 338 990 377 in
1014 335 1107 377 Par.
1132 351 1213 377 sec.
1240 344 1279 377 et
1301 335 1437 377 Cuiae.
1464 340 1651 391 scriptum

164 413 224 447 est
249 405 439 459 ‘togatis',
465 404 503 443 in
529 402 636 444 Scal.
667 404 899 458 ‘irrogatis',
934 405 973 444 in
996 403 1113 445 Leid.
1140 418 1197 458 pr.
1227 405 1448 458 ‘erogatis'.
1486 404 1568 444 Hoc
1590 420 1653 446 re-

162 473 248 526 cepi
279 479 393 524 utque
424 472 631 526 uectigalia
653 486 674 511 a
691 469 867 512 Caesare
889 479 1029 512 exacta
1054 473 1130 512 dici
1152 473 1408 525 interpretor,
1435 486 1508 524 qua
1531 472 1654 525 signi-

162 540 345 581 ficatione
375 540 470 580 illud
498 540 658 580 uerbum
690 539 849 591 ponitur
871 553 932 592 ap.
960 535 1047 579 Cic.
1072 540 1120 579 ad
1143 539 1229 579 Att.
1258 539 1308 589 V,
1333 538 1412 589 21,
1438 538 1478 578 7.
1512 537 1585 587 Vl,
1612 539 1652 589 1,

160 606 230 646 21.
274 606 450 662 Irrogari
475 621 577 647 noua
599 606 808 660 uectigalia
831 606 1031 645 dicuntur.
1081 604 1296 659 Sequentia
1327 606 1384 646 sic
1408 605 1651 646 edebantur:

162 672 237 713 <Ibi
258 675 372 715 bonis
398 675 563 715 uenditis
587 689 720 715 eorum
737 705 747 723 ,
781 674 844 726 qui
866 673 935 713 sub
958 671 1054 712 Iuba
1076 672 1315 726 Petreioque
1346 674 1504 714 ordines
1528 673 1653 714 duxe-

159 749 262 791 rant,
288 743 382 782 item
395 742 648 796 Thapsitanis
672 739 741 781 HS
765 741 949 790 uicesies,
976 742 1186 781 conuentui
1212 755 1347 781 eorum
1368 739 1436 781 HS
1453 741 1650 788 tricesies,

158 809 428 850 Adrumetinis
451 808 521 850 HS
546 809 722 850 tricesies
739 840 748 858 ,
784 809 997 849 conuentui
1020 823 1154 849 eorum
1178 807 1251 850 HS
1277 809 1533 864 quinquagies
1556 809 1654 849 mul-

159 884 220 917 tae
251 877 407 916 nomine
438 878 631 932 imponit'.
682 877 829 918 Verum
863 876 901 916 in
932 875 1026 917 Par.
1062 890 1144 917 sec.
1170 875 1287 917 Leid.
1315 891 1372 930 pr.
1397 875 1486 917 Pet.
1512 875 1646 917 Noru.

155 945 345 998 scriptum
387 953 447 985 est
495 952 504 969 ⁶
521 946 693 998 itemque
731 943 1018 997 Thapsitanis'.
1072 942 1178 983 Hinc
1219 943 1407 984 Clarkius
1449 944 1649 985 excidisse

156 1013 343 1064 quaedam
366 1014 653 1066 suspicabatur.
690 1010 766 1052 Sed
790 1012 844 1061 id,
870 1026 958 1051 cum
981 1012 1110 1051 omnia
1134 1011 1447 1065 oppidaalicuius
1462 1012 1651 1052 momenti

155 1079 216 1119 bic
239 1089 534 1130 enumerentur,
560 1081 760 1134 probabile
785 1094 863 1119 non
886 1080 1056 1120 uidetur.
1089 1078 1193 1119 Nam
1207 1078 1350 1119 Vticae
1372 1080 1526 1132 quidem
1547 1094 1652 1119 com-

154 1149 476 1188 memorationem
501 1146 705 1189 Clarkium
738 1148 965 1188 desiderare
997 1162 1076 1187 non
1109 1147 1294 1187 debuisse
1324 1162 1358 1186 c.
1383 1146 1438 1187 90
1460 1147 1648 1187 ostendit.

154 1213 290 1268 Itaque
322 1217 451 1270 potius
479 1216 576 1256 illud
599 1216 813 1269 ‘itemque'
847 1215 1116 1255 collocandum
1147 1215 1375 1255 existimaui
1405 1221 1496 1254 ante
1529 1214 1651 1254 uerba

159 1283 446 1324 ‘Adrumetinis
460 1282 528 1324 HS
542 1284 752 1324 tricesies'.
786 1283 1039 1323 Adrumetini
1062 1284 1164 1324 enim
1188 1282 1435 1332 tantundem,
1461 1289 1649 1335 quantum

159 1358 376 1391 conuentus
389 1351 673 1405 Thapsitanus,
699 1352 984 1405 pependerunt.

271 1486 507 1541 Superiores
531 1488 833 1529 commentarios
859 1489 904 1528 de
926 1487 1029 1527 bello
1053 1486 1180 1535 ciuili,
1213 1485 1515 1535 Alexandrino,
1541 1484 1649 1526 Afri-

156 1568 253 1593 cano
276 1562 433 1608 praeter
454 1556 779 1608 interpolationes
803 1555 982 1607 magistri
1004 1554 1202 1607 grauioris
1227 1552 1474 1606 corruptelae
1497 1552 1647 1593 duobus

154 1622 365 1673 generibus
398 1623 562 1661 affectos
595 1623 909 1662 animaduertere
938 1621 1072 1670 licuit,
1117 1628 1159 1661 ut
1188 1627 1227 1660 et
1264 1620 1461 1673 complura
1493 1621 1647 1661 omitte—

152 1695 303 1738 rentur,
331 1697 368 1729 et
392 1690 517 1729 oratio
543 1690 673 1729 uerbis
697 1690 926 1742 quibusdam
948 1689 988 1728 in
1011 1689 1323 1729 alienumlocum
1338 1688 1542 1728 translatis
1567 1696 1648 1728 tur-

152 1757 324 1796 baretur.
369 1756 523 1796 Prioris
545 1757 703 1810 generis
727 1758 900 1796 maxime
929 1756 1101 1807 insignia
1123 1754 1305 1808 exempla
1328 1761 1421 1794 sunt
1442 1755 1478 1795 b.
1507 1755 1583 1795 ciu.
1610 1754 1644 1806 I,

153 1823 231 1873 33,
261 1824 297 1863 l.
323 1822 402 1870 39,
426 1824 468 1864 2.
512 1822 575 1874 II,
602 1824 670 1865 29.
713 1823 796 1873 ΠΙ,
833 1823 858 1864 ὃ
881 1831 988 1864 extr.
1014 1823 1091 1872 22,
1126 1822 1168 1861 2.
1213 1821 1268 1862 50
1290 1830 1396 1862 extr.
1431 1822 1483 1863 71
1517 1823 1572 1862 in.
1604 1823 1643 1863 b.

150 1891 270 1931 Alex.
300 1892 366 1942 12,
396 1893 430 1932 l.
464 1892 535 1941 22,
560 1894 601 1933 2.
635 1891 702 1942 60,
730 1892 771 1932 6.
805 1893 843 1931 b.
870 1893 959 1932 Asr.
985 1891 1025 1940 2,
1050 1891 1091 1931 2.
1138 1890 1162 1929 7
1186 1897 1293 1930 extr.
1327 1889 1407 1940 26,
1432 1889 1472 1930 3.
1507 1891 1578 1938 41,
1603 1890 1643 1932 3.

150 1958 203 1998 43
227 1959 299 2008 in.,
326 1960 489 2000 alterius
510 1960 549 2000 b.
575 1961 653 2000 ciu.
681 1959 713 2010 l,
739 1959 809 2009 39,
835 1959 875 1999 3.
911 1957 981 2009 64,
1006 1959 1046 1999 7.
1079 1956 1132 2004 Π,
1157 1956 1198 2007 5,
1226 1957 1265 1997 3.
1299 1956 1369 2008 28,
1397 1958 1436 1998 1.
1471 1957 1546 2009 ΙΙΙ,
1572 1957 1643 2009 65,

150 2026 190 2066 4.
227 2026 331 2077 101,
369 2027 409 2067 5.
444 2029 480 2067 b.
506 2029 628 2068 Alex.
659 2027 738 2076 36,
764 2027 804 2067 5.
830 2027 867 2066 b.
893 2025 1090 2073 Af1·.54,
1120 2024 1158 2065 l.
1192 2024 1272 2075 87,
1297 2025 1338 2064 2.
1363 2024 1442 2076 97,
1467 2026 1509 2065 2.
1561 2024 1646 2066 Iam

151 2095 455 2135 commentarius
487 2097 533 2136 de
562 2097 663 2136 bello
695 2095 977 2150 Hispaniensi,
1011 2095 1058 2134 ad
1091 2107 1202 2147 quem
1233 2093 1395 2145 reliquis
1426 2095 1646 2148 profligatis

149 2162 386 2212 accedimus,
415 2165 627 2218 praecipue
648 2165 724 2204 illis
748 2164 977 2203 mendorum
1000 2161 1210 2216 generibus
1233 2161 1330 2200 adeo
1355 2169 1562 2215 corruptus
1586 2170 1648 2203 est

150 2236 188 2270 et
208 2230 421 2278 laceratus,
449 2232 517 2271 uix
541 2239 582 2272 ut
603 2247 718 2272 unam
742 2239 781 2272 et
802 2233 965 2272 alteram
988 2231 1168 2284 paginam
1191 2229 1387 2282 integram
1411 2230 1644 2271 continuare

149 2296 315 2350 legendo
345 2298 476 2338 liceat.
525 2296 624 2339 Cum
650 2307 777 2340 autem
801 2301 1035 2353 optimorum
1058 2298 1234 2338 codicum
1259 2297 1452 2350 scriptura
1475 2298 1644 2351 plerum-

151 2378 224 2416 que
246 2365 329 2418 ipsa
351 2374 485 2419 aperte
510 2367 637 2407 mendi
659 2381 784 2420 genus
808 2369 1068 2416 demonstret,
1094 2367 1140 2407 de
1155 2365 1252 2406 satis
1275 2365 1405 2405 multis
1418 2365 1531 2406 huius
1554 2366 1644 2406 libri

152 2431 244 2471 locis
268 2433 329 2472 hic
353 2433 625 2488 disputandum
648 2450 725 2475 non
750 2435 978 2477 existimaui
1001 2434 1306 2475 admonitionem
1329 2439 1367 2472 et
1393 2435 1642 2488 corruptelae

153 2502 392 2543 notationem
414 2504 592 2543 sufficere
617 2504 799 2544 confisus.
849 2503 957 2544 Nam
981 2505 1079 2543 mira
1101 2502 1254 2555 quidem
1277 2501 1446 2541 artificia
1461 2532 1471 2550 ,
1506 2502 1643 2554 quibus

154 2564 417 2610 Schneiderus
450 2571 517 2623 <in
540 2571 754 2624 specimine
777 2585 903 2612 nouae
926 2570 1172 2612 recensionis
1197 2569 1572 2610 comment-ariorum
1597 2571 1642 2610 de

154 2634 262 2673 bellis
287 2633 334 2676 C.
358 2636 451 2678 Iulii
472 2636 678 2689 Caesaris)
703 2640 832 2679 omnia
855 2640 994 2679 menda
1017 2630 1228 2678 defendere
1250 2636 1324 2677 sibi
1347 2636 1457 2676 uisus
1481 2644 1540 2677 est
1555 2668 1565 2686 ,
1603 2644 1644 2676 ut

155 2702 386 2754 refutarem,
411 2719 432 2745 a
453 2720 514 2746 me
538 2707 748 2760 impetrare
773 2722 850 2747 non
873 2707 991 2761 potui.

266 2766 538 2824 Compluribus
560 2774 690 2815 uerbis
714 2775 940 2816 omittendis
972 2775 1103 2815 statim
1136 2774 1262 2828 ipsum
1291 2770 1380 2811 libri
1401 2771 1551 2810 initium
1578 2771 1643 2810 de-

154 2836 361 2877 formatum
383 2845 457 2879 est.
494 2839 553 2881 lbi
574 2842 671 2882 haee
693 2844 887 2884 eduntur:
923 2841 1154 2884 ‘Pharnace
1178 2845 1392 2894 superato,
1417 2837 1556 2878 Africa
1577 2851 1639 2877 re-

1284 2912 1364 2955 15*
