1835 3240
119 191 203 234 674
717 190 887 233 BELLI
913 190 1160 234 AFRICAE

196 304 328 345 fideles
351 303 425 345 sibi
445 304 520 345 iam
540 304 760 353 effecisset,
785 303 956 343 maxima
978 310 1107 344 autem
1131 306 1279 346 auxilia
1301 306 1460 347 haberet
1480 306 1671 348 Numida—

145 372 172 412 4
193 386 278 413 rum
311 372 480 426 equitum
513 372 691 424 leuisque
724 378 973 421 armaturae,
1006 379 1211 425 praeterea
1242 387 1293 413 ex
1324 375 1414 427 fuga
1443 375 1669 428 proelioque

191 438 431 494 Pompeiano
464 438 702 493 [Labienus]
735 452 832 491 quos
873 452 1002 478 secum
1034 453 1057 479 a
1088 437 1301 480 Brundisio
1329 447 1670 495 transportauerat

191 509 341 562 equites
366 507 586 548 Germanos
609 504 824 559 Gallosque
855 506 985 559 ibique
1016 514 1152 560 postea
1184 521 1236 548 ex
1258 508 1441 558 hibridis,
1475 509 1668 550 libertinis

190 576 397 628 seruisque
434 573 746 626 conscripserat,
791 581 1042 624 armauerat,
1083 575 1139 615 uti
1170 575 1345 615 frenatos
1376 577 1660 627 constituerat,

141 641 166 682 5
188 650 394 697 praeterea
414 641 524 694 regia
546 640 695 681 auxilia
718 641 936 695 elephantis
955 649 1049 682 CXX
1070 643 1342 696 equitatusque
1357 644 1666 694 innumerabilis,

187 711 325 751 deinde
358 708 534 762 legiones
566 709 811 763 conscriptas
845 723 896 749 ex
920 709 1213 763 cuiusquemodi
1236 711 1395 764 generis
1418 711 1582 763 amplius
1603 718 1667 751 XII

138 775 165 817 6
185 778 354 818 milibus.
399 775 485 816 Hae
506 790 574 830 spe
596 783 714 829 atque
736 776 896 816 audacia
918 777 1179 818 inflammatus
1197 777 1398 818 Labienus
1421 792 1506 818 cum
1529 777 1666 830 equiti-

182 846 255 885 bus
277 843 404 885 Gallis
427 842 715 898 Germanisque
737 851 827 885 MDC
842 876 852 895 ‚
875 844 1137 885 Numidarum
1161 846 1247 886 sine
1268 846 1390 886 frenis
1412 852 1472 885 VII
1495 845 1663 895 milibus,

184 921 388 966 praeterea
418 910 632 953 Petreiano
665 913 814 953 auxilio
845 913 1017 953 adhibito
1049 913 1244 966 equitibus
1273 921 1388 962 MDC,
1422 914 1590 967 peditum
1621 928 1666 954 ac

181 981 283 1021 leuis
314 987 540 1021 armaturae
570 987 748 1033 quartum
774 987 908 1030 tanto,
942 981 1159 1034 sagittariis
1181 995 1226 1021 ac
1251 982 1510 1022 funditoribus
1533 981 1666 1035 hippo-

133 1048 160 1088 7
184 1049 407 1102 toxotisque
441 1048 703 1102 compluribus
719 1078 730 1097 ‚
767 1048 826 1088 his
857 1048 979 1102 copiis
1003 1056 1030 1088 II
1054 1049 1091 1087 d.
1116 1048 1224 1089 Non.
1250 1048 1334 1089 lan.
1370 1057 1457 1103 post
1479 1049 1577 1089 diem
1599 1054 1660 1096 VI,

179 1130 293 1169 quam
315 1116 492 1157 Africam
515 1116 660 1169 attigit,
683 1116 724 1156 in
747 1117 892 1169 campis
916 1116 1152 1170 planissimis
1175 1117 1473 1172 purissimisque
1495 1117 1541 1156 ab
1567 1117 1663 1156 hora

178 1184 254 1225 diei
286 1185 420 1237 quinta
448 1198 571 1237 usque
600 1184 648 1223 ad
669 1183 765 1224 solis
789 1197 969 1223 occasum
993 1191 1053 1224 est
1076 1185 1332 1224 decertatum.
1376 1182 1421 1223 ln
1445 1198 1491 1223 eo
1515 1184 1663 1237 proelio

99 1252 157 1296 20
176 1250 356 1292 Petreius
389 1252 568 1305 grauiter
596 1252 697 1290 ictus
728 1265 779 1291 ex
809 1251 893 1291 acie
924 1251 1104 1291 recessit.
1158 1248 1310 1291 Caesar
1342 1250 1500 1290 interim
1536 1257 1666 1290 eastra

174 1319 326 1360 munire
359 1318 610 1371 diligentius,
644 1318 840 1372 praesidia
872 1319 1026 1358 firmare
1056 1319 1175 1373 copiis
1205 1317 1418 1358 maioribus
1441 1317 1663 1370 uallumque

175 1387 222 1428 ab
253 1386 393 1441 oppido
414 1385 596 1440 Ruspina
627 1400 750 1439 usque
772 1386 819 1426 ad
843 1400 950 1426 mare
973 1387 1118 1427 ducere
1141 1394 1180 1427 et
1202 1401 1224 1427 a
1246 1386 1386 1426 castris
1410 1385 1574 1426 alterum
1597 1398 1663 1424 eo-

174 1456 259 1496 dem
275 1486 286 1505 ,
320 1469 396 1508 quo
424 1455 543 1495 tutius
564 1454 668 1494 ultro
691 1454 868 1507 citroque
891 1469 1112 1496 commeare
1135 1454 1359 1507 auxiliaque
1381 1454 1466 1493 sine
1488 1452 1661 1506 periculo

172 1523 247 1564 sibi
277 1536 510 1563 succurrere
541 1529 729 1576 possent,
769 1523 846 1563 tela
877 1529 1151 1576 tormentaque
1182 1537 1234 1563 ex
1262 1522 1428 1562 nauibus
1459 1522 1498 1561 in
1530 1527 1661 1561 eastra

172 1598 446 1646 comportare,
479 1591 670 1644 remigum
704 1597 854 1644 partem
888 1605 941 1631 ex
964 1591 1113 1641 classe,
1139 1589 1369 1640 Gallorum,
1395 1588 1658 1638 Rhodiorum,

171 1659 493 1713 epibatarumque
516 1671 671 1699 armare
693 1666 732 1698 et
753 1658 793 1699 in
817 1667 948 1699 eastra
969 1673 1162 1708 euocare,
1187 1659 1267 1709 uti,
1293 1658 1324 1698 si
1348 1665 1497 1712 posset,
1522 1657 1655 1698 eadem

168 1728 348 1777 ratione,
390 1740 466 1780 qua
496 1726 739 1776 aduersarii,
771 1727 871 1767 leuis
901 1734 1100 1767 armatura
1131 1727 1339 1767 interiecta
1371 1727 1476 1766 inter
1506 1725 1655 1778 equites

121 1795 148 1835 2
168 1809 262 1836 suos
292 1795 636 1848 interponeretur,
680 1794 974 1849 sagittariisque
1005 1807 1058 1835 ex
1088 1794 1268 1834 omnibus
1300 1793 1463 1833 nauibus
1494 1790 1653 1846 Ityreis‚

172 1861 288 1918 Syris
321 1869 358 1903 et
386 1861 572 1915 cuiusque
601 1862 759 1915 generis
783 1862 907 1902 ductis
929 1863 970 1903 in
992 1869 1123 1902 castra
1144 1861 1407 1915 compluribus
1432 1861 1655 1913 frequenta-

166 1931 234 1971 bat
264 1944 357 1971 suas
388 1929 519 1983 copias
543 1929 745 1981 (audiebat
773 1930 876 1971 enim
900 1928 1124 1984 Scipionem
1155 1936 1243 1983 post
1265 1930 1365 1969 diem
1388 1928 1547 1968 tertium
1571 1927 1655 1967 eius

168 1999 268 2047 diei,
305 2011 379 2051 quo
403 1997 593 2051 proelium
616 1998 758 2038 factum
782 2005 892 2048 erat,
927 1998 1238 2052 adpropinquare
1253 2028 1263 2047 ‚
1299 1996 1431 2049 copias
1454 2008 1546 2035 suas
1568 2008 1655 2034 cum

166 2064 347 2106 Labieno
371 2070 410 2105 et
422 2063 582 2106 Petreio
606 2065 869 2119 coniungere3
887 2067 994 2107 cuius
1018 2066 1152 2120 copiae
1175 2065 1370 2118 legionum
1393 2069 1471 2102 VIII
1492 2069 1531 2102 et
1546 2061 1652 2115 equi-

310 2170 324 2202 1
346 2168 410 2201 sibi
430 2168 496 2200 iam
514 2178 535 2200 a
553 2168 758 2210 Stephanus
777 2172 813 2200 et
827 2172 904 2201 sine
921 2171 1157 2202 annotatione
1176 2179 1220 2209 u,
1242 2169 1308 2200 iam
1328 2167 1393 2199 sibi
1413 2169 1554 2197 ceterae
1575 2164 1654 2196 edd.

164 2224 247 2253 ante
260 2231 294 2252 u.
434 2220 456 2254 2
468 2220 685 2262 equitumque
704 2220 791 2252 leuis
807 2220 840 2252 d.
982 2222 1002 2253 4
1018 2221 1160 2252 hibridis
1174 2219 1224 2261 (a)
1239 2219 1418 2260 Scaliger,
1431 2227 1509 2248 cum
1518 2217 1659 2259 suisset

164 2269 333 2312 hybridis.
482 2271 500 2302 5
519 2270 570 2302 uti
590 2270 744 2303 frenatos
763 2282 839 2313 ego,
860 2272 909 2303 uti
929 2271 1063 2304 frenato
1082 2282 1103 2303 a
1123 2272 1140 2303 b
1160 2282 1199 2311 ε,-
1220 2280 1374 2313 equoque
1393 2269 1442 2301 uti
1464 2269 1598 2300 frenato
1616 2278 1652 2299 u.

306 2323 537 2354 constituerat
556 2333 643 2365 ego,
663 2323 897 2355 condidicerat
913 2334 934 2355 a
955 2324 973 2355 b
993 2334 1010 2354 c
1027 2323 1073 2363 d,·
1093 2323 1324 2354 condocuerat
1341 2331 1376 2352 u.
1546 2319 1564 2350 6
1584 2318 1655 2349 ele-

163 2372 297 2414 phantis
315 2383 348 2413 a,
371 2373 543 2416 elephanti
563 2374 593 2415 b,
614 2374 815 2415 elephantos
836 2385 874 2413 ο,-
896 2374 1096 2416 elephantes
1115 2383 1150 2404 u.
1301 2372 1319 2403 7
1339 2371 1556 2411 conscriptas
1575 2378 1650 2410 ego,

163 2423 377 2465 conscriptae
398 2423 498 2456 codd.
656 2424 676 2456 8
695 2429 796 2467 atque
816 2423 868 2466 (a)
891 2424 986 2457 ‘mss.
1007 2424 1051 2465 3¹,
1072 2428 1173 2465 atque
1193 2432 1233 2454 ea
1252 2432 1287 2454 u.
1452 2420 1471 2452 9
1490 2428 1542 2451 co·
1558 2429 1598 2451 nc
1616 2429 1651 2459 a,

172 2481 204 2502 00
223 2483 262 2504 nc
282 2474 359 2506 cod.
380 2474 487 2515 Vrs.‚·
507 2485 588 2507 neec
610 2475 706 2507 ‘mss.
726 2480 761 2508 et
778 2476 856 2509 edd.
877 2475 980 2508 vett-³
999 2479 1084 2508 ante
1102 2474 1199 2508 Scal.
1340 2481 1386 2503 vu
1405 2481 1426 2503 a
1447 2472 1465 2503 b
1484 2482 1514 2512 c,
1534 2482 1596 2503 viu
1614 2482 1650 2503 u.

307 2524 347 2556 10
366 2535 432 2556 >mc
452 2527 550 2558 ‘mss.
570 2525 713 2564 omnes’‚
734 2537 814 2558 conc
835 2537 879 2566 α,·
898 2537 941 2558 mc
960 2536 996 2558 u.
1149 2524 1184 2557 11
1207 2526 1363 2565 quartum
1382 2532 1403 2553 a
1423 2523 1454 2563 b,
1476 2527 1597 2564 quater
1614 2533 1649 2554 u·

304 2575 603 2618 hippotaxotisque
622 2587 657 2608 a.
811 2576 850 2609 12
868 2587 891 2608 11
911 2577 943 2608 d.
970 2587 1003 2617 a,
1024 2576 1134 2619 pridie
1154 2574 1231 2606 edd.
1251 2573 1290 2605 P.
1314 2573 1388 2606 158.
1538 2584 1573 2606 V1
1593 2575 1652 2607 Ci-

160 2628 338 2668 acconius,
354 2627 492 2659 tertium
511 2626 563 2671 (a)
582 2630 617 2659 et
633 2630 686 2659 sic
703 2631 769 2660 aut
785 2639 822 2660 111
841 2628 986 2670 reliqui.
1137 2626 1176 2658 13
1194 2625 1468 2668 plurissimisquc
1490 2626 1507 2657 b
1526 2635 1556 2666 e,
1577 2626 1653 2668 plu-

162 2679 325 2721 rimisque
342 2688 377 2710 a.
533 2677 574 2710 16
593 2678 699 2721 copiis
718 2679 904 2711 maioribus
923 2689 956 2719 a,
977 2677 1162 2709 maioribus
1182 2677 1289 2719 copiis
1309 2676 1387 2709 edd.
1530 2677 1571 2710 17
1591 2677 1651 2709 du-

161 2739 238 2761 cere
256 2739 277 2760 α
298 2729 327 2769 b,
350 2728 516 2760 deducere
534 2738 569 2760 u.
732 2730 771 2762 18
789 2733 996 2761 commeatus
1015 2727 1049 2759 d.
1205 2728 1248 2761 20
1267 2727 1450 2759 Rodiorum
1469 2737 1503 2759 α.

160 2783 204 2816 22
217 2786 411 2813 armaturae
430 2779 605 2812 interfecti
627 2781 658 2811 b.
797 2780 1157 2823 231nte1·ponerentur
1175 2780 1412 2822 sagittariique
1430 2789 1450 2810 a
1471 2780 1502 2811 b.

162 2832 275 2865 Itireis
293 2843 327 2865 α.
505 2832 550 2867 24
568 2831 664 2875 Syris
683 2842 703 2863 a
724 2832 753 2872 b,
777 2831 886 2875 Syriis
905 2842 938 2863 ιι.
1114 2832 1381 2874 frequentabant
1399 2834 1481 2863 ante
1499 2842 1591 2864 corr.
1611 2842 1643 2864 α.

303 2883 346 2916 26
358 2882 627 2927 adpropinquare
648 2893 679 2915 a.
821 2882 865 2914 27
876 2881 987 2924 cuius]
999 2893 1138 2925 quorum
1151 2894 1172 2915 a
1184 2894 1212 2925 e,
1228 2883 1524 2917 001·un1b.Vz·d.c.
1538 2883 1640 2924 24,1.

1700 920 1740 952 *10

1697 1258 1737 1290 15

1691 1594 1734 1629 20

1685 1933 1729 1967 25
