1835 3240
91 155 172 197 532
652 152 727 194 DE
759 150 948 194 BELLO
982 149 1155 194 ClVlLI

166 281 375 320 magnum,
410 273 453 306 ut
481 279 548 306 eos
571 264 838 319 superioribus
860 265 1092 317 perterritos
1114 264 1272 318 proeliis
1295 265 1334 304 in
1356 264 1521 304 medium
1545 265 1645 305 reci-

168 342 307 390 perent
338 348 478 387 agmen
509 335 687 384 ultroque
717 345 784 371 eos
817 339 1050 381 tuerentur3
1095 345 1258 384 quorum
1290 333 1382 372 nulli
1413 347 1465 372 ex
1504 334 1645 372 itinere

93 404 156 447 80
170 403 364 443 excedere
386 401 543 448 licebat,
569 399 662 451 quin
685 398 731 438 ab
755 398 930 451 equitatu
945 396 1132 438 Caesaris
1157 400 1421 451 exciperetur.
1445 400 1531 440 Tali
1557 401 1643 439 dum

168 477 364 525 pugnatur
386 469 497 507 modo
515 497 524 515 ,
560 468 663 506 lente
696 473 812 518 atque
846 466 1027 519 paulatim
1052 467 1301 519 proceditur,
1335 467 1572 520 crebroque,
1608 474 1648 507 ut

120 538 147 579 2
168 539 248 579 sint
269 536 418 577 auxilio
442 534 540 582 suis,
566 533 809 582 subsistunt,
837 541 877 573 ut
901 540 978 572 tum
1001 533 1155 573 accidit.
1186 532 1296 572 Milia
1319 534 1419 573 enim
1444 535 1643 588 progressi

169 613 230 646 1111
254 602 598 653 uehementiusque
631 602 838 655 peragitati
861 602 907 640 ab
931 601 1107 653 equitatu
1130 607 1297 640 montem
1322 602 1521 640 excelsum
1545 602 1647 655 capi-

169 680 240 713 unt
262 672 390 723 ibique
413 684 489 709 una
512 671 639 709 fronte
662 676 801 709 contra
825 669 977 709 hostem
1001 676 1131 709 eastra
1153 669 1334 708 muniunt
1355 682 1481 720 neque
1498 668 1647 708 iumen-

124 740 148 780 3
171 741 220 780 tis
252 752 373 779 onera
405 738 615 791 deponunt.
663 736 738 776 Vbi
773 736 959 777 Caesaris
1003 743 1132 776 castra
1164 736 1290 789 posita
1321 735 1649 788 tabernaculaque

170 807 385 847 constituta
416 812 454 845 et
485 805 666 845 dimissos
699 804 851 857 equites
886 804 1091 858 pabulandi
1125 817 1243 843 eausa
1279 803 1450 842 animum
1472 803 1652 843 aduerte-

170 881 288 921 runt,
321 887 411 913 sese
442 872 569 913 subito
599 872 818 926 proripiunt
846 873 939 912 hora
975 872 1134 912 circiter
1166 877 1278 911 sexta
1311 870 1485 910 eiusdem
1517 870 1593 911 diei
1615 877 1653 911 et

170 955 277 995 spem
300 941 405 981 nacti
428 955 559 981 morae
573 940 749 980 discessu
772 947 995 980 nostrorum
1011 940 1180 992 equitum
1203 939 1278 978 iter
1297 938 1425 978 facere
1444 937 1652 991 incipiunt.

122 1009 150 1050 4
173 1007 262 1061 Qua
284 1022 327 1049 re
349 1009 518 1049 animum
541 1008 711 1048 aduersa
733 1005 885 1048 Caesar
904 1009 933 1060 †
954 1007 1101 1047 relictis
1131 1006 1352 1058 legionibus
1384 1005 1652 1058 subsequitur,

173 1077 370 1131 praesidio
403 1076 692 1130 impedimentis
727 1089 870 1130 paucas
903 1074 1076 1115 cohortis
1106 1073 1314 1126 relinquit,
1349 1074 1444 1113 hora
1466 1081 1499 1112 X
1520 1073 1656 1113 subse-

173 1146 238 1198 qui
261 1145 509 1198 pabulatores
534 1144 764 1198 equitesque
785 1143 966 1184 reuocari
991 1142 1111 1182 iubet.
1171 1139 1370 1182 Celeriter
1391 1141 1586 1193 equitatus
1609 1141 1658 1181 ad

127 1212 152 1253 5
175 1213 410 1253 cotidianum
442 1211 596 1251 itineris
629 1211 795 1251 officium
827 1210 1060 1250 reuertitur.
1104 1208 1311 1261 Pugnatur
1342 1208 1487 1248 acriter
1519 1209 1565 1248 ad
1588 1222 1656 1248 no-

174 1280 375 1319 uissimum
400 1293 567 1331 agmen,
603 1278 701 1318 adeo
735 1285 775 1317 ut
804 1291 927 1331 paene
951 1284 1061 1331 terga
1084 1282 1335 1324 conuertant,
1361 1276 1658 1328 compluresque

173 1347 334 1395 milites,
361 1346 475 1385 etiam
493 1345 952 1394 nonnullicenturiones,
979 1345 1287 1384 interficiuntur.
1324 1341 1659 1396 Instabatagmen

100 1414 150 1459 81
179 1412 366 1454 Caesaris
389 1420 502 1466 atque
527 1414 752 1453 uniuersum
774 1412 1017 1453 imminebat.
1063 1411 1166 1452 Tum
1191 1425 1284 1451 uero
1307 1424 1430 1463 neque
1454 1411 1500 1450 ad
1523 1410 1660 1463 explo-

173 1482 338 1523 randum
361 1481 543 1520 idoneum
575 1482 703 1521 locum
735 1480 876 1520 castris
910 1493 1035 1532 neque
1067 1480 1113 1520 ad
1145 1479 1471 1532 progrediendum
1493 1478 1580 1518 data
1604 1479 1660 1517 fa-

175 1550 322 1589 cultate
345 1548 566 1588 consistunt
598 1548 826 1588 necessario
859 1554 897 1588 et
930 1548 1066 1600 procul
1097 1547 1143 1588 ab
1177 1561 1276 1599 aqua
1308 1553 1346 1586 et
1369 1553 1508 1586 natura
1529 1545 1661 1598 iniquo

129 1617 155 1657 2
176 1617 262 1657 loco
287 1624 415 1656 castra
439 1623 602 1670 ponunt.
648 1613 726 1655 Sed
748 1616 870 1656 isdem
895 1616 941 1655 de
964 1615 1091 1656 causis
1115 1612 1280 1664 Caesar,
1309 1627 1406 1667 quae
1428 1628 1545 1667 supra
1569 1620 1662 1653 sunt

176 1686 481 1734 demonstratae,
511 1684 660 1739 proelio
685 1697 762 1723 non
785 1683 944 1723 lacessit
966 1690 1003 1723 et
1027 1697 1072 1723 eo
1087 1684 1146 1723 die
1165 1681 1418 1722 tabernacula
1432 1681 1551 1720 statui
1574 1694 1662 1733 pas-

177 1767 243 1792 sus
267 1767 343 1792 non
367 1760 450 1801 est,
486 1766 560 1804 quo
595 1751 814 1804 paratiores
850 1758 981 1790 essent
1008 1751 1054 1790 ad
1077 1749 1356 1802 insequendum
1382 1761 1540 1796 omnes,
1576 1747 1661 1787 siue

130 1819 155 1860 3
178 1827 295 1860 noctu
318 1820 402 1859 siue
424 1819 595 1859 interdiu
617 1825 883 1871 erumperent.
927 1816 988 1858 Illi
1017 1818 1290 1857 animaduerso
1323 1817 1420 1856 uitio
1443 1822 1663 1855 castrorum

179 1893 262 1927 tota
286 1894 400 1927 nocte
421 1886 659 1927 munitiones
683 1887 887 1939 proferunt
910 1893 1117 1938 castraque
1130 1886 1275 1925 castris
1300 1890 1552 1924 conuertunt.
1579 1881 1666 1921 Hoc

177 1955 280 1994 idem
303 1961 461 2008 postero
485 1955 545 1994 die
568 1968 590 1993 a
612 1954 735 2007 prima
757 1954 844 1994 luce
867 1955 1013 1993 faciunt
1035 1960 1235 2006 totumque
1257 1953 1296 1992 in
1320 1966 1366 1992 ea
1386 1965 1429 1991 re
1452 1951 1553 1990 diem
1571 1963 1664 1989 con-

180 2029 353 2062 sumunt.
398 2019 477 2062 Sed
510 2028 691 2074 quantum
726 2035 843 2074 opere
875 2028 1155 2074 processerant
1186 2028 1225 2060 et
1252 2027 1382 2060 castra
1403 2018 1661 2072 protulerant,

182 2096 290 2130 tanto
313 2089 478 2129 aberant
500 2089 546 2129 ab
570 2103 670 2142 aqua
691 2089 865 2142 longius,
891 2095 929 2128 et
951 2088 1150 2142 praesenti
1173 2088 1273 2128 malo
1296 2087 1383 2128 aliis
1406 2085 1517 2125 malis
1540 2097 1666 2125 reme-

134 2156 159 2196 4
182 2157 242 2197 dia
266 2157 471 2197 dabantur.
517 2155 649 2197 Prima
680 2164 795 2197 nocte
827 2156 996 2209 aquandi
1027 2170 1146 2196 eausa
1168 2170 1281 2196 nemo
1305 2155 1507 2208 egreditur
1529 2167 1580 2193 ex
1602 2166 1666 2193 ca-

181 2225 301 2274 stris,
337 2225 516 2278 proximo
540 2225 600 2264 die
624 2224 820 2278 praesidio
842 2224 882 2263 in
905 2224 1046 2263 eastris
1069 2224 1207 2263 relicto
1231 2224 1435 2264 uniuersas
1459 2222 1505 2261 ad
1528 2234 1666 2273 aquam

136 2291 161 2331 5
184 2292 315 2345 copias
339 2293 523 2341 educunt,
550 2292 771 2346 pabulatum
794 2291 984 2331 emittitur
1006 2305 1135 2331 nemo.
1194 2290 1268 2331 His
1291 2304 1358 2331 eos
1382 2288 1564 2342 supplicis
1587 2301 1667 2327 ma-

183 2359 229 2399 lis
253 2359 398 2401 habere
422 2357 575 2400 Caesar
605 2367 644 2400 et
673 2359 941 2401 necessariam
963 2358 1096 2399 subire
1121 2359 1358 2400 deditionem
1382 2370 1495 2411 quam
1517 2356 1666 2410 proelio

330 2528 348 2560 3
369 2529 612 2571 exciperentur
630 2530 694 2561 bu.
844 2530 862 2562 9
883 2530 1028 2561 animum
1048 2529 1275 2560 aduerterunt
1293 2527 1343 2568 (α)
1359 2527 1388 2567 b,
1410 2537 1476 2559 non
1497 2527 1668 2558 animadu.

332 2582 372 2614 12
392 2582 538 2612 animum
558 2582 704 2612 aduersa
723 2591 742 2611 α
757 2582 787 2621 b,
809 2592 877 2613 non
897 2581 1070 2612 animadu.
1209 2578 1232 2620 †
1252 2580 1382 2611 relictis
1394 2578 1434 2610 P.
1451 2578 1526 2609 144.

189 2631 229 2664 13
249 2631 399 2663 cohortis
418 2641 438 2662 α
453 2632 484 2662 b.
627 2631 765 2672 reliquit
785 2632 816 2663 b.
975 2631 1015 2662 14
1034 2629 1262 2672 celeriterque
1284 2631 1314 2662 b.
1472 2629 1511 2661 16
1530 2637 1616 2670 pene
1634 2637 1669 2657 α.

335 2681 372 2714 17
393 2681 612 2712 centuriones
630 2692 698 2713 om.
721 2682 751 2712 b.
893 2681 935 2714 ‘20
956 2687 1076 2712 natura
1097 2692 1165 2712 om.
1187 2683 1216 2713 b.
1357 2682 1395 2713 21
1418 2681 1525 2712 isdem
1545 2691 1578 2720 a,
1602 2690 1671 2711 uon

189 2731 321 2763 iisdem.
462 2732 505 2763 22
524 2731 667 2772 proelio]
689 2731 832 2772 amplius
851 2731 935 2762 add.
959 2733 1053 2762 ‘mssa
1075 2731 1104 2762 5⁹
1118 2742 1152 2762 ιι.
1293 2732 1398 2765 ‘Mitti
1419 2731 1506 2763 euim
1524 2731 1670 2761 aduerso

188 2794 209 2815 a
225 2784 241 2814 b
256 2793 285 2814 c.
457 2782 496 2814 31
518 2783 687 2824 supplices
706 2784 805 2814 malis
826 2783 950 2814 habere
970 2783 1141 2814 Damius
1161 2782 1338 2825 (supplicis
1361 2780 1666 2824 Oudendmpius),

191 2833 365 2876 suppliciis
385 2833 471 2865 male
491 2832 609 2864 haberi
626 2844 646 2864 α
661 2834 691 2874 b,
713 2833 884 2875 supplices
904 2832 990 2864 male
1010 2833 1134 2864 habere
1154 2843 1171 2863 c
1185 2832 1218 2864 d.

1685 878 1725 911 10

1691 1215 1731 1247 15

1692 1553 1734 1586 20

1694 1888 1736 1922 25

1698 2227 1739 2259 30
