1835 3240
534 164 813 207 ADDENDA
833 166 910 208 ET
933 164 1313 208 CORRIGENDA
1657 167 1738 211 791

182 289 271 322 quae
290 280 319 310 b.
344 278 434 311 Gall.
456 277 518 320 VI,
542 279 596 321 13,
613 281 633 312 4
652 282 689 312 in
706 280 808 312 codd.
830 283 968 324 scripta
985 285 1083 314 sunt.
1108 280 1204 313 Nam
1222 286 1510 316 commemoratis
1528 283 1668 316 druidi-

182 332 244 362 bus
263 332 300 361 ct
313 331 493 371 equitibus
511 341 586 363 cum
603 331 766 374 deinceps
782 332 869 363 haec
884 332 1075 374 leguntur.-
1090 331 1145 364 Illi
1159 332 1261 364 rebus
1275 333 1401 365 diuinis
1414 335 1598 376 intersunt,
1613 344 1668 367 sa-

179 382 309 415 crificia
320 382 457 423 publica
474 392 513 414 ac
527 383 662 425 priuata
675 388 873 425 procurant,
889 384 1075 426 religiones
1089 384 1364 427 interpretantur
1376 397 1385 427 3
1399 387 1440 418 ad
1454 388 1513 419 hos
1525 397 1668 429 magnus

180 435 447 467 adolescentium
462 445 622 466 numerus
635 435 838 477 disciplinae
852 446 957 468 causa
970 436 1158 475 concurrit,
1172 439 1373 469 necessario
1385 441 1548 470 eoetrenza
1560 439 1669 471 uerba

178 486 227 518 ad
243 488 381 527 equites
398 485 590 527 reserenda
605 488 709 526 sunt,
731 496 810 517 cum
828 486 870 518 de
889 487 1076 519 druidibus
1091 489 1212 529 posita
1231 497 1303 519 esse
1320 491 1485 529 apertum
1503 491 1564 520 sit.
1597 490 1670 522 lta-

179 548 246 579 que
267 538 402 569 Caesar
419 537 461 568 ad
480 546 538 568 eos
555 538 767 578 scripserat.
918 537 994 576 106,
1016 539 1035 570 4
1052 548 1122 570 scr.
1145 538 1198 579 76,
1222 538 1254 571 3.
1409 539 1485 577 108,
1506 539 1525 571 3
1544 540 1588 571 ab
1606 542 1666 572 im.

179 599 248 620 scr.
263 589 318 628 64,
333 587 427 628 6pro
439 587 494 628 64,
507 589 540 620 4.
681 586 896 628 109‚13pro
915 588 1009 620 mille
1028 599 1097 620 scr.
1109 589 1244 630 singula
1264 592 1299 620 et
1308 600 1342 621 u.
1357 587 1398 622 17
1424 588 1478 631 76,
1491 589 1524 621 3.

181 640 264 677 110,
288 640 326 671 10
345 648 415 669 scr.
436 637 480 678 11,
500 637 557 676 29,
577 638 598 669 4
618 641 652 669 et
668 647 704 669 u.
724 639 767 673 22
788 636 859 679 Vll,
879 639 936 680 87,
958 640 976 671 5
996 643 1030 671 el
1047 650 1080 671 u.
1103 641 1147 675 24
1160 643 1247 681 post
1263 639 1372 671 Haun.
1393 651 1445 683 pr.
1466 640 1556 673 adde
1575 640 1667 673 Scal.

180 691 279 723 Leid.
299 701 351 732 pr.
366 690 477 721 Oxou.
498 693 534 721 et
549 689 627 722 dele
645 689 811 733 deinceps
830 691 863 722 in
883 690 976 723 Scal.
997 710 1039 714 —
1057 691 1217 723 omissum
1237 696 1291 724 est
1311 691 1448 734 (u.25).
1592 692 1668 733 111,

181 743 221 774 14
239 752 310 773 scr.
330 740 372 779 V,
395 741 449 779 11,
469 741 503 774 8.
647 741 724 782 112,
748 742 787 774 14
805 743 847 774 ab
866 745 927 774 im.
949 743 1039 775 Vide
1058 754 1101 775 an
1120 744 1347 776 scribendum
1366 746 1442 777 sit.-
1462 743 1671 777 centurioni-

178 794 239 825 bus
260 793 428 834 duplicem
448 802 612 825 summam
631 793 779 835 praedae
798 794 933 826 nomine
948 796 1205 828 condonandam
1218 797 1413 839 pollicetur.
1554 796 1631 838 114,
1650 798 1668 829 5

177 854 247 875 scr.
260 843 302 884 V,
316 844 372 881 40,
386 844 419 876 6.
435 862 473 866 —
487 843 532 876 V.
546 844 585 876 16
604 844 694 876 adde
713 854 836 877 annum
856 845 1010 887 quintum
1028 851 1063 878 et
1081 847 1247 878 decimum
1264 857 1310 878 ex
1323 857 1418 878 mon.
1437 846 1574 890 Ancyr.
1595 848 1668 879 tab.

177 897 232 929 III
247 908 282 929 u.
308 898 336 929 1.
486 897 563 938 119,
585 897 599 930 1
620 907 691 929 scr.
712 898 841 939 Belgis.
986 899 1062 941 127,
1083 902 1104 932 4
1122 900 1166 931 ab
1185 902 1246 931 im.
1267 909 1338 931 scr.
1358 899 1392 941 3,
1411 901 1446 934 2.
1590 900 1667 941 128,

177 950 197 983 8
213 960 284 982 scr.
306 950 338 988 6,
361 949 390 982 5.
536 950 667 991 130,11
689 950 732 982 ab
752 952 811 983 im.
833 960 905 982 scr.
927 952 967 983 59
983 962 1050 994 pro
1068 952 1110 984 49
1130 955 1166 983 ct
1182 962 1217 982 u.
1239 951 1257 984 9
1276 951 1320 983 ab
1339 953 1401 983 im.
1423 951 1524 993 64,2.

179 1003 257 1043 133,
278 1004 296 1033 6
315 1012 385 1033 scr.
406 1001 437 1043 ξ.
456 1003 491 1036 2.
645 1002 722 1043 138,
745 1002 786 1034 17
804 1006 839 1034 et
855 1003 898 1037 26
916 1013 986 1034 ser.
1006 1004 1062 1044 48,
1084 1003 1117 1036 7.
1270 1004 1346 1041 150,
1373 1004 1411 1035 12
1428 1013 1499 1036 scr.
1519 1004 1562 1037 28
1581 1006 1619 1035 et
1631 1014 1668 1036 u.

181 1054 222 1086 14
246 1054 303 1088 29.
321 1071 358 1077 —
374 1053 418 1085 V.
433 1053 475 1086 14
492 1054 536 1085 ab
556 1055 618 1085 im.
631 1056 737 1086 nimis
756 1054 913 1086 breuiter
925 1055 1020 1087 dixi.
1042 1055 1204 1087 Incedere
1218 1056 1371 1087 timorem
1387 1055 1490 1087 alicui
1503 1056 1625 1088 Cicero
1638 1060 1673 1089 et

180 1105 316 1137 Caesar
333 1115 404 1136 non
423 1104 622 1145 dioeerunt3
642 1105 742 1137 dixit
757 1116 803 1137 ecc
822 1107 1092 1147 antiquioribus
1111 1106 1313 1138 Sallustius
1331 1106 1430 1145 (Cat.
1443 1107 1516 1148 31),
1537 1110 1574 1139 et
1590 1107 1672 1139 inde

177 1167 198 1188 a
209 1157 316 1188 Liuio
325 1156 606 1198 frequentatum
619 1159 684 1188 est.
826 1157 902 1197 153,
916 1157 935 1189 4
949 1156 1024 1188 dele
1038 1161 1072 1189 et
1083 1160 1165 1189 etu.
1185 1157 1219 1190 11
1237 1168 1305 1200 pro
1319 1162 1419 1199 atque
1433 1167 1527 1198 pone
1545 1162 1578 1189 et
1588 1161 1669 1191 ctu.

179 1208 219 1240 13
238 1209 282 1239 ab
301 1210 362 1239 im.
381 1217 452 1239 scr.
473 1207 504 1246 6,
522 1208 556 1241 2.
699 1208 776 1247 154,
797 1206 814 1238 7
834 1208 878 1238 ab
898 1210 960 1239 im.
978 1218 1049 1240 scr.
1071 1208 1126 1240 78.
1270 1207 1327 1240 161
1348 1211 1443 1240 eaetr.
1471 1209 1542 1241 Dio
1561 1209 1586 1241 l.
1606 1211 1668 1242 cit.

172 1262 333 1301 priorem
347 1261 654 1300 oppugnationem
667 1259 836 1292 Caesaris
851 1263 1050 1292 castrorum
1065 1270 1086 1291 a
1097 1260 1264 1302 Pompeio
1276 1262 1501 1302 institutam,
1512 1260 1596 1293 dum
1607 1262 1672 1294 ille

178 1313 446 1355 Dyrrhachium
465 1321 659 1353 aggressus
677 1315 776 1353 erat,
804 1312 973 1354 confudit
989 1323 1068 1344 cum
1086 1313 1220 1353 altera,
1247 1322 1318 1354 qua
1335 1312 1526 1354 Pompeius
1551 1316 1674 1355 erupit

178 1363 301 1404 (Caes.
324 1364 354 1395 b.
376 1365 445 1394 ciu.
467 1363 529 1403 III,
551 1363 594 1395 62
611 1362 742 1405 seqq.).
770 1362 915 1396 Rectius
934 1365 1021 1396 hacc
1039 1367 1261 1395 narrauerat
1276 1364 1465 1406 Appianus
1484 1364 1515 1395 b.
1535 1365 1606 1396 eiu.
1621 1365 1670 1407 II,

178 1414 219 1448 60
234 1427 242 1455 ς
255 1414 318 1446 sed
335 1417 369 1446 ei
385 1425 524 1457 quoque
544 1414 620 1446 loco
638 1416 787 1446 sinister
805 1425 907 1446 casus
925 1415 1091 1447 lacunam
1108 1415 1261 1457 inflia-it.
1407 1414 1484 1456 163,
1499 1413 1540 1447 17
1551 1415 1595 1447 ab
1608 1417 1670 1449 im.

176 1467 344 1499 Poteram
362 1467 469 1498 uerbo
487 1466 715 1508 Elberlingii
730 1469 908 1499 rationem
926 1467 1101 1509 refutare,
1123 1468 1188 1508 qui
1202 1469 1348 1498 seruata
1366 1467 1445 1508 ipsa
1464 1465 1566 1499 codd.
1584 1469 1673 1499 scri-

175 1523 286 1562 ptura
305 1522 359 1551 ita
374 1520 599 1551 scribendum
618 1521 792 1560 putauit:
825 1518 871 1550 At
888 1518 1067 1561 Pompeius
1087 1517 1234 1558 cognitis
1252 1517 1304 1549 his
1324 1516 1447 1558 rebus,
1468 1527 1555 1559 quae
1573 1522 1674 1550 erant

178 1571 272 1603 Orici
291 1575 393 1614 atque
411 1570 614 1614 Apolloniae
633 1576 745 1612 gesta,
766 1571 980 1615 Dyrrhachio
998 1571 1123 1603 timens
1143 1569 1276 1602 diurnis
1296 1581 1335 1602 eo
1355 1570 1599 1613 nocturnisque
1617 1571 1674 1603 iti-

178 1623 318 1655 neribus
337 1623 533 1664 contendit,
553 1623 697 1655 simulac
717 1622 848 1655 Caesar
865 1623 1138 1665 appropinquare
1159 1622 1360 1660 dicebatur3
1380 1626 1565 1664 tantusque
1585 1625 1670 1654 cett.

178 1675 310 1709 Verum
324 1676 728 1717 Pompeius,postquam
742 1675 887 1706 Oricum
904 1674 1179 1716 etApolloniam
1197 1685 1218 1706 a
1234 1675 1389 1707 Caesare
1407 1676 1512 1715 capta
1528 1683 1602 1705 esse
1617 1684 1673 1706 co-

173 1731 378 1769 gnouerat,
400 1738 470 1759 non
488 1727 717 1768 empectabat,
738 1726 822 1757 dum
844 1726 980 1758 Caesar
997 1728 1290 1767 appropinquare
1308 1725 1500 1766 diceretur,
1522 1725 1561 1757 id
1577 1725 1674 1767 quod

176 1779 575 1821 ineptissimefecisset,
589 1777 653 1809 sed
669 1788 715 1809 ca:
733 1778 808 1809 illis
824 1778 930 1809 rebus
944 1777 985 1809 de
1001 1778 1169 1810 Caesaris
1181 1777 1345 1810 consiliis
1357 1779 1601 1810 coniecturam
1615 1788 1672 1810 ca-

170 1833 275 1873 piens
292 1834 330 1862 et
343 1830 576 1872 Dyrrhachio
595 1832 725 1862 timens
742 1840 807 1862 sua
825 1833 952 1871 sponte
970 1839 1009 1861 eo
1028 1829 1278 1861 contendebat.
1290 1848 1332 1851 —
1344 1829 1387 1862 V.
1405 1829 1445 1861 13
1464 1829 1508 1860 ab
1526 1831 1673 1861 im.ser.

178 1881 273 1913 facta
287 1891 353 1923 pro
374 1882 480 1912 dicta.
634 1880 712 1918 167,
735 1881 775 1914 14
794 1881 884 1913 addc
906 1881 1008 1914 Caes.
1031 1881 1062 1912 b.
1085 1880 1181 1913 Gall.
1204 1880 1247 1921 V,
1267 1880 1323 1921 43,
1344 1881 1384 1912 5:
1405 1884 1443 1912 ut
1461 1890 1497 1911 se
1516 1879 1578 1911 sub
1597 1880 1671 1922 ipso

178 1933 270 1965 uallo
289 1933 572 1975 constipauerant
588 1942 830 1974 recessumque
849 1932 967 1976 primis
985 1932 1097 1964 ultimi
1116 1943 1182 1964 nou
1202 1932 1343 1963 dabant.
1485 1931 1562 1972 169,
1579 1930 1672 1963 5Pe-

177 1991 296 2018 traeus
315 1986 374 2017 uel
385 1985 528 2017 Petreus
540 1984 766 2017 scribendum
779 1996 853 2016 csse
865 1988 938 2017 iam
946 1985 1146 2027 Herzogius
1158 1987 1372 2017 coniecerat.
1391 1984 1445 2016 De
1455 1984 1519 2016 hoc
1530 1986 1674 2016 nomine

178 2039 216 2069 in
235 2039 472 2078 inscriptione
489 2039 636 2069 inuento
655 2037 757 2068 diaeit
767 2036 1069 2069 CarolusHeilius
1087 2036 1203 2068 anall.
1223 2036 1414 2077 epigraph.
1429 2038 1463 2066 et
1474 2036 1670 2068 onomatol.

171 2099 211 2131 p.
226 2089 303 2130 137,
323 2089 418 2121 illud
431 2088 899 2130 Thessalissrequentatum
917 2099 989 2120 esse
1007 2088 1133 2120 docuit
1150 2087 1243 2118 idem
1261 2086 1350 2118 ibid.
1370 2089 1406 2117 et
1422 2088 1460 2118 in
1471 2085 1624 2128 Bergkii
1638 2090 1674 2118 et

180 2140 347 2173 Caesaris
366 2140 579 2183 ephemerid.
594 2140 774 2180 a.1846p.
790 2139 867 2172 975.
883 2157 919 2161 —
934 2139 977 2171 V.
991 2139 1010 2171 9
1021 2148 1089 2170 scr.
1104 2148 1226 2178 magna
1245 2137 1416 2179 opinione.
1560 2136 1636 2178 172,
1652 2137 1671 2169 7

176 2202 246 2224 scr.
267 2202 306 2223 ac
321 2202 389 2234 pro
409 2197 455 2224 et.
600 2191 677 2229 173,
691 2192 711 2222 4
729 2191 771 2222 ab
792 2193 851 2221 im.
866 2190 1037 2222 Fortasse
1054 2189 1343 2230 scripimnfuit:
1357 2188 1445 2231 quod
1464 2187 1530 2219 sibi
1546 2187 1672 2219 cotidie

176 2243 298 2275 melius
318 2243 505 2283 subgerere
525 2247 669 2285 tempus.
681 2260 726 2265 —
737 2241 780 2273 V.
794 2241 861 2272 ult.
875 2250 944 2272 scr.
960 2240 1106 2281 sagittas
1116 2250 1182 2282 pro
1195 2240 1277 2272 tela.
1423 2238 1500 2277 174,
1514 2237 1533 2271 7
1546 2239 1589 2270 ab
1608 2241 1669 2270 im.

176 2305 246 2326 scr.
269 2295 338 2326 tela
358 2294 544 2326 iaciebant.
689 2293 821 2334 177,10
840 2292 884 2324 ab
904 2294 965 2323 im.
981 2301 1050 2323 scr.
1065 2291 1197 2323 eduxit.
1342 2290 1418 2328 184,
1437 2290 1476 2322 15
1490 2299 1560 2322 scr.
1574 2289 1599 2330 l,
1614 2290 1670 2329 85,

180 2346 198 2379 6
219 2349 256 2378 ct
270 2356 307 2377 u.
327 2344 346 2378 7
364 2345 408 2376 ab
426 2347 488 2376 im.
503 2344 668 2387 equitum.
811 2342 887 2383 185,
903 2343 921 2375 3
938 2345 1022 2384 post
1038 2343 1087 2373 uti
1107 2341 1248 2373 eoecidit
1266 2345 1395 2373 castra.
1538 2341 1613 2381 196,
1633 2340 1671 2373 17

179 2407 247 2428 scr.
270 2396 329 2438 III,
346 2397 402 2431 24.
545 2395 674 2436 197,21
694 2404 764 2426 scr.
786 2394 842 2435 45,
856 2394 875 2426 3
895 2396 929 2425 el
946 2404 982 2424 u.
1004 2393 1071 2424 ult.
1093 2393 1147 2433 53,
1164 2394 1196 2425 5.
1337 2391 1470 2432 200,11
1491 2391 1615 2423 Morus
1633 2402 1670 2423 re

174 2451 261 2489 post
278 2449 479 2489 constituta,
500 2447 689 2479 Daehnius
708 2445 801 2477 idem
821 2447 904 2486 post
919 2453 1022 2486 prope
1040 2442 1268 2475 inserendum
1281 2444 1447 2485 putauit.
1468 2442 1599 2475 Verum
1615 2453 1671 2474 res

180 2499 238 2530 hic
255 2502 370 2532 minus
388 2501 489 2541 signi
504 2501 643 2530 zcanter
658 2499 823 2539 ponitur.
973 2495 1054 2537 202,
1075 2495 1093 2527 3
1111 2504 1179 2526 scr.
1198 2494 1231 2535 2,
1252 2496 1284 2526 5.
1437 2495 1516 2535 207,
1539 2495 1579 2527 10
1597 2505 1668 2527 scr.

180 2552 268 2592 61,2
288 2556 325 2583 et
340 2563 376 2584 u.
398 2553 415 2584 5
435 2553 478 2584 ab
497 2554 558 2584 im.
582 2556 739 2594 quartum
754 2560 821 2592 pro
841 2553 974 2591 quater.
1115 2547 1195 2588 208,
1210 2547 1228 2579 7
1247 2556 1318 2578 scr.
1339 2557 1370 2578 c.
1389 2548 1423 2588 2,
1444 2548 1463 2578 4
1482 2549 1519 2578 et
1533 2557 1568 2578 u.
1590 2547 1608 2579 9
1627 2547 1670 2578 ab

180 2605 240 2634 im.
256 2601 452 2644 prOFugere.
591 2602 672 2642 211,
685 2601 703 2632 9
716 2601 878 2632 larini-us
891 2601 963 2631 iam
972 2600 1155 2630 senarium
1170 2607 1356 2629 numerum
1367 2597 1556 2629 delendum
1569 2597 1671 2628 dicce-

180 2658 259 2692 rat,·
273 2657 338 2696 qui
354 2666 422 2686 non
433 2658 584 2697 repetita
599 2658 763 2686 extrema
775 2653 919 2696 syllaba
932 2652 1102 2684 uocabuli
1113 2661 1218 2683 naues
1231 2654 1332 2683 ortus
1342 2655 1406 2692 est,
1418 2651 1482 2682 sed
1490 2653 1575 2692 quia
1587 2651 1671 2683 huic

179 2707 214 2737 ui
232 2708 513 2748 superscriptum
526 2709 616 2747 erat,
630 2709 672 2738 ut
684 2706 780 2737 nanis
799 2705 989 2746 legeretur.
1002 2721 1046 2726 —
1059 2703 1103 2736 V.
1121 2704 1161 2736 10
1178 2713 1249 2735 scr.
1262 2702 1292 2745 ἓ.
1305 2704 1337 2735 4.
1479 2702 1614 2742 212,14
1624 2704 1668 2735 ab

181 2760 243 2790 im.
262 2768 332 2790 scr.
353 2758 408 2798 72,
421 2759 455 2790 4.
594 2758 674 2798 215,
688 2757 706 2789 7
725 2755 843 2789 Valles
863 2757 893 2787 b.
913 2755 1021 2787 Alex.
1045 2754 1100 2796 73,
1121 2755 1140 2788 3
1157 2758 1304 2786 seruata
1322 2757 1388 2785 est.
1528 2754 1609 2794 216,
1627 2754 1670 2788 12

179 2810 220 2841 ab
239 2812 298 2841 im.
312 2809 435 2841 Minus
451 2811 618 2840 accurate
635 2809 719 2841 dixi
729 2811 889 2851 equitum
907 2807 1150 2839 auoeiliarium
1160 2810 1303 2849 partem
1315 2806 1668 2848 legionibuspartem

183 2862 257 2894 leni
280 2864 491 2895 armaturae
516 2862 732 2895 attributam
759 2871 845 2893 esse.
882 2860 1100 2894 Auaeiliares
1127 2862 1262 2901 equites
1288 2868 1310 2890 a
1327 2860 1435 2891 sociis
1454 2868 1500 2890 erc
1514 2858 1669 2900 foedere
