1835 3240
699 196 810 202 η-
874 171 950 212 141
1012 197 1123 203 -—

163 290 301 330 buerat
315 319 326 338 ,
360 283 514 327 Caesar
533 299 556 326 a
577 299 621 326 56
642 285 837 340 duplicata
858 299 948 326 esse
969 285 1101 327 statim
1133 285 1412 338 demonstrat),
1446 302 1525 330 non
1560 291 1645 333 sine

160 355 433 411 probabilitate
456 353 692 394 coniciemus
718 354 883 394 ‘auxilia
905 353 1076 408 peditum
1096 351 1136 395 V
1156 354 1278 394 milia'
1298 355 1399 408 apud
1432 352 1647 400 Caesarem

161 423 346 476 scriptum
369 422 504 463 fuisse.
535 421 699 462 Auxilia
721 428 851 462 autem
875 429 983 463 certe
1005 435 1084 462 non
1107 421 1236 462 omnia
1258 435 1280 461 a
1303 419 1480 464 Caesare
1510 425 1550 465 in
1577 425 1649 467 Hi-

160 491 336 544 spaniam
366 489 580 544 praemissa
612 503 723 539 esse,
748 490 786 529 id
809 489 908 543 quod
937 496 1046 530 recte
1074 489 1186 529 codd.
1213 489 1405 543 scriptura
1433 491 1645 544 significat,

160 572 219 598 cc.
244 557 296 597 41.
321 565 360 599 et
381 557 431 599 51
458 558 573 598 huius
596 557 686 598 libri
709 558 992 598 demonstrant.
1045 555 1187 597 Priore
1216 558 1302 598 loco
1324 557 1407 611 ipse
1431 555 1585 599 Caesar
1606 575 1649 601 sc

159 640 244 667 cum
268 626 479 681 nongentis
502 625 695 679 equitibus
718 626 759 665 in
792 633 923 666 castra
954 625 1138 675 uenisse,
1179 625 1304 666 altero
1332 626 1481 678 aliquot
1511 627 1648 668 diebus

158 700 247 748 post
277 695 488 734 aduentum
519 707 630 734 suum
667 694 896 747 sagittarios
927 707 978 733 ex
1011 692 1207 742 Rutenis,
1243 693 1392 746 equites
1425 708 1479 734 ex
1500 692 1646 742 Gallia,

158 769 362 815 praeterea
393 761 581 815 cuiusque
613 763 770 815 generis
802 762 998 802 hominum
1029 760 1135 800 milia
1167 759 1227 802 VI
1259 762 1470 803 aduenisse
1492 763 1646 803 scribit.

159 827 273 881 Quae
305 829 531 883 excipiunt,
567 830 733 883 optimos
756 830 864 870 codd.
888 829 1012 869 secuti
1035 830 1087 869 ita
1113 828 1412 870 constituimus:
1439 835 1496 870 ‘et
1516 844 1650 884 parem

159 911 212 937 ex
234 896 363 938 Gallia
386 911 616 945 numerum,
642 912 754 951 quam
778 898 862 951 ipse
885 899 1114 950 pacaue‘rat,
1140 896 1369 937 nominatim
1394 911 1445 937 ex
1468 899 1650 940 omnibus

159 964 383 1005 ciuitatibus
408 964 649 1005 nobilissimo
673 979 827 1018 quoque
850 971 1015 1005 euocato
1031 995 1040 1013 ‚
1077 964 1167 1004 hinc
1191 964 1325 1018 optimi
1348 966 1505 1018 generis
1529 967 1651 1007 homi-

157 1046 247 1071 num
282 1045 335 1072 ex
366 1031 574 1085 Aquitanis
605 1034 905 1086 montanisque,
950 1032 1013 1085 qui
1056 1030 1222 1072 Galliam
1259 1034 1502 1086 prouinciam
1534 1035 1654 1075 attin-

158 1108 333 1155 gunt...
354 1101 377 1140 .⁷
425 1100 605 1154 Apparet
633 1101 673 1141 in
706 1102 782 1141 fine
816 1108 856 1140 et
886 1100 1145 1140 millenarium
1182 1114 1384 1141 numerum
1417 1109 1456 1142 et
1486 1103 1650 1143 uerbum

158 1169 315 1221 utrique
349 1170 554 1210 enuntiato
585 1183 792 1210 commune
826 1168 1045 1216 excidisse,
1088 1182 1240 1222 neque,
1285 1170 1383 1222 quod
1426 1176 1494 1210 aut
1524 1170 1652 1224 ipsum

159 1238 286 1290 aptius
316 1237 367 1277 sit
397 1244 464 1278 aut
497 1239 543 1278 ob
566 1252 735 1294 sequens
761 1236 966 1278 ‘audierat'
991 1237 1145 1277 facilius
1169 1237 1295 1277 omitti
1319 1238 1515 1291 potuerit,
1539 1238 1652 1279 iuue-

160 1304 225 1345 nio
266 1319 379 1358 quam
422 1306 654 1346 ‘addiderat'
698 1307 761 1347 uel
805 1305 1050 1353 ‘adiecerat',
1096 1305 1196 1358 quod
1236 1303 1412 1346 Iurinius
1453 1306 1648 1346 addendd.

160 1387 197 1426 p.
224 1371 305 1413 570
328 1374 543 1427 proposuit.
571 1372 656 1413 Hoc
678 1374 711 1414 si
733 1388 755 1414 a
778 1372 955 1415 Caesare
976 1372 1145 1426 positum
1168 1381 1245 1424 est,
1271 1388 1388 1428 supra
1411 1388 1491 1414 non
1517 1375 1652 1425 ‘binc',

161 1441 221 1480 cui
253 1441 442 1481 uocabulo
473 1441 620 1481 nullum
653 1442 810 1481 omnino
841 1443 1173 1483 accommodatum
1197 1443 1358 1483 uerbum
1380 1443 1559 1496 reperio,
1585 1443 1655 1483 sed

160 1515 228 1548 aut
252 1509 370 1558 ‘buc',
404 1516 446 1548 ut
467 1509 507 1548 in
530 1510 665 1550 codice
685 1508 853 1549 Achillis
877 1507 995 1550 Statii
1017 1510 1163 1565 legitur
1178 1542 1188 1561 ,
1214 1518 1305 1562 aut,
1332 1510 1433 1564 quod
1456 1511 1546 1551 mihi
1571 1511 1654 1564 qui-

160 1576 245 1616 dem
269 1576 395 1629 aptius
419 1577 588 1625 uidetur,
617 1577 739 1618 ‘item'
762 1577 934 1630 scripsit.

274 1641 323 1684 C.
347 1642 418 1694 40,
442 1643 467 1684 3
489 1645 607 1699 uulgo
631 1645 726 1685 haec
749 1645 956 1698 leguntur:
986 1644 1090 1686 ‘Huc
1113 1661 1198 1686 cum
1222 1646 1420 1686 cotidiana
1442 1652 1654 1686 consuetu·

160 1711 249 1752 dine
271 1725 510 1767 congressae
532 1713 826 1766 pabulatoribus
849 1713 1047 1767 praesidio
1070 1715 1226 1768 proprio
1249 1715 1429 1768 legiones
1451 1713 1655 1755 Fabianae

161 1778 259 1819 duae
290 1779 432 1819 flumen
464 1781 728 1831 transissent,
761 1781 1117 1835 impedimentaque
1149 1789 1187 1822 et
1218 1782 1344 1822 omnis
1377 1782 1571 1835 equitatus
1594 1796 1656 1823 se-

161 1855 364 1900 queretur,
390 1848 518 1889 subito
542 1850 582 1889 ui
605 1856 815 1889 uentorum
839 1857 877 1889 et
898 1863 1022 1902 aquae
1044 1850 1312 1904 magnitudine
1334 1864 1432 1905 pons
1456 1857 1517 1891 est
1532 1850 1656 1890 inter-

159 1923 298 1969 ruptus
322 1923 361 1956 et
380 1916 532 1970 reliqua
554 1917 759 1958 multitudo
783 1918 956 1971 equitum
978 1918 1223 1959 interclusa'.
1260 1918 1333 1959 Hic
1356 1919 1520 1972 primum
1547 1922 1657 1958 ‘con-

161 1983 339 2037 gressae'
364 1984 458 2024 ferri
480 1999 559 2025 non
581 1993 726 2038 potest.
782 1985 887 2026 Nam
912 1987 1015 2039 quod
1037 1993 1168 2040 aptum
1191 1995 1299 2027 esset
1328 1988 1372 2027 ad
1398 1986 1653 2036 sententiam,

162 2058 203 2091 ut
224 2066 463 2105 congressae
485 2052 661 2108 legiones
685 2054 760 2094 dici
783 2054 1126 2104 existimarentur,
1154 2055 1346 2109 quomodo
1363 2053 1511 2095 Vossio
1528 2054 1656 2094 uisum

161 2126 235 2170 est,
261 2133 360 2172 quae
383 2119 496 2161 simul
519 2130 654 2162 essent
676 2136 863 2176 egressae
886 2122 970 2162 siue
992 2122 1102 2176 ipsae
1124 2122 1210 2163 siue
1232 2138 1317 2163 c-um
1340 2122 1653 2177 pabulatoribus,

159 2188 198 2228 id
230 2188 277 2229 ab
317 2190 604 2230 consuetudine
642 2191 815 2231 omnium
852 2191 1087 2244 scriptorum
1126 2190 1326 2231 abhorret.
1378 2188 1493 2243 Quod
1527 2198 1656 2232 autem

161 2253 346 2296 Clarkius
378 2256 555 2310 legiones
590 2258 629 2298 in
652 2273 740 2299 eum
763 2259 889 2300 locum
914 2259 1151 2299 conuenisse
1175 2259 1249 2299 dici
1272 2259 1448 2313 putabat,
1474 2274 1553 2300 non
1575 2260 1657 2300 sin-

162 2325 276 2377 gulae
299 2338 352 2364 ex
375 2326 515 2365 castris
539 2326 682 2367 missae
697 2359 706 2377 ,
742 2328 810 2368 sed
842 2327 1077 2368 coniunctim
1110 2327 1235 2367 uideri
1258 2327 1421 2367 debent:
1449 2341 1574 2381 neque
1597 2334 1657 2368 ta-

162 2406 251 2432 men
274 2393 478 2446 quisquam
500 2394 555 2434 ita
578 2396 766 2448 congredi
788 2396 965 2450 legiones
988 2396 1102 2435 dixit.
1156 2394 1282 2436 Recte
1304 2394 1479 2436 Iurinius
1504 2404 1657 2450 ‘egres-

163 2461 244 2501 sae'
278 2460 526 2501 scribendum
557 2463 767 2513 iudicauit,
805 2464 905 2504 unde
939 2464 1208 2519 ‘congressae'
1242 2471 1457 2518 peruagato
1492 2471 1531 2505 et
1553 2464 1656 2505 facili

163 2543 300 2569 errore
322 2530 603 2570 nascebantur.
631 2529 708 2572 Sed
732 2546 810 2571 non
833 2533 957 2585 magis
981 2546 1079 2573 sana
1101 2539 1193 2572 sunt
1214 2532 1301 2572 illa:
1332 2532 1543 2585 ‘praesidio
1566 2547 1657 2587 pro-

164 2598 277 2649 prio'.
308 2597 517 2651 Proprium
541 2599 693 2652 quidem
716 2600 951 2654 praesidium
974 2615 1043 2655 per
1064 2615 1105 2641 se
1127 2607 1237 2641 recte
1260 2600 1429 2649 dicitur,
1461 2608 1504 2640 ut
1532 2599 1656 2640 Daui·

166 2664 246 2704 sius
277 2666 559 2720 interpretatus
591 2675 676 2715 est,
709 2668 811 2721 quod
840 2676 1074 2710 consuesset
1105 2683 1190 2709 cum
1222 2668 1514 2722 pabulatoribus
1537 2668 1653 2708 mitti.

168 2729 248 2771 Sed
270 2733 403 2775 datiuo
425 2749 518 2775 casu
539 2736 627 2776 finis
650 2736 892 2790 designatur,
916 2738 1019 2778 unde
1042 2737 1213 2777 absurda
1235 2743 1468 2776 nasceretur
1497 2743 1657 2776 senten-

166 2799 245 2848 tia,
279 2801 374 2840 duas
405 2801 581 2855 legiones
614 2818 659 2845 ea
690 2806 737 2845 de
766 2820 883 2846 causa
914 2806 1056 2846 missas
1086 2819 1196 2855 esse,
1232 2812 1275 2845 ut
1304 2804 1500 2857 praesidio
1524 2809 1658 2843 essent

167 2874 372 2908 consueto.
406 2867 490 2910 Iam
511 2870 550 2910 in
572 2870 667 2912 Par.
692 2887 773 2913 sec,
799 2874 946 2927 legitur
969 2873 1181 2927 ‘praesidio
1211 2871 1370 2926 proprio
1398 2869 1651 2923 relegiones'.
