1835 3240
111 161 192 203 578
672 162 747 205 DE
780 162 970 205 BELLO
1004 162 1180 208 CIVILI

187 288 348 314 numero
382 289 474 330 pars
515 276 562 316 ad
605 276 787 329 scopulos
820 277 944 316 adlisa
975 277 1281 330 interficeretur,
1323 296 1412 335 pars
1444 282 1491 322 ab
1521 283 1667 323 nostris

109 342 166 386 ΞΒ
188 343 483 394 detraheretur3
513 358 609 396 quos
625 357 759 383 omues
773 352 1030 385 conseruatos
1044 343 1196 387 Caesar
1218 349 1370 389 domum
1391 352 1558 392 remisit.
1582 350 1668 391 No-

186 417 293 451 strae
316 425 436 452 naues
460 413 557 451 duae
582 411 729 450 tardius
752 426 869 451 cursu
892 414 1072 453 confecto
1094 414 1133 454 in
1155 422 1308 456 noctem
1332 418 1532 459 coniectae
1547 450 1556 468 ‚
1583 434 1667 458 cum

186 479 432 534 ignorarent,
458 491 569 530 quem
593 478 718 518 locum
743 481 916 532 reliquae
939 482 1163 535 cepissent,
1199 490 1335 523 contra
1359 483 1514 526 Lissum
1538 487 1577 527 in
1599 501 1668 527 an-

136 547 164 588 2
186 548 288 587 coris
312 547 590 586 constiterunt.
648 545 732 587 Has
764 549 918 602 scaphis
943 550 1238 605 minoribusque
1270 552 1437 606 nauigiis
1460 554 1666 608 compluri-

186 615 257 655 bus
281 614 502 654 summissis
525 612 718 655 Otacilius
743 612 918 656 Crassus
937 648 946 666 ‚
978 618 1042 670 qui
1064 616 1171 657 Lissi
1202 626 1405 672 praeerat,
1442 634 1670 675 expugnare

186 682 374 736 parabat3
400 681 514 721 simul
536 682 583 722 de
606 682 804 724 deditione
827 698 962 724 eorum
986 686 1127 739 agebat
1150 693 1189 726 et
1210 686 1515 727 incolumitatem
1531 689 1670 729 deditis

141 751 165 790 3
187 749 456 804 pollicebatur.
502 749 652 790 Harum
684 752 810 792 altera
839 753 952 793 nauis
982 760 1104 793 CCXX
1128 767 1148 794 e
1170 754 1325 807 legione
1350 755 1520 795 tironum
1542 763 1671 796 sustu-

140 818 314 866 41erat‚
348 818 472 857 altera
504 832 556 858 ex
587 826 775 859 ueterana
806 821 920 873 paulo
951 821 1080 861 minus
1103 828 1170 861 CC.
1234 821 1309 862 Hic
1339 823 1524 877 cognosci
1546 823 1670 871 licuit,

188 892 372 938 quantum
397 893 503 926 esset
524 887 745 928 hominibus
774 889 959 942 praesidii
982 890 1022 929 in
1045 889 1165 929 animi
1188 890 1440 930 firmitudine.
1502 890 1673 932 Tirones

189 954 292 993 enim
326 954 572 995 multitudine
605 955 762 995 nauium
787 957 985 1010 perterriti
1009 964 1047 997 et
1069 957 1152 997 salo
1175 972 1400 1011 nauscaque
1424 959 1593 1000 confecti
1614 960 1674 999 iu-

188 1021 400 1062 reiurando
413 1029 591 1076 accepto,
618 1023 712 1063 nihil
725 1024 773 1064 iis
788 1025 988 1065 nocituros
1005 1026 1154 1075 hostes,
1172 1040 1214 1066 se
1228 1024 1400 1068 Otacilio
1416 1028 1671 1076 dediderunt3

188 1089 252 1142 qui
275 1103 410 1130 omnes
433 1091 479 1130 ad
502 1104 589 1131 eum
612 1093 791 1145 perducti
822 1100 959 1133 contra
991 1094 1221 1148 religionem
1251 1094 1505 1134 iurisiurandi
1528 1095 1568 1135 in
1591 1094 1673 1134 eius

141 1156 166 1197 5
189 1166 401 1211 conspectu
423 1159 693 1200 crudelissime
715 1161 1018 1201 interficiuntur.
1073 1162 1129 1201 At
1151 1168 1364 1202 ueteranae
1385 1162 1551 1215 legionis
1573 1162 1674 1204 mili-

188 1232 247 1266 tes
269 1226 362 1266 item
386 1228 595 1267 conflictati
620 1236 660 1267 et
683 1230 926 1282 tempestatis
959 1236 998 1268 et
1029 1229 1210 1269 sentinae
1244 1230 1352 1269 uitiis
1374 1243 1500 1282 neque
1523 1243 1576 1269 ex
1597 1229 1676 1283 pri-

189 1293 292 1333 stina
317 1294 459 1334 uirtute
482 1295 759 1335 remittendum
784 1296 928 1349 aliquid
952 1303 1216 1350 putauerunt,
1243 1303 1281 1337 et
1302 1297 1518 1337 tractandis
1541 1297 1675 1337 condi-

188 1361 366 1401 cionibus
399 1369 437 1402 et
469 1363 717 1403 simulatione
750 1364 960 1404 deditionis
990 1371 1173 1404 extracto
1203 1365 1326 1418 primo
1349 1365 1477 1404 noctis
1500 1372 1675 1418 tempore

140 1426 167 1467 6
189 1428 493 1482 gubernatorem
517 1431 554 1470 in
579 1438 722 1471 terram
747 1446 885 1472 nauem
911 1432 1040 1472 eicere
1064 1440 1225 1486 cogunt,
1250 1433 1322 1487 ipsi
1346 1434 1529 1474 idoneum
1546 1433 1674 1473 locum

191 1498 294 1538 nacti
318 1498 507 1551 reliquam
531 1501 656 1540 noctis
681 1508 829 1554 partem
860 1500 912 1541 ibi
945 1502 1202 1541 confecerunt
1233 1508 1272 1542 et
1293 1502 1378 1542 luce
1400 1501 1523 1555 prima
1545 1500 1675 1541 missis

189 1567 238 1606 ad
259 1580 328 1607 eos
351 1567 398 1607 ab
422 1565 592 1608 Otacilio
615 1569 810 1622 equitibus
827 1600 837 1618 ‚
872 1569 937 1622 qui
959 1583 1043 1609 eam
1068 1577 1217 1623 partem
1241 1584 1334 1610 orae
1356 1570 1589 1610 maritumae
1610 1569 1677 1609 ad-

189 1634 425 1685 seruabant,
461 1636 621 1676 circiter
651 1644 760 1677 CCCC
792 1637 934 1690 quique
966 1651 1035 1677 eos
1068 1638 1207 1678 armati
1240 1652 1290 1678 ex
1322 1637 1519 1691 praesidio
1550 1637 1677 1677 secuti

188 1710 281 1744 suut
309 1718 352 1744 se
387 1705 647 1745 defenderunt
679 1713 717 1745 et
749 1706 946 1746 nonnullis
978 1719 1114 1746 eorum
1143 1706 1366 1746 interfectis
1394 1706 1610 1746 incolumes
1633 1717 1675 1744 se

111 1772 166 1815 29
191 1773 238 1812 ad
262 1779 421 1812 nostros
444 1781 694 1825 receperunt.
739 1771 829 1824 Quo
854 1774 955 1814 facto
979 1781 1196 1814 conuentus
1220 1773 1363 1813 ciuium
1384 1771 1672 1822 Romanorum,

189 1840 252 1892 qui
275 1837 436 1879 Lissum
460 1840 715 1890 obtinebant,
752 1842 855 1894 quod
883 1842 1062 1895 oppidum
1092 1842 1140 1882 iis
1163 1849 1278 1881 antea
1302 1838 1456 1882 Caesar
1477 1841 1676 1881 adtribue-

188 1914 250 1947 rat
273 1907 601 1961 muniendumque
625 1918 849 1959 curauerat,
874 1910 1091 1950 Antonium
1114 1910 1255 1963 recipit
1277 1909 1535 1963 omnibusque
1561 1909 1678 1948 rebus

188 1976 300 2015 iuuit.
345 1974 539 2016 Otacilius
571 1977 646 2016 sibi
679 1977 820 2018 timens
843 1992 900 2017 ew
921 1978 1061 2031 oppido
1084 1977 1182 2032 fugit
1203 1985 1242 2018 et
1264 1978 1311 2017 ad
1332 1976 1563 2030 Pompeium
1587 1991 1677 2031 per-

193 2044 314 2083 uenit.
358 2042 572 2099 Expositis
603 2045 785 2085 omnibus
815 2046 937 2100 copiis
959 2046 1182 2096 Antonius,
1219 2059 1381 2099 quarum
1412 2052 1498 2085 erat
1525 2059 1678 2085 summa

192 2119 471 2152 ueterauarum
493 2112 612 2152 trium
634 2113 830 2167 legionum
865 2115 1058 2167 uniusque
1089 2114 1258 2154 tironum
1288 2121 1328 2153 et
1349 2114 1522 2167 equitum
1545 2119 1672 2161 DCCC,

141 2043 168 2084 2

336 2204 350 2236 1
372 2204 482 2235 adlisa
501 2215 535 2236 a.
690 2204 710 2238 2
730 2205 974 2236 detraheretur
992 2205 1067 2236 cod.
1088 2205 1171 2238 Vrs.
1192 2206 1211 2238 3
1230 2205 1334 2245 dett„
1356 2204 1608 2236 distraheretur
1624 2214 1677 2235 re-

192 2258 294 2299 liqui.
435 2259 455 2289 4
474 2258 672 2300 coepissent
689 2268 723 2288 α.
865 2256 1010 2300 Lyssum
1028 2268 1062 2289 a.
1205 2257 1365 2289 anchoris
1380 2267 1414 2288 a.
1557 2257 1575 2287 6
1590 2266 1679 2287 sum·

191 2309 293 2340 misso
315 2308 452 2341 tacilius
471 2319 514 2340 a:
536 2308 754 2349 ‘Octacilius‚
775 2307 954 2340 Octalicus
971 2319 1054 2340 mss.
1073 2308 1236 2350 plerique
1252 2308 1414 2350 semper’.
1557 2308 1575 2340 7
1594 2311 1677 2339 ante

191 2360 336 2403 parabat
351 2359 434 2392 add.
454 2371 475 2391 x
494 2371 513 2391 α
530 2361 546 2391 b
558 2372 586 2391 e.
728 2361 748 2392 8
768 2360 887 2391 horum
904 2370 939 2391 α.
1080 2370 1212 2391 cccxxx
1233 2360 1265 2392 b.
1422 2369 1440 2390 e
1459 2358 1594 2400 legione
1611 2369 1632 2390 a
1644 2359 1674 2399 b,

191 2424 232 2445 ex
253 2413 386 2453 legione
408 2423 441 2444 ιι.
607 2418 764 2455 tyronum
783 2422 816 2443 a.
975 2412 993 2444 9
1013 2413 1187 2444 ueteranis
1208 2412 1239 2443 b.
1380 2422 1417 2442 cc
1431 2421 1500 2452 pet·
1515 2415 1638 2442 notam
1657 2421 1678 2442 a

195 2465 290 2494 ‘mss.
312 2463 464 2504 euncti',
486 2474 543 2494 ccc
563 2464 594 2494 b.
753 2463 806 2494 hic
826 2462 943 2494 Aldus
962 2464 998 2493 in
1018 2465 1169 2504 corrig„
1189 2463 1242 2494 his
1263 2461 1363 2494 codd.
1522 2462 1561 2494 10
1583 2461 1680 2493 forti-

192 2515 309 2547 tudine
330 2514 360 2545 b.
519 2514 557 2545 11
581 2514 768 2555 nausiaque
787 2524 809 2544 a
831 2513 926 2544 ‘mss.
948 2511 1045 2554 qdd.’
1204 2513 1242 2545 12
1262 2513 1314 2544 bis
1333 2524 1366 2545 a.
1510 2512 1678 2544 Octacilio

190 2577 225 2598 α.
369 2563 408 2595 13
428 2563 584 2604 producti
603 2564 656 2605 (a)
669 2564 686 2594 b
706 2563 783 2595 eod.
805 2562 888 2594 Vm.
909 2564 927 2594 4
947 2562 1035 2594 dett.
1187 2564 1227 2596 14
1245 2569 1463 2606 conspectum
1483 2574 1503 2595 a
1517 2574 1534 2594 c
1550 2564 1570 2594 4
1589 2562 1677 2594 dett.

338 2615 378 2647 15
398 2615 486 2645 idem
505 2625 524 2645 α
538 2615 555 2645 b
568 2625 596 2645 e.
743 2615 781 2646 15
802 2618 836 2645 et
853 2614 989 2654 Morus,
1011 2614 1071 2645 sed
1091 2613 1193 2646 codd.
1341 2613 1596 2646 conditionibus
1614 2614 1678 2655 (a).

338 2665 379 2698 18
398 2665 665 2705 gubernatorum
684 2675 716 2696 α.
860 2664 974 2696 cicere
994 2674 1114 2696 nauem
1135 2665 1165 2695 b.
1331 2665 1374 2699 20
1393 2666 1478 2697 adeo
1500 2666 1532 2697 b.

193 2716 379 2760 equitibus]
399 2717 527 2748 nuntiis
548 2717 579 2747 b.
717 2716 918 2747 maritumae
935 2726 968 2747 a.
1087 2714 1319 2745 obseruabant
1338 2714 1356 2745 b
1375 2714 1464 2755 (ads.
1480 2714 1532 2756 α).

192 2774 232 2806 21
256 2770 312 2812 qui
332 2780 390 2801 eos
411 2771 440 2801 b.
580 2769 623 2801 24
643 2768 671 2799 is
690 2778 724 2799 a.
865 2768 1081 2798 adtribuerat
1098 2778 1131 2798 α.
1273 2767 1314 2798 25
1336 2766 1457 2808 recipit
1474 2777 1495 2798 a
1515 2772 1613 2798 ‘nt-w.
1634 2767 1679 2807 4‘,

194 2823 322 2864 recepit
340 2832 375 2852 n.
533 2820 575 2851 26
596 2820 659 2851 luit
676 2829 695 2850 a
715 2822 751 2850 et
766 2829 813 2850 m.
829 2828 888 2860 pr.
911 2819 941 2849 b.
1112 2816 1302 2848 Octacilius
1321 2828 1355 2849 α.
1497 2828 1538 2849 ex
1558 2817 1678 2860 oppido

194 2886 270 2917 ego,
293 2875 412 2917 oppido
433 2872 534 2905 codd.
675 2871 714 2905 27
737 2871 904 2913 expositis
923 2870 1083 2902 Achilles
1102 2869 1257 2911 Statius,
1279 2880 1319 2901 ex
1339 2869 1440 2901 codd.

1707 899 1747 931 10

1709 1236 1749 1268 15

1709 1575 1751 1609 20

1709 1915 1751 1951 25
