1835 3240
697 164 1121 205 —135—

167 288 266 327 idem
289 280 402 329 VIlI,
430 280 496 330 12,
524 280 543 319 1
572 279 839 319 ‘condiciones
861 278 967 332 pacis
991 291 1060 331 per
1081 276 1132 317 L.
1158 275 1371 318 Caesarem
1395 288 1435 319 et
1459 280 1648 321 Fabatum

167 349 329 393 allatas'
362 354 666 389 commemorat:
711 345 884 386 Fabatus
925 353 1054 386 autem
1090 352 1151 385 est
1179 342 1232 384 L.
1266 344 1453 386 Roscius.
1509 347 1650 401 Neque

165 420 368 472 quicquam
392 415 589 463 obstabat,
615 428 689 467 quo
710 414 856 464 minus,
882 421 923 454 ut
945 411 1086 454 Cicero
1109 427 1228 453 unum
1251 411 1301 452 L.
1329 410 1560 464 Caesarem,
1595 417 1650 455 sic

165 484 319 527 Caesar
349 485 475 525 solum
510 483 700 523 Roscium
733 481 979 530 nominaret,
1017 480 1247 533 praesertim
1282 494 1368 520 cum
1401 481 1462 521 liic
1494 490 1653 535 praetor

163 561 284 601 esset,
309 553 359 593 L.
385 550 554 600 Caesar,
579 564 692 603 quem
715 547 804 590 Cic.
829 550 877 589 ad
900 549 986 588 Au.
1012 546 1106 598 Vll,
1132 548 1185 588 13
1203 547 1252 598 Β,
1278 547 1304 588 6
1328 553 1424 589 ‘non
1438 549 1648 599 hominem,

164 623 230 662 sed
254 635 395 675 scopas
417 619 580 661 solutas'
602 617 771 671 appellat
792 623 831 657 et
852 617 898 657 de
918 631 992 670 quo
1011 631 1032 656 a
1052 613 1174 656 Caes.
1199 616 1236 656 b.
1254 617 1330 656 ciu.
1354 615 1407 668 ll,
1434 615 1503 666 23,
1529 615 1554 655 3
1576 631 1652 656 11011

164 690 309 743 optima
331 690 573 737 referuntur,
598 688 713 727 homo
735 685 831 726 satis
853 685 952 725 leuis
975 684 1095 725 fuisse
1116 684 1313 724 uideatur.

279 755 373 810 Seq.
401 770 487 810 cap.
513 757 551 809 ἓ.
575 756 600 796 2
624 757 677 795 ita
700 754 850 794 editur:
887 752 1091 805 ‘polliceri
1112 766 1155 793 se
1180 752 1220 792 in
1244 753 1486 806 prouinciam
1508 753 1653 793 iturum

165 839 306 878 neque,
331 830 421 864 ante
443 838 555 877 quem
579 823 679 863 diem
701 823 829 863 iturus
852 821 918 871 sit,
953 819 1132 870 definire,
1164 828 1208 860 ut
1229 821 1263 861 si
1285 828 1444 874 peracto
1467 819 1655 862 Caesaris

165 893 372 934 consulatu
390 891 602 945 Pompeius
626 892 824 944 profectus
847 903 925 929 non
949 896 1072 938 esset,
1097 888 1203 928 nulla
1225 896 1357 930 tamen
1378 889 1572 930 mendacii
1594 902 1657 929 re-

164 962 309 1016 ligione
331 960 543 1000 obstrictus
565 959 797 999 uideretur'.
833 955 1140 1010 Oudendorpius
1163 957 1260 997 haec
1273 964 1452 997 annotat:
1480 957 1658 997 ‘turbant

165 1029 257 1078 hic⁷,
283 1028 423 1081 inquit,
451 1032 562 1068 ‘mss.
598 1025 642 1066 In
664 1026 864 1080 plerisque
889 1024 1115 1065 ‘consulatu
1137 1022 1354 1065 Caesaris’.
1391 1023 1573 1065 ‘Caesar'
1597 1031 1660 1065 est

164 1098 204 1137 in
227 1095 349 1138 Voss.
375 1110 444 1150 pro
469 1093 729 1147 ‘Pompeius'
761 1094 801 1133 in
823 1091 912 1133 Pet.
938 1092 1056 1134 Leid.
1081 1107 1141 1147 pr.
1167 1090 1307 1133 Cuiac.
1331 1092 1453 1134 Voss.
1489 1097 1499 1116 ‘
1515 1090 1655 1133 Cons'.

164 1167 278 1206 deest
298 1165 338 1204 in
359 1163 517 1204 Louan.
545 1163 654 1202 ‘non’
679 1163 818 1202 exulat
839 1175 990 1214 quoque
1013 1176 1036 1201 a
1059 1159 1151 1202 Cui.
1168 1159 1258 1201 Pet.
1283 1160 1403 1201 Lou'.
1438 1159 1548 1200 Haec
1570 1160 1659 1212 quid

168 1234 241 1274 sibi
273 1233 408 1281 uelint,
445 1233 639 1285 scriptura
672 1229 765 1270 Par.
800 1244 880 1270 sec.
910 1230 1171 1279 demonstrat,
1206 1229 1245 1268 in
1277 1243 1351 1282 quo
1382 1228 1476 1268 mihi
1506 1228 1558 1268 ita
1580 1228 1659 1282 legi

169 1308 349 1341 notatur:
377 1305 436 1339 ‘ut
458 1300 665 1352 siperacto
688 1303 798 1338 cous.
817 1296 1004 1338 Caesaris
1028 1302 1138 1337 cons.
1165 1298 1389 1350 praefectus
1412 1304 1520 1338 esset
1540 1296 1659 1337 nulla'

169 1376 264 1409 cett.
298 1367 449 1420 Scripsi
469 1367 591 1419 igitur
614 1370 672 1405 ‘ut
693 1366 726 1405 si
747 1372 906 1418 peracto
930 1366 1137 1405 consulatu
1151 1362 1340 1405 Caesaris
1364 1379 1442 1405 non
1461 1365 1661 1419 profectus

170 1436 313 1477 esset'.
367 1434 500 1487 Atque
539 1447 585 1474 eo
616 1433 702 1473 loco
734 1433 924 1486 particula
953 1433 1138 1486 negatiua
1169 1433 1318 1473 rectius
1349 1433 1532 1486 ponitur,
1571 1432 1661 1486 quia

170 1504 359 1545 orationis
383 1503 442 1542 uis
463 1502 504 1542 in
527 1515 611 1541 eam
634 1500 837 1540 incumbit.

283 1569 332 1610 C.
359 1569 426 1619 14,
451 1568 477 1608 4
510 1570 606 1609 haec
635 1569 828 1609 eduntur:
857 1569 1205 1622 ‘gladiatoresque,
1231 1582 1326 1621 quos
1356 1568 1410 1608 ibi
1439 1564 1592 1608 Caesar
1622 1567 1661 1607 in

168 1639 258 1680 ludo
281 1637 471 1686 habebat,
504 1636 552 1676 ad
574 1637 701 1675 forum
724 1637 935 1690 productos
956 1635 1152 1676 Lentulus
1174 1636 1344 1677 libertati
1370 1635 1575 1677 confirmat
1606 1642 1663 1675 at-

169 1721 244 1760 que
274 1707 322 1746 iis
353 1719 473 1758 equos
496 1704 675 1745 attribuit
702 1711 742 1744 et
774 1718 816 1743 se
839 1703 949 1757 sequi
972 1703 1109 1743 iussit:
1136 1718 1233 1756 quos
1264 1711 1399 1758 postea
1423 1703 1593 1744 monitus
1616 1702 1663 1743 ab

169 1774 267 1823 suis,
293 1774 394 1826 quod
418 1787 462 1812 ea
485 1786 547 1813 res
571 1772 744 1812 omnium
766 1771 911 1812 iudicio
934 1772 1310 1825 reprehendebatur,
1336 1773 1483 1812 circum
1500 1771 1665 1811 familia-

168 1857 233 1884 res
256 1848 476 1882 conuentus
501 1838 741 1895 Campaniae
765 1840 968 1881 custodiae
991 1855 1113 1882 causa
1135 1840 1359 1881 distribuit'.
1408 1839 1559 1881 Verum
1583 1838 1662 1880 La-

169 1911 249 1952 tine
272 1910 510 1965 gladiatores
533 1909 704 1949 libertati
727 1923 805 1948 non
829 1909 1127 1958 confirmantur,
1152 1909 1314 1949 libertas
1337 1908 1559 1948 confirmari
1583 1908 1666 1961 gla-

170 1978 386 2020 diatoribus
419 1984 574 2031 potest,
610 1992 695 2017 cum
730 1977 925 2031 promissa
957 1985 1024 2018 aut
1061 1978 1151 2018 data
1184 1976 1406 2027 stabilitur3
1443 1976 1504 2016 hic
1535 1982 1665 2016 autem

169 2048 362 2102 promissa
392 2046 554 2086 dicenda
577 2053 678 2086 erat.
731 2044 778 2086 In
804 2045 899 2087 Par.
926 2059 1008 2086 sec.
1035 2042 1144 2086 Scal.
1171 2043 1262 2086 Cui.
1288 2045 1432 2097 legitur
1455 2044 1666 2085 ‘libertatis

171 2115 408 2165 coufirmat',
432 2115 535 2154 unde
564 2115 605 2155 in
636 2112 753 2154 Leid.
780 2128 840 2168 pr.
866 2114 1048 2154 effectum
1081 2120 1142 2154 est
1172 2113 1237 2153 ‘in
1272 2113 1494 2153 libertatem
1524 2112 1666 2152 confir-

171 2187 278 2224 mat'.
330 2182 402 2223 Illa
434 2183 631 2237 scriptura
661 2196 797 2223 uocem
830 2183 997 2236 aliquam
1021 2182 1218 2222 excidisse
1241 2182 1512 2231 demonstrat,
1546 2194 1567 2220 a
1591 2194 1667 2233 qua

171 2252 369 2306 genitiuus
391 2257 504 2304 aptus
530 2251 660 2291 fuerit.
695 2249 797 2291 Nam
822 2251 1037 2304 genitiuum
1061 2249 1315 2290 confirmandi
1338 2248 1460 2289 uerbo
1484 2248 1668 2302 coniungi

171 2333 287 2373 posse
318 2319 473 2360 ludibrii
504 2333 639 2369 causa,
665 2326 781 2373 puto,
817 2333 839 2359 a
863 2318 1090 2372 quibusdam
1113 2319 1317 2358 defensum
1340 2324 1416 2358 est.
1465 2314 1664 2371 Scriptum

173 2387 267 2437 fuit,
298 2387 336 2427 ni
372 2387 512 2435 fallor,
541 2393 627 2442 ‘spc
656 2386 850 2427 libertatis
882 2385 1118 2426 confirmat'.
1170 2384 1279 2426 Infra
1310 2399 1380 2439 pro
1412 2384 1667 2425 familiaribus

172 2462 281 2495 recte
310 2453 501 2496 Dauisius
533 2455 704 2496 coniecit
728 2454 941 2495 ‘familias'.
994 2454 1194 2504 Vrsinus,
1229 2454 1315 2494 siue
1345 2452 1472 2507 potius
1505 2451 1669 2493 Ciacco-

175 2522 286 2572 nius,
321 2524 422 2577 quod
451 2521 596 2565 Cicero
627 2523 675 2563 ad
705 2522 793 2563 Att.
820 2520 916 2572 VII,
944 2522 1014 2571 14,
1037 2522 1065 2564 2
1096 2522 1209 2562 binos
1232 2520 1470 2575 gladiatores
1503 2519 1668 2574 singulis

177 2590 350 2641 patribus
382 2591 617 2632 familiarum
649 2591 880 2632 distributos
911 2591 1076 2641 scribit,
1109 2591 1171 2630 hic
1204 2589 1370 2629 ‘circum
1403 2588 1574 2628 familiae
1602 2600 1670 2641 pa-

179 2657 269 2696 tres'
293 2671 440 2710 ponere
462 2660 634 2709 uolebat,
661 2674 759 2713 quae
782 2659 989 2699 collocatio
1011 2658 1224 2699 uerborum
1246 2657 1392 2696 uitiosa
1413 2662 1487 2696 est.

291 2722 339 2764 C.
365 2725 444 2776 15,
469 2726 518 2777 5,
553 2728 619 2767 ubi
651 2727 842 2767 edebatur
875 2727 942 2767 ‘in
971 2726 1020 2767 iis
1053 2723 1267 2766 Camerino
1302 2724 1514 2777 fugientem
1547 2722 1671 2763 Vlcil-

180 2790 253 2829 lem
277 2790 467 2845 Hirrum',
490 2802 600 2836 recte
622 2793 888 2849 Glandorpius
911 2794 1002 2849 poni
1023 2794 1139 2835 iussit
1163 2791 1375 2833 ‘Lucilium
1400 2789 1590 2831 Hirrum’.
1624 2787 1670 2828 In

181 2859 293 2899 codd.
319 2860 505 2914 scriptum
527 2869 589 2902 est
611 2863 788 2903 ‘ucillum
812 2861 1004 2903 Hirrum’.
1053 2859 1162 2902 Idem
1193 2861 1307 2901 homo
1329 2860 1370 2900 iu
1391 2864 1554 2899 senatus
1579 2870 1671 2896 cou-
