1835 3240
81 891 122 923 10

80 1229 120 1261 15

557 160 741 205 COMM.
775 160 855 203 1111
886 158 1010 202 CAP.
1033 160 1232 203 22-24.
1625 165 1707 206 341

156 281 268 329 sidio,
294 277 394 331 quod
415 276 510 316 satis
534 289 623 316 esse
645 275 925 325 arbitrabatur,
949 279 1103 327 portum
1125 279 1262 313 tenere
1285 273 1415 314 iussit.
1447 274 1520 315 His
1539 291 1630 316 con-
1651 277 1707 322 23

153 345 301 389 stitutis
331 344 450 385 rebus
478 350 616 384 nactus
646 343 826 383 idoneam
859 342 907 382 ad
936 342 1201 394 nauigandum
1224 347 1496 394 tempestatem
1518 344 1634 384 tertia

154 415 236 454 fere
256 412 391 466 uigilia
413 411 532 452 soluit
562 412 791 465 equitesque
811 410 852 449 in
873 409 1101 449 ulteriorem
1125 415 1279 462 portum
1303 408 1484 462 progredi
1507 416 1546 448 et
1567 424 1635 449 na-

153 494 223 521 ues
246 482 515 520 conscendere
538 486 576 519 et
597 492 640 518 se
662 477 773 530 sequi
795 477 926 517 iussit.
989 476 1027 516 A
1050 477 1187 529 quibus
1220 490 1304 516 cum
1339 476 1455 529 paulo
1487 476 1635 518 tardius
1656 478 1683 519 2

157 554 262 588 esset
283 548 615 595 administratum,
639 545 724 598 ipse
747 545 844 584 hora
866 545 1025 584 circiter
1046 544 1121 584 diei
1144 551 1283 597 quarta
1305 558 1390 583 cum
1413 544 1548 597 primis
1570 559 1639 584 na-

152 615 265 655 uibus
296 613 546 654 Britanniam
576 613 706 666 attigit
735 619 852 665 atque
882 612 935 652 ibi
966 612 1005 650 in
1037 612 1215 652 omnibus
1247 611 1410 652 collibus
1433 612 1637 665 expositas

153 682 321 722 hostium
344 682 475 735 copias
499 687 671 722 armatas
694 679 918 733 conspexit.
983 676 1107 719 Cuius
1144 680 1219 719 loci
1252 680 1347 719 haec
1371 686 1456 720 erat
1477 686 1635 730 natura,
1660 678 1684 719 3

154 757 271 802 atque
292 751 345 790 ita
368 749 563 789 montibus
586 747 763 801 angustis
786 761 894 787 mare
916 746 1190 787 continebatur
1205 778 1215 796 ,
1252 748 1307 786 uti
1331 761 1384 787 ex
1405 747 1500 788 locis
1523 761 1637 801 supe-

152 818 324 857 rioribus
346 817 387 856 in
409 817 501 856 litus
524 815 642 856 telum
666 815 768 868 adigi
792 821 939 868 posset.
984 813 1101 854 Hunc
1124 815 1171 854 ad
1194 815 1468 867 egrediendum
1492 829 1638 868 nequa·
1659 815 1687 856 4

155 898 269 937 quam
292 885 473 924 idoneum
496 884 624 924 locum
647 883 861 923 arbitratus
877 913 887 932 ,
923 883 1011 922 dum
1039 882 1214 934 reliquae
1236 896 1359 922 naues
1382 897 1428 923 eo
1451 883 1638 924 conueni-

153 959 258 1001 rent,
284 952 332 992 ad
355 952 489 992 horam
512 965 654 991 nonam
676 951 717 990 in
739 950 896 990 ancoris
920 950 1160 1003 expectauit.
1219 948 1384 990 Interim
1407 951 1546 1004 legatis
1569 951 1638 991 tri·
1660 950 1685 992 5

152 1019 347 1072 bunisque
377 1020 543 1060 militum
578 1019 807 1059 conuocatis
839 1024 879 1058 et
907 1032 1006 1070 quae
1029 1031 1081 1058 ex
1102 1016 1306 1058 Voluseno
1331 1027 1566 1071 cognosset,
1603 1027 1642 1060 et

152 1100 250 1139 quae
272 1087 354 1127 fieri
378 1087 512 1137 uellet,
538 1087 711 1127 ostendit
733 1086 976 1138 monuitque,
1002 1093 1044 1125 ut
1065 1085 1124 1125 rei
1146 1085 1327 1125 militaris
1351 1087 1451 1126 ratio
1468 1118 1477 1136 ,
1511 1087 1639 1127 maxi-

153 1167 214 1194 me
237 1161 280 1194 ut
300 1155 534 1195 maritumae
555 1169 620 1195 res
643 1155 914 1209 postularent,
950 1160 991 1193 ut
1022 1167 1120 1206 quae
1143 1154 1314 1194 celerem
1336 1161 1452 1207 atque
1474 1153 1641 1194 instabi-

154 1221 230 1262 lem
252 1229 397 1262 motum
420 1223 625 1272 haberent,
651 1223 698 1263 ad
721 1230 853 1262 nutum
878 1229 917 1261 et
938 1222 984 1261 ad
1009 1229 1159 1275 tempus
1183 1235 1319 1262 omnes
1346 1235 1410 1261 res
1435 1222 1480 1261 ab
1503 1221 1551 1262 iis
1574 1222 1641 1262 ad-

155 1289 488 1330 ministrarentur.
551 1290 626 1331 His
659 1291 829 1330 dimissis
863 1298 901 1330 et
932 1296 1092 1329 uentum
1125 1296 1162 1329 et
1192 1297 1343 1329 aestum
1365 1304 1443 1330 uno
1466 1297 1641 1344 tempore
1664 1290 1689 1331 6

155 1364 294 1396 nactus
317 1358 529 1397 secundum
551 1358 640 1397 dato
662 1359 777 1411 signo
808 1366 846 1398 et
878 1358 1042 1398 sublatis
1065 1358 1222 1397 ancoris
1246 1357 1405 1397 circiter
1426 1358 1532 1398 milia
1553 1372 1642 1411 pas-

155 1437 266 1463 suum
299 1432 446 1477 septem
479 1425 526 1465 ab
557 1439 602 1465 eo
634 1425 720 1466 loco
753 1439 988 1479 progressus
1019 1432 1155 1478 aperto
1178 1439 1223 1465 ac
1245 1425 1359 1478 plano
1381 1426 1496 1466 litore
1518 1440 1642 1466 naues

158 1492 376 1532 constituit.
438 1492 495 1532 At
527 1493 685 1534 barbari
717 1494 882 1533 consilio
911 1492 1185 1533 Romanorum
1220 1493 1379 1546 cognito
1419 1494 1637 1547 praemisso
1659 1494 1719 1539 24

154 1559 329 1610 equitatu
353 1566 390 1600 et
412 1561 649 1609 essedariis,
685 1574 759 1613 quo
789 1562 1016 1616 plerumque
1047 1574 1194 1613 genere
1223 1561 1263 1600 in
1286 1561 1446 1614 proeliis
1469 1563 1525 1602 uti
1549 1577 1643 1602 con-

157 1633 344 1675 suerunt,
370 1627 534 1680 reliquis
557 1628 677 1680 copiis
708 1628 909 1668 subsecuti
932 1635 1089 1668 nostros
1114 1629 1280 1668 nauibus
1304 1629 1439 1682 egredi
1461 1631 1643 1683 prohibe-

155 1692 264 1732 bant.
327 1692 427 1734 Erat
449 1695 496 1734 ob
521 1695 590 1735 has
613 1709 755 1735 causas
778 1709 928 1736 summa
950 1696 1154 1735 difficultas
1171 1725 1181 1744 ,
1214 1696 1315 1748 quod
1338 1710 1460 1736 naues
1484 1706 1644 1752 propter
1663 1699 1691 1739 2

156 1761 461 1815 magnitudinem
486 1763 562 1803 nisi
583 1763 623 1803 in
646 1764 724 1803 alto
747 1763 935 1803 constitui
959 1778 1035 1803 non
1059 1770 1264 1817 poterant,
1300 1763 1491 1804 militibus
1515 1774 1644 1806 autem

156 1827 300 1881 ignotis
323 1829 444 1879 locis,
478 1830 675 1884 impeditis
705 1832 883 1871 manibus
916 1845 1058 1885 magno
1092 1838 1131 1871 et
1159 1831 1274 1885 graui
1304 1846 1425 1873 onere
1446 1847 1645 1874 armorum

158 1897 356 1950 oppressis
379 1897 496 1938 simul
516 1906 556 1939 et
577 1899 624 1939 de
646 1899 813 1940 nauibus
837 1899 1094 1940 desiliendum
1107 1906 1146 1940 et
1166 1899 1207 1940 in
1221 1900 1403 1940 fluctibus
1421 1901 1644 1943 consisten-

301 2032 320 2064 3
339 2033 459 2074 uigilia
478 2044 585 2067 naues
605 2035 763 2079 soluitf,
785 2036 906 2078 uigilia
925 2036 1035 2068 noctis
1055 2046 1161 2068 naues
1182 2037 1287 2068 soluit
1306 2037 1336 2068 b.
1511 2039 1644 2081 equites

159 2092 241 2123 quos
261 2082 294 2114 in
312 2084 366 2124 D,
387 2085 519 2126 equites
539 2086 571 2116 in
594 2087 624 2118 b.
764 2087 923 2130 progredi
943 2097 1116 2128 nauesque
1138 2087 1169 2119 b.
1320 2089 1341 2120 4
1359 2098 1434 2119 cum
1452 2090 1552 2131 paulo
1571 2091 1646 2123 AB

156 2134 214 2166 Ea
227 2136 293 2176 es,
314 2146 388 2167 cum
407 2137 441 2168 id
459 2138 559 2179 paulo
581 2139 598 2170 b
611 2150 639 2170 c.
806 2141 822 2171 5
843 2140 925 2171 hora
946 2138 1086 2170 circiter
1104 2139 1171 2170 diei
1190 2143 1312 2180 quarta
1330 2140 1445 2170 ABE
1461 2141 1539 2172 edd.
1560 2146 1645 2174 ante

156 2195 198 2225 u,
220 2185 304 2217 hora
321 2187 389 2219 diei
408 2188 548 2221 circiter
565 2195 686 2232 quarta
696 2192 768 2232 su.
887 2191 906 2223 6
926 2191 1113 2222 Britaniam
1131 2191 1174 2222 B.
1300 2190 1319 2223 7
1338 2197 1488 2224 armatas
1507 2204 1575 2225 om.
1594 2205 1643 2227 m.

153 2246 212 2278 pr.
234 2237 266 2269 b.
409 2244 483 2270 erat
501 2250 570 2272 om.
589 2251 636 2272 m.
652 2251 712 2282 pr.
735 2242 767 2272 b.
939 2242 961 2274 8
979 2246 1080 2284 atque
1100 2242 1149 2272 ita
1167 2242 1240 2273 AB
1254 2242 1323 2273 CD
1338 2242 1416 2281 Ee‚·
1437 2243 1521 2275 adeo
1543 2245 1560 2275 Ι]
1573 2245 1644 2287 ed,

158 2287 241 2317 adeo
261 2289 347 2329 eos.
488 2291 651 2323 montium
670 2291 886 2333 angustiiss.
1054 2293 1138 2334 uts.
1302 2293 1321 2325 9
1341 2292 1431 2332 adigi
1449 2294 1521 2325 AB
1535 2295 1649 2328 CDE

160 2346 182 2367 a
196 2337 298 2379 bcf,
320 2339 423 2370 adiici
443 2339 532 2379 (wel
548 2341 666 2384 adici')
690 2343 827 2384 ‘forsan
848 2343 882 2373 ε’
899 2353 934 2374 u.
1100 2344 1188 2374 hunc
1207 2343 1471 2384 adgrediendum
1491 2345 1533 2384 cl,
1555 2346 1644 2379 bunc

162 2390 384 2430 adgrediendi
406 2392 437 2424 b.
617 2404 829 2436 nequaquam
848 2395 1006 2426 idoneum
1026 2394 1135 2426 locum
1154 2395 1342 2426 arbitratus
1360 2396 1433 2427 AB
1448 2397 1579 2435 CDE,·
1597 2399 1647 2430 10-

163 2450 236 2471 cum
256 2451 400 2483 nequaq.
421 2443 513 2474 idon.
534 2444 699 2486 arb.fet
712 2447 843 2477 omisso
861 2445 1018 2477 idoneum
1039 2446 1080 2486 b,
1102 2456 1248 2488 nequaq.
1270 2446 1362 2478 idon.
1382 2447 1455 2478 arb.
1478 2447 1589 2480 locum
1608 2460 1642 2481 u.

306 2493 343 2524 11
366 2494 501 2526 ancoris
518 2495 570 2535 B,
592 2496 753 2527 anchoris
772 2506 808 2528 u.
972 2496 1185 2538 (expectauit
1203 2497 1248 2537 B)
1268 2498 1438 2539 spectauit
1453 2499 1499 2529 I).

166 2540 207 2573 12
224 2548 405 2581 cognosset
421 2545 451 2576 B
471 2546 724 2587 ‘uetustiores',
747 2547 966 2587 coguouisset
983 2557 1000 2578 e
1019 2550 1053 2578 et
1067 2558 1137 2579 see.
1157 2557 1202 2579 m.
1223 2548 1265 2579 B.
1425 2548 1464 2581 13
1484 2551 1647 2583 maxime-

164 2602 226 2633 que
245 2598 282 2625 ut
300 2594 317 2625 b
330 2595 392 2627 ed.
579 2598 621 2630 14
638 2599 840 2630 maritumae
861 2599 890 2631 A
903 2598 976 2640 (B).
1141 2604 1178 2631 ut
1197 2609 1283 2641 quae
1302 2599 1471 2641 Lipsius,
1492 2606 1529 2633 ut
1547 2612 1644 2643 quam

166 2642 266 2674 codd.
428 2646 468 2679 15
487 2647 528 2678 ab
548 2647 589 2679 iis
608 2649 641 2680 A
653 2647 716 2691 (B)
731 2650 778 2690 C,
801 2650 841 2681 ab
862 2649 913 2681 his
930 2650 1005 2692 Es.
1172 2651 1213 2683 16
1232 2655 1267 2682 et
1284 2655 1450 2682 aestatem
1471 2651 1502 2682 b.

168 2695 206 2728 17
226 2696 422 2738 secundum]
442 2698 542 2730 simul
561 2700 593 2732 b.
734 2702 870 2733 ancoris
888 2703 981 2744 AB,
1002 2703 1161 2734 anchoris
1180 2713 1215 2734 u.
1364 2703 1456 2734 mille
1475 2712 1596 2744 passus
1616 2715 1642 2735 e.

310 2747 349 2779 ¹3
367 2754 483 2790 aPffl'tO
502 2761 569 2784 Om·
590 2753 664 2784 ΑΒ
678 2754 706 2785 C
726 2753 759 2787 ι8
776 2753 878 2786 αἱῑ”ι“’.
1077 2755 1123 2789 24
1141 2765 1243 2787 onore
1263 2764 1432 2786 armorum
1450 2763 1571 2795 m.p1·.
1592 2754 1644 2793 B,-

166 2808 332 2830 armorum
351 2810 451 2832 onere
470 2812 548 2834 cum
566 2814 636 2836 uno
656 2805 674 2835 b
687 2815 722 2837 u.
862 2807 905 2841 25
926 2807 1100 2850 expressis
1118 2816 1164 2839 m.
1183 2816 1241 2849 pr.
1264 2806 1313 2847 C,
1334 2806 1465 2848 pressis
1484 2805 1546 2845 ef·

168 2855 200 2880 ct
220 2848 274 2891 dc]
296 2855 329 2881 et
346 2861 443 2893 ace,
462 2854 532 2895 es,
554 2859 588 2886 et
605 2865 680 2886 cum
700 2856 729 2887 b.
