1835 3240
113 173 196 214 644
628 174 698 215 BE
709 175 799 216 LLI
830 175 1232 218 ALEXANDRINI

141 286 164 326 3
187 285 354 326 Romani
378 293 418 326 et
437 301 558 341 regna
582 289 776 328 sociorum
800 289 1021 342 reciperare
1043 290 1182 344 legatis
1205 293 1483 345 respondebat.
1508 292 1668 348 Magnis

188 361 227 395 et
265 354 460 395 continuis
490 355 693 396 itineribus
733 358 922 397 confectis
964 372 1049 397 cum
1085 359 1317 400 aduentaret
1347 362 1394 401 ad
1423 360 1663 417 Nicopolim,

186 423 286 475 quod
319 418 497 476 oppidum
531 423 696 476 positum
731 424 769 464 in
791 425 978 465 Armenia
1012 426 1162 466 minore
1194 434 1255 466 est
1287 427 1401 481 plano
1429 430 1556 484 ipsum
1577 432 1664 471 loco

186 491 381 531 montibus
415 498 540 530 tamen
574 491 663 531 altis
686 492 732 531 ab
755 493 904 532 dnobus
926 493 1116 534 lateribus
1139 494 1304 535 obiectis
1327 497 1422 536 satis
1443 511 1585 551 magno
1607 499 1666 539 in-

183 559 348 598 teruallo
371 559 417 598 ab
440 558 579 611 oppido
603 560 762 600 remotis
779 591 789 610 ‚
815 568 944 601 eastra
966 562 1095 614 posuit
1116 563 1233 615 longe
1255 576 1277 602 a
1298 562 1484 617 Nicopoli
1505 566 1663 607 circiter

135 627 160 666 4
183 626 288 666 milia
321 640 502 679 passuum
525 633 600 665 VII.
647 625 798 679 Quibus
829 642 882 668 ex
913 630 1054 670 castris
1088 644 1173 669 cum
1205 630 1315 670 locus
1338 639 1529 684 angustus
1551 641 1665 686 atque

181 694 388 748 impeditus
412 701 516 734 esset
540 697 818 746 transeunduS,
838 695 1063 738 Pharnaces
1085 698 1125 737 in
1148 697 1299 738 insidiis
1324 699 1497 739 delectos
1517 701 1665 752 pedites

180 776 393 814 omnesque
428 775 550 814 paene
583 763 773 816 disposuit
796 766 970 818 equites,
1006 780 1187 818 magnam
1222 773 1352 806 autem
1383 767 1665 808 multitudinem

179 830 331 884 peeoris
364 830 466 869 iutra
500 844 566 871 cas
599 832 732 872 fauces
767 833 946 887 dissipari
980 833 1098 873 iussit
1120 847 1373 887 paganosque
1394 842 1433 874 et
1454 835 1664 889 oppidanos

131 898 155 937 5
179 899 217 938 in
251 897 310 938 liis
342 898 438 938 locis
471 898 703 939 obuersari:
739 908 800 948 ut,
835 902 919 941 siue
951 903 1101 942 amicus
1133 901 1331 942 Domitius
1363 917 1429 943 eas
1463 903 1665 957 angustias

177 966 390 1013 transiret,
425 966 517 1007 nihil
541 967 586 1007 de
608 967 760 1008 insidiis
784 970 1078 1023 suspicaretur,
1104 985 1190 1011 cum
1213 971 1251 1010 iu
1275 971 1381 1024 agris
1404 978 1444 1011 et
1464 985 1607 1024 pecora
1628 979 1666 1012 et

178 1034 355 1075 homines
378 1035 712 1076 animaduerteret
734 1039 885 1078 uersari
909 1045 1099 1092 tamquam
1122 1040 1333 1079 amicorum
1357 1039 1553 1090 aduentu3
1580 1039 1664 1079 siue

177 1103 357 1143 inimicus
381 1109 421 1142 ut
442 1102 480 1142 in
505 1103 671 1144 hostium
696 1105 792 1145 fines
816 1106 987 1155 ueniret,
1014 1107 1158 1160 praeda
1181 1106 1394 1160 diripienda
1418 1107 1563 1146 milites
1586 1107 1663 1147 ‹tis-

100 1171 155 1215 37
177 1171 402 1225 siparentur
450 1171 696 1225 dispersique
737 1174 1010 1214 caederentur.
1072 1173 1181 1214 Haec
1223 1188 1308 1214 cum
1348 1174 1660 1223 administraret,

177 1252 384 1292 numquam
413 1246 539 1278 tamen
572 1240 860 1280 intermittebat
881 1242 1031 1295 legatos
1055 1243 1100 1281 de
1126 1255 1217 1296 pace
1240 1249 1356 1294 atque
1380 1241 1552 1281 amicitia
1574 1242 1660 1281 mit-

180 1315 263 1347 tcre
287 1308 332 1346 ad
349 1305 578 1355 Domitium,
597 1321 683 1346 cum
709 1308 780 1348 hoc
802 1309 886 1362 ipso
909 1310 1088 1350 crederet
1110 1310 1261 1350 facilius
1281 1323 1367 1349 eum
1386 1308 1510 1362 decipi
1529 1322 1659 1362 posse.

176 1374 232 1414 At
264 1382 402 1414 contra
435 1389 523 1429 spes
557 1375 664 1428 pacis
697 1373 869 1415 Domitio
902 1376 940 1416 in
974 1378 1120 1417 eisdem
1152 1377 1292 1418 castris
1326 1377 1504 1416 morandi
1535 1376 1664 1417 attulit

126 1445 152 1485 2,
175 1457 348 1483 causam.
394 1441 452 1483 lta
474 1441 703 1484 Pharnaces
735 1444 878 1485 amissa
903 1446 1072 1498 proximi
1098 1446 1281 1499 temporis
1305 1444 1538 1494 occasione,
1573 1458 1662 1484 cum

175 1519 406 1561 uereretur,
440 1526 488 1551 ne
520 1520 860 1565 cognoscerentur
880 1513 1047 1554 insidiae
1063 1545 1073 1562 ,
1109 1528 1201 1554 suos
1223 1514 1263 1554 in
1287 1520 1418 1553 castra
1439 1512 1658 1552 reuocauit.

125 1580 148 1620 3
175 1579 369 1620 Domitius
401 1587 560 1634 postero
591 1580 652 1620 die
675 1581 834 1634 propius
856 1580 1080 1636 Nicopolim
1104 1582 1274 1623 accessit
1295 1588 1502 1633 castraque
1524 1580 1663 1633 oppido

174 1649 352 1689 contulit.
398 1646 510 1701 Quae
543 1648 630 1688 dum
660 1650 841 1690 muniunt
873 1651 1025 1700 nostri,
1059 1649 1286 1691 Pharnaces
1316 1649 1440 1690 aciem
1469 1647 1661 1688 instruxit

125 1717 149 1756 4
174 1730 244 1757 suo
268 1731 375 1757 more
398 1723 515 1770 atque
536 1716 733 1757 instituto.
762 1716 807 1757 In
833 1720 961 1759 fronte
984 1719 1086 1759 enim
1109 1718 1274 1771 simplici
1297 1718 1444 1757 directa
1467 1716 1552 1755 acie
1574 1729 1660 1755 eor-

174 1799 251 1825 uua
282 1785 393 1824 trinis
416 1785 674 1825 firmabantur
695 1785 904 1826 subsidiis:
939 1787 1073 1827 eadem
1096 1786 1250 1827 ratione
1274 1786 1369 1825 haec
1390 1783 1518 1824 media
1540 1783 1660 1823 collo—

174 1853 362 1893 cabantur
384 1852 469 1892 acie
492 1853 640 1894 duobus
664 1854 803 1894 dextra
827 1853 1066 1907 sinistraque
1088 1853 1309 1894 interuallis
1334 1851 1575 1905 simplicibus
1598 1865 1659 1890 or-

127 1922 149 1961 5
173 1921 326 1961 dinibus
357 1920 577 1961 instructis.
630 1919 802 1961 Perfecit
842 1922 1040 1976 inceptum
1083 1929 1303 1962 castrorum
1337 1934 1431 1974 opus
1462 1918 1661 1959 Domitius

96 1988 153 2033 38
175 1996 282 2043 parte
315 1988 514 2042 copiarum
548 2004 616 2042 pro
648 1989 750 2029 uallo
785 1990 1013 2030 constituta.
1066 1988 1257 2030 Proxima
1288 1995 1402 2029 nocte
1431 1986 1659 2028 Pharnaces

173 2058 400 2111 interceptis
422 2058 654 2107 tabellariis,
680 2058 740 2110 qui
765 2059 810 2098 de
834 2057 1117 2098 Alexandrinis
1139 2057 1256 2099 rebus
1279 2058 1430 2098 litteras
1453 2057 1501 2096 ad
1522 2055 1660 2096 Domi-

174 2126 264 2165 tium
310 2126 485 2166 serebant
502 2157 511 2174 ,
558 2126 764 2179 cognoscit
795 2125 1008 2167 Caesarem
1049 2141 1190 2180 magno
1232 2127 1272 2166 in
1305 2125 1478 2179 periculo
1509 2123 1658 2163 uersari

172 2194 414 2248 flagitarique
436 2194 482 2234 ab
499 2193 688 2243 Doti-uiuo,
715 2201 755 2233 ut
777 2209 888 2247 quam
913 2194 1077 2248 primum
1095 2192 1259 2234 Caesari
1281 2191 1655 2240 subsidiamitteret,

125 2261 147 2299 ⁹]
172 2262 407 2316 propiusque
430 2263 511 2316 ipsc.
534 2262 820 2303 Alexandriam
846 2277 914 2316 per
934 2261 1088 2318 Syriam
1113 2262 1334 2303 accederet.
1389 2258 1477 2312 Qua
1502 2259 1658 2313 cognita

318 2400 327 2431 1
352 2400 545 2442 reciperare
565 2411 599 2440 α,
620 2401 775 2443 recipcre
797 2413 835 2440 “r'
857 2410 1060 2443 recuperare
1081 2411 1114 2432 ιι.
1258 2401 1369 2431 fiante
1386 2402 1502 2428 castra
1520 2396 1657 2427 addunt

171 2461 211 2481 ex
230 2461 263 2490 ιι,
286 2456 383 2482 extra
404 2452 433 2482 b.
613 2453 632 2484 8
651 2463 736 2494 pene
755 2464 789 2485 a.
974 2454 991 2485 9
1012 2452 1180 2483 intrabas
1203 2451 1233 2482 b.
1410 2450 1448 2481 10
1468 2449 1518 2480 his
1537 2459 1557 2480 ιι
1577 2448 1654 2480 edd,

168 2504 320 2544 priores,
343 2503 384 2535 iis
403 2504 442 2534 P.
462 2503 650 2536 Manutius
670 2515 704 2536 ιι.
914 2505 1090 2537 obseruari
1111 2514 1130 2535 α
1152 2505 1182 2536 b.
1400 2503 1473 2534 siue
1492 2503 1607 2543 codd„
1630 2503 1657 2533 si

170 2554 283 2586 Aldus
303 2565 337 2585 ιι.
492 2556 636 2598 amicus]
658 2558 731 2588 siue
752 2558 909 2590 iuimicus
929 2558 1012 2590 add.
1033 2557 1159 2596 eocld.;
1179 2566 1269 2598 qnae
1286 2559 1369 2586 aule
1388 2560 1424 2587 ut
1446 2555 1654 2597 (13)120sm·,

170 2617 238 2638 om.
252 2607 365 2638 Aldus
385 2617 417 2637 n.
441 2607 477 2638 P.
496 2607 571 2639 105.
720 2610 913 2641 tzauilnum
934 2611 1134 2642 aduerteret
1151 2619 1172 2640 ιι
1190 2612 1224 2640 et
1243 2619 1287 2639 m·
1308 2619 1376 2639 nno
1391 2609 1461 2639 det.
1475 2619 1510 2639 τι.

169 2664 328 2699 tanquam
348 2658 412 2697 (a).
606 2661 774 2692 aduentus
792 2662 881 2693 utin
902 2673 922 2693 α
942 2663 959 2693 b
978 2673 1005 2701 c,
1027 2661 1175 2692 aduentu
1196 2660 1247 2691 sin
1269 2670 1349 2691 uero
1371 2660 1457 2691 utin
1478 2670 1511 2690 ιι.

171 2711 210 2742 14
229 2710 373 2752 dispersi
394 2710 424 2740 b.
572 2710 609 2742 15
629 2721 796 2753 nunquam
817 2712 883 2754 (a).
1024 2710 1151 2753 tamen]
1172 2709 1237 2742 tam
1253 2711 1270 2741 fi
1290 2721 1323 2742 a.
1467 2710 1506 2742 17
1527 2710 1654 2741 eisdem

166 2764 218 2803 (a)
238 2763 315 2795 eclcl.
335 2765 493 2804 priorem,
517 2764 634 2796 iisdem
654 2764 795 2806 prsins
816 2776 849 2796 ιι.
992 2766 1032 2798 18
1052 2776 1124 2797 cum
1145 2769 1326 2796 uererctur
1345 2775 1433 2795 unus
1452 2763 1539 2803 det„
1560 2774 1656 2795 uere-

169 2820 263 2846 rctur
281 2826 300 2846 α
322 2816 339 2846 b
358 2825 398 2853 e,-
418 2817 550 2847 ueritus
569 2815 684 2847 Aldus
703 2826 737 2846 ιι.
904 2815 944 2848 21
966 2816 1128 2858 eontulit]
1150 2826 1210 2847 rex
1228 2816 1310 2847 add.
1332 2826 1353 2847 a
1372 2819 1408 2848 et
1423 2818 1488 2847 int.
1510 2824 1602 2846 vers.
1623 2815 1654 2846 b.

311 2867 438 2898 nostris
458 2877 492 2898 α.
648 2866 691 2897 22
710 2865 862 2908 simplice
883 2867 978 2898 ‘nl-93.
999 2866 1096 2907 qcld.’
1245 2867 1382 2899 derecta
1401 2877 1422 2898 a
1443 2867 1539 2898 ‘ms-5¹.
1559 2866 1655 2908 ΨΜ)

310 2918 351 2950 ‘2ss
371 2918 558 2950 constituta
576 2927 651 2959 ego.
674 2917 830 2949 instituta
850 2928 870 2948 ιι
891 2918 908 2949 b
928 2929 945 2949 c
963 2918 996 2950 d.
1017 2919 1056 2950 P.
1080 2919 1155 2951 195.
1328 2919 1369 2952 29
1391 2920 1614 2961 ssagitareque
1632 2920 1651 2953 ,⁶2

165 2971 253 3000 deti.
396 2970 435 2999 ab
456 2979 487 3000 a.
511 2979 527 2999 a
548 2968 626 2999 edd.
767 2968 906 3000 Caesari
926 2979 946 2999 α
964 2969 982 3001 3
1003 2969 1104 3009 dett„
1127 2968 1192 3000 sibi
1211 2980 1245 3000 ιι.

1698 911 1738 943 10

1698 1250 1734 1280 15

1694 1586 1736 1620 20

1691 2267 1732 2297 30
