1835 3240
96 155 178 197 502
619 172 637 183 ¹-
653 155 740 198 ⁴DE
771 154 960 198 BELLO
993 154 1170 199 CIVILI

99 267 149 312 16
170 268 240 308 bus
263 270 462 322 coegerat.
502 267 693 322 Recepto
715 268 1139 322 Asculo²expulsoque
1169 269 1342 312 Lentulo
1374 270 1527 318 Caesar
1557 287 1649 314 cou-

172 335 272 389 quiri
294 335 460 386 milites,
497 337 561 390 qui
584 337 630 376 ab
654 350 700 375 eo
723 336 1011 385 discesserant,
1048 337 1316 392 delectumque
1338 340 1491 380 institui
1515 340 1647 392 iubet3

169 404 254 458 ipse
276 418 394 444 unum
418 404 517 443 diem
539 403 591 443 ibi
613 402 671 442 rei
694 404 976 445 frumentariae
997 419 1117 445 causa
1138 413 1314 446 moratus
1327 405 1542 448 Corfinium
1558 424 1650 449 cou-

121 471 148 511 2
170 471 309 512 tendit.
354 469 414 510 Eo
438 484 523 510 cum
547 470 737 520 uenisset,
763 471 946 512 cohortes
967 478 996 511 V
1019 473 1258 526 praemissae
1280 473 1487 515 aDomitio
1510 490 1561 516 ex
1584 491 1649 529 op-

165 539 253 593 pido
266 545 422 592 pontem
447 537 615 577 [luminis
635 538 988 592 interrumpebant,
1014 541 1075 594 qui
1099 548 1182 581 erat
1206 540 1252 580 ab
1275 542 1411 594 oppido
1434 544 1537 584 milia
1560 558 1646 597 pas-

121 603 146 645 3
168 620 280 647 suum
304 606 464 644 circiter
485 612 545 645 111.
588 603 646 645 Ibi
679 620 764 646 (tum
799 609 1122 649 antecursoribus
1145 607 1331 649 Caesaris
1366 610 1514 663 proelio
1546 625 1649 651 com-

166 674 288 713 misso
311 672 496 712 celeriter
507 671 754 713 Domitiania
770 682 887 728 ponte
909 676 1054 729 repulsi
1076 690 1118 716 se
1140 677 1178 716 in
1195 677 1373 729 oppidum
1396 675 1644 731 receperunt.

119 740 146 780 4
168 738 321 781 Caesar
341 739 776 792 legionibustraductis
806 743 853 783 ad
876 743 1054 797 oppidum
1085 744 1263 784 constitit
1282 745 1474 797 iuxtaque
1496 756 1648 786 murum

90 806 144 851 17
167 807 461 860 castra³posuic
505 807 567 848 Re
590 810 746 862 cognita
769 808 966 851 Domitius
998 812 1044 851 ad
1065 809 1295 865 Pompeium
1318 812 1357 851 iu
1380 812 1560 866 Apuliam
1584 828 1650 867 pe-

166 875 264 915 ritos
286 875 491 928 regionum
524 890 665 930 magno
697 878 896 931 proposito
928 879 1101 932 praemio
1133 876 1220 919 cum
1250 879 1395 921 litteris
1418 881 1560 930 mittit,
1585 880 1650 934 qni

164 949 300 995 petant
320 950 435 996 atque
458 951 589 994 orent,
613 952 656 985 ut
677 945 751 985 sibi
774 947 1001 986 subueniat:
1036 944 1252 988 Caesarem
1282 948 1430 988 duobus
1461 949 1649 988 exerciti»

160 1009 233 1050 bus
257 1016 297 1050 et
317 1011 491 1069 locqrum
512 1013 703 1066 angustiis
726 1014 840 1054 facile
861 1014 1068 1055 intercludi
1093 1029 1208 1069 posse
1232 1016 1504 1068 frumentoque
1517 1017 1648 1069 prohi-

115 1077 143 1118 2
164 1077 263 1118 beri.
307 1076 421 1131 Quod
445 1079 519 1119 nisi
543 1080 704 1130 fecerit,
730 1095 773 1122 se
796 1081 1059 1135 cohortesque
1081 1083 1244 1136 amplius
1265 1090 1367 1123 XXX
1388 1097 1648 1137 magnumque

163 1159 367 1186 numerum
390 1157 618 1188 senatorum
641 1156 758 1202 atque
781 1151 951 1203 equitum
967 1148 1235 1190 Romanorum
1258 1151 1298 1190 in
1320 1152 1535 1204 periculum
1559 1165 1646 1191 esse

116 1212 141 1254 3
163 1221 387 1254 uenturum.
442 1213 604 1255 Interim
638 1230 732 1256 suos
763 1218 990 1257 cohortatus
1020 1225 1218 1257 tormenta
1248 1219 1287 1257 in
1319 1219 1442 1258 muris
1478 1219 1648 1271 disponit

113 1280 142 1320 4
163 1288 370 1333 certasque
393 1281 531 1334 cuique
554 1289 684 1336 partes
707 1284 754 1323 ad
777 1285 995 1325 custodiam
1018 1286 1128 1325 urbis
1151 1285 1352 1335 attribuit3
1388 1286 1575 1325 militibus
1606 1286 1646 1326 in

161 1349 348 1388 contione
369 1363 487 1402 agros
510 1363 562 1389 ex
584 1350 668 1390 suis
690 1352 1011 1406 possessionibus
1035 1353 1265 1406 pollicetur,
1293 1360 1482 1406 quaterna
1503 1354 1543 1393 in
1565 1354 1646 1393 sin-

88 1416 141 1460 18
163 1417 276 1469 gulos
298 1416 434 1471 iugera
459 1424 498 1457 et
519 1431 587 1471 pro
609 1425 697 1458 rata
718 1426 829 1472 parte
852 1421 1149 1461 centurionibus
1173 1421 1439 1474 euocatisque.
1482 1420 1644 1462 Interim

163 1482 330 1525 Caesari
353 1485 556 1525 nuntiatur
579 1484 886 1537 Sulmonenses,
922 1488 1023 1541 quod
1046 1490 1225 1543 oppidum
1249 1503 1269 1528 a
1294 1487 1470 1529 Corfinio
1492 1495 1552 1529 VII
1575 1490 1646 1529 mi-

159 1552 250 1592 lium
273 1552 483 1593 interuallo
507 1553 634 1601 abest,
659 1569 802 1609 cupere
823 1569 869 1595 ea
892 1557 1038 1606 facere,
1054 1554 1164 1610 :qua-'e
1187 1557 1329 1606 uellet,
1354 1558 1420 1597 sed
1444 1571 1466 1596 a
1487 1555 1539 1609 Q.
1565 1555 1646 1597 Lu-

161 1620 284 1660 cretio
307 1627 494 1661 senatore
516 1621 687 1662 ‹it-Attio
704 1621 1110 1678 -Pelignoprohiberi',
1151 1624 1214 1677 qui
1237 1624 1474 1678 id-oppidum
1496 1631 1556 1664 vll
1579 1639 1644 1664 co-

111 1687 138 1728 2
154 1687 327 1728 vhortium
352 1689 547 1742 praesidio
571 1690 771 1730 tenebant.
824 1690 953 1731 Mittit
975 1706 1021 1732 eo
1044 1691 1103 1732 M.
1129 1693 1343 1732 Antonium
1366 1695 1453 1732 cum
1475 1692 1642 1745 legionis

158 1763 239 1795 XIII
270 1757 497 1796 cohortibus
519 1764 563 1797 V.
590 1755 918 1808 Sulmonenses,
952 1761 1184 1812 simulatque
1217 1761 1330 1813 signa
1364 1767 1501 1800 nostra
1533 1760 1640 1799 uide-

157 1829 264 1873 runt,
290 1831 422 1877 portas
445 1833 708 1878 aperuerunt,
734 1827 1003 1880 uniuersique,
1029 1835 1067 1868 et
1089 1828 1268 1881 oppidani
1288 1835 1327 1868 et
1346 1828 1507 1877 milites,
1532 1827 1641 1867 obui-

109 1890 134 1931 3
158 1905 217 1931 am
241 1892 487 1946 gratulantes
510 1893 689 1933 Antonio
711 1895 912 1935 exierunt.
956 1894 1168 1936 Lucretius
1192 1896 1375 1935 etAttius
1398 1896 1443 1935 de
1465 1909 1578 1935 muro
1601 1909 1643 1935 se

157 1959 403 1999 deiecerunt.
446 1960 582 2000 Attius
605 1962 652 2001 ad
674 1961 891 2002 Antonium
915 1964 1102 2003 deductus
1126 1963 1248 2016 petit,
1284 1970 1328 2003 ut
1357 1963 1403 2003 ad
1427 1960 1641 2003 Caesarem

155 2026 394 2066 mitteretur.
429 2027 630 2068 Antonius
655 2043 740 2069 cum
764 2030 988 2070 cohortibus
1011 2030 1172 2071 etAltio
1196 2031 1330 2071 eodem
1354 2031 1429 2079 die,
1454 2045 1528 2083 quo
1552 2045 1640 2084 pro-

107 2093 133 2133 4
156 2095 280 2134 fectus
295 2103 396 2144 crat,
422 2097 654 2137 reuertitur.
690 2095 843 2138 Caesar
865 2112 931 2138 eas
954 2099 1135 2138 cohortes
1159 2113 1244 2138 cum
1259 2099 1440 2138 exercitu
1461 2112 1531 2138 suo
1545 2112 1638 2137 con-

155 2162 287 2201 iunxit
310 2162 539 2217 Attiumque
561 2164 794 2206 incolumem
818 2166 978 2206 dimisit.
1018 2163 1170 2206 Caesar
1192 2166 1326 2219 primis
1351 2165 1484 2205 diebus
1507 2171 1636 2206 castra

152 2229 305 2283 maguis
321 2231 503 2284 operibus
518 2233 670 2273 munire
691 2240 729 2273 et
751 2248 803 2274 ex
825 2234 1011 2274 finitumis
1033 2233 1251 2286 municipiis
1277 2234 1509 2272 frumentum
1534 2247 1638 2273 com-

107 2296 130 2337 5
153 2304 310 2351 portare
333 2298 581 2353 reliquasque
604 2301 736 2355 copias
760 2308 971 2355 expectare
992 2302 1176 2343 instituit.
1212 2299 1272 2341 Eo
1296 2300 1423 2341 triduo
1446 2301 1547 2355 legio
1560 2308 1635 2342 VIII

297 2434 311 2466 1
326 2434 448 2466 Asculo
463 2435 590 2474 Aldus,
612 2436 725 2469 Firmo
744 2448 764 2469 (ι
779 2438 797 2469 b
810 2438 870 2470 cd.
890 2439 930 2470 P.
945 2439 1000 2471 46.
1140 2439 1160 2469 2
1179 2438 1407 2479 dilectumque
1423 2448 1444 2469 a
1458 2438 1489 2468 b.

150 2483 170 2514 3
189 2489 417 2516 commoratus
440 2485 469 2516 b.
635 2489 654 2518 4
673 2487 826 2520 Domieio
845 2498 878 2519 α.
1037 2487 1055 2519 7
1074 2487 1245 2529 recipiunt
1265 2488 1294 2519 b.
1436 2489 1456 2520 8
1476 2490 1633 2522 transdu-

149 2535 216 2567 ctis
233 2545 268 2566 α.
411 2537 449 2568 13
469 2537 626 2570 cohortes
646 2540 792 2581 amplius
812 2541 844 2572 b.
985 2540 1024 2573 15
1044 2538 1237 2581 uenturum]
1258 2540 1437 2571 missurum
1458 2541 1488 2575 b·

151 2586 318 2629 disposuit
337 2588 367 2618 b.
537 2590 575 2621 17
596 2592 758 2623 concione
777 2592 846 2633 (a).
1031 2596 1197 2633 quaterna
1215 2601 1340 2632 margo
1360 2592 1570 2632 Vaseosam',
1590 2601 1633 2623 ,η

149 2637 251 2670 codd.
392 2639 435 2672 20
455 2639 529 2682 sed]
550 2651 653 2682 seque
674 2643 705 2673 b.
869 2643 908 2677 21
929 2643 1028 2675 Actio
1050 2643 1144 2675 (πως.
1161 2643 1347 2685 plerique'.
1510 2644 1552 2677 23
1571 2654 1632 2676 xm

150 2689 310 2730 Vesvius,
332 2700 390 2722 viu
410 2691 510 2723 codd.
674 2694 773 2734 signa
792 2699 906 2726 nostra
926 2705 959 2736 a,
981 2700 1099 2727 nostra
1118 2696 1216 2737 sigua
1234 2697 1311 2729 ead.
1467 2697 1509 2731 25
1528 2699 1633 2729 Anto-

150 2740 221 2783 nio]
241 2741 353 2773 animo
373 2742 391 2773 b
410 2742 475 2774 illo
490 2747 754 2785 suprascripto.
897 2747 939 2780 29
958 2747 1157 2779 incolomem
1178 2759 1211 2779 α.
1352 2749 1469 2792 primis
1487 2760 1508 2780 α
1531 2750 1627 2781 ‘msa

149 2794 220 2824 mei
235 2793 377 2833 omnes‘,
399 2793 508 2826 tribus
527 2794 642 2836 primis
662 2796 778 2828 Aldus
797 2807 829 2829 u.
873 2802 875 2804 '
1016 2798 1059 2831 30
1077 2799 1239 2832 finitumis
1257 2810 1291 2831 α.
1470 2800 1510 2834 31
1530 2811 1632 2844 expe-

149 2848 242 2876 ctare
262 2855 295 2876 α.

1679 553 1696 584 5

1683 888 1722 921 10

1682 1227 1719 1258 15

1675 1564 1718 1598 20

1670 2241 1712 2273 30
