1835 3240
705 173 1103 215 —90—

160 283 313 326 Vkerto
336 283 441 326 Gall.
466 299 503 340 p.
529 284 611 326 323
632 286 850 327 faciendum
875 288 999 328 uisum
1022 293 1096 327 est.
1149 284 1229 327 Sed
1259 294 1396 327 neutra
1418 287 1644 327 coniectura

161 354 279 393 ullam
311 353 430 393 habet
460 354 786 408 probabilitatem.
852 353 1085 408 Sequeudus
1117 361 1176 394 est
1206 355 1327 407 igitur
1358 353 1550 408 Scaliger,
1581 354 1644 407 qui

161 422 283 462 uerba
315 426 361 461 ‘a
383 419 505 460 Boia'
537 422 669 474 spuria
700 436 789 462 6556
821 422 1022 461 iudicauit.
1074 422 1262 475 Ascripta
1292 430 1384 462 sunt
1414 423 1460 462 ab
1493 437 1553 472 eo,
1580 422 1644 475 qui

162 489 261 529 certi
293 488 456 529 alicuius
488 489 561 529 loci
593 489 918 542 significationem
951 489 1097 541 requiri
1134 497 1199 538 et,
1234 503 1320 528 cum
1352 503 1472 542 supra
1495 505 1529 529 c.
1554 490 1598 539 t),
1621 490 1647 529 (i

159 555 347 597 Boiorum
387 557 566 610 oppidum
606 571 627 596 a
667 556 996 609 Vercingetorige
1037 563 1297 609 oppugnatum
1340 569 1427 595 esse
1464 557 1643 611 legisset,

161 625 276 666 etiam
300 624 372 664 hoc
394 631 568 675 tempore
592 621 727 664 Gallos
749 623 798 663 ibi
823 630 1084 663 commoratos
1107 636 1195 662 esse
1217 623 1493 662 arbitraretur.

274 689 324 733 C.
352 691 403 732 18
426 688 603 740 Caesar,
638 706 725 731 cun]
747 690 1143 743 Vercingetorigem,
1176 698 1217 730 nt
1238 690 1530 744 pabulatoribus
1553 690 1648 730 insi-

161 760 349 808 diaretur,
375 772 397 798 a
419 758 560 798 castris
585 758 816 798 discessisse
840 759 1118 810 comperisset,
1143 759 1190 798 ad
1212 759 1486 812 opprimendos
1509 756 1648 798 Gallos

159 826 201 867 in
224 827 364 867 castris
386 826 544 866 relictos
567 839 655 865 sese
678 827 889 878 profectum
915 840 1003 866 esse
1025 827 1164 866 refert.
1221 825 1325 876 ιΙΙΙΓ,
1351 826 1489 879 inquit,
1528 825 1649 865 ‘cele-

160 895 261 935 riter
291 909 361 948 per
390 894 664 947 exploratores
696 894 868 933 aduentu
901 891 1089 934 Caesaris
1124 893 1280 947 cognito
1321 908 1456 934 carros
1487 894 1649 947 impedi-

160 969 369 1014 mentaque
392 976 461 1001 sna
482 962 522 1001 in
545 962 714 1001 artiores
737 961 857 1001 siluas
881 961 1129 1011 abdiderunt,
1164 963 1299 1016 copias
1322 977 1457 1003 omnes
1489 963 1526 1002 in
1561 963 1651 1002 loco

160 1029 264 1069 edito
297 1037 411 1082 atque
434 1035 568 1082 aperto
600 1028 905 1069 instruxerunt'.
939 1028 1092 1069 Deinde
1115 1043 1148 1068 c.
1179 1028 1244 1078 19,
1273 1028 1291 1068 l
1316 1030 1381 1069 ille
1404 1031 1512 1070 locus
1535 1044 1650 1070 accu-

159 1098 284 1137 ratius
306 1097 363 1138 sic
386 1097 643 1137 describitur:
672 1095 813 1137 ‘Collis
836 1104 922 1137 erat
942 1097 1086 1137 leniter
1107 1097 1153 1137 ab
1177 1097 1308 1137 infimo
1330 1098 1507 1138 accliuis.
1534 1097 1650 1138 Hunc

161 1178 215 1206 ex
236 1166 415 1206 omnibus
440 1167 520 1206 fere
552 1165 727 1219 partibus
760 1165 869 1218 palus
892 1164 1060 1205 difficilis
1092 1173 1206 1218 atque
1238 1166 1418 1218 impedita
1448 1165 1648 1219 cingebat,

160 1247 239 1273 non
262 1234 377 1274 latior
399 1233 557 1286 pedibus
581 1233 878 1286 quinquaginta.
913 1232 1000 1273 Hoc
1022 1247 1065 1273 se
1087 1233 1186 1273 colle
1209 1233 1444 1286 interruptis
1467 1234 1651 1286 pontibus

161 1298 265 1341 Galli
297 1301 438 1341 fiducia
469 1300 545 1341 loci
578 1301 834 1341 continebant
862 1301 1160 1355 generatimque
1182 1301 1377 1340 distributi
1408 1301 1447 1340 in
1472 1301 1652 1340 ciuitates

162 1369 293 1409 omnia
315 1371 413 1409 uada
435 1383 479 1408 ac
504 1369 628 1409 saltus
652 1370 736 1409 eius
760 1369 910 1423 paludis
933 1368 1175 1417 obtinebant,
1201 1368 1257 1407 sic
1279 1368 1409 1408 animo
1431 1368 1572 1421 parati,
1590 1374 1648 1416 ut,

161 1436 195 1476 si
218 1450 301 1476 eam
325 1437 503 1490 paludem
527 1435 696 1477 Romani
722 1450 976 1490 perrumpere
999 1442 1240 1476 conarentur
1255 1467 1265 1485 ,
1299 1435 1541 1476 haesitantes
1564 1449 1654 1489 pre-

160 1512 314 1545 merent
345 1519 397 1544 ex
425 1505 512 1545 loco
544 1506 778 1558 superiore'.
832 1503 876 1545 In
908 1519 979 1558 qua
1010 1505 1148 1558 palude
1185 1504 1506 1556 quemadmodum
1527 1503 1653 1543 saltus

161 1573 459 1613 commemorari
490 1573 716 1627 potuerint,
751 1574 858 1613 nulla
887 1573 1041 1613 ratione
1072 1585 1197 1625 neque
1226 1571 1402 1624 intellegi
1434 1585 1560 1622 neque
1583 1584 1653 1609 cx-

163 1640 300 1693 plicari
325 1647 470 1692 potest.
503 1639 607 1680 Nam
633 1647 671 1680 et
692 1641 868 1694 paludem
891 1641 1044 1694 planam
1069 1647 1184 1692 atque
1208 1639 1415 1678 demissam
1441 1638 1562 1678 fuisse
1585 1652 1654 1677 ne-

162 1721 275 1748 cesse
298 1714 380 1757 est,
415 1714 453 1746 et
476 1708 537 1759 qui
560 1709 643 1748 fieri
665 1708 816 1762 potuit,
854 1708 954 1747 utin
977 1714 1055 1746 tam
1080 1707 1225 1760 exiguo
1249 1706 1399 1760 spatio,
1435 1719 1519 1744 cum
1543 1705 1653 1758 palus

163 1789 242 1814 non
267 1781 373 1815 esset
394 1775 512 1815 latior
533 1776 693 1829 pedibus
717 1776 1012 1829 quinquaginta,
1038 1789 1116 1814 non
1139 1789 1256 1824 unus,
1283 1774 1350 1814 sed
1374 1774 1506 1827 plures
1529 1774 1653 1812 saltus

162 1844 326 1883 essent?
345 1841 449 1883 Nam
473 1844 506 1883 is
530 1844 700 1896 quidem,
722 1844 784 1896 qui
807 1844 868 1883 hic
895 1843 1078 1897 ‘waldige
1100 1847 1292 1895 engpasse
1315 1842 1443 1882 dieses
1466 1840 1652 1894 sumpfes'

161 1910 446 1964 interpretatur
467 1918 506 1950 et
527 1911 650 1951 saltus
672 1910 1026 1965 Thermopylarum
1050 1924 1103 1950 ex
1124 1909 1216 1950 Liu.
1242 1907 1448 1958 XXXVI,
1478 1909 1527 1949 15
1551 1924 1656 1948 com-

162 1985 290 2033 parat,
315 1979 462 2019 ueritus
486 1979 656 2026 uidetur,
682 1994 730 2019 ne
753 1979 905 2019 ridendi
927 1978 1092 2018 materia
1114 1978 1336 2017 hominibus
1351 1978 1521 2017 deesset.
1548 1976 1652 2031 Eg0,

164 2048 265 2100 quod
295 2043 448 2087 Caesar
477 2047 654 2087 scribere
686 2048 882 2100 potuerit,
926 2061 1045 2086 unum
1076 2046 1260 2086 inuenio:
1303 2046 1445 2084 ‘onmia
1478 2045 1576 2084 uada
1610 2059 1655 2084 ac

163 2114 355 2155 transitus
378 2114 462 2154 eius
486 2115 666 2168 paludis',
700 2122 743 2154 ut
764 2114 920 2155 Hirtius
947 2113 1060 2163 VIII,
1088 2113 1155 2163 13,
1184 2113 1203 2152 1
1239 2113 1338 2153 dixit
1371 2113 1486 2152 ‘uada
1510 2112 1655 2152 transi-

164 2189 307 2235 tusque
329 2182 509 2236 paludis',
544 2197 776 2237 quamquam
813 2197 834 2222 a
868 2183 1083 2222 litterarum
1118 2182 1372 2221 similitudine
1404 2181 1547 2220 nullam
1571 2180 1655 2219 eius

165 2250 418 2290 coniecturae
441 2251 820 2291 commendationem
851 2264 938 2291 esse
963 2251 1091 2290 uideo.
1147 2247 1222 2290 Sed
1260 2263 1307 2289 ne
1343 2248 1471 2289 ‘uada'
1504 2247 1655 2301 quidem

168 2322 300 2371 ‘atque
323 2317 481 2366 aditus',
505 2318 605 2370 quod
630 2319 743 2372 paulo
765 2319 924 2372 propius
948 2319 1138 2357 accedere
1162 2318 1286 2357 uideri
1310 2325 1452 2370 potest,
1478 2323 1586 2356 recte
1600 2315 1656 2354 di—

167 2392 376 2434 cerentur,
411 2399 496 2425 cum
531 2400 607 2425 uon
640 2387 767 2426 aditus
790 2386 941 2440 paludis
964 2400 985 2425 a
1009 2385 1134 2426 Gallis
1158 2386 1454 2434 obtinerentur,
1489 2384 1555 2423 sed
1589 2397 1656 2436 po-

168 2454 247 2494 tius
264 2484 274 2503 ,
312 2460 352 2492 ut
374 2454 426 2493 ita
450 2453 571 2492 dicam
589 2485 598 2502 ,
634 2454 788 2494 exitus:
824 2455 862 2493 in
887 2454 1011 2494 altera
1033 2454 1136 2493 enim
1160 2459 1269 2506 parte
1292 2453 1331 2492 in
1355 2452 1454 2492 colle
1476 2449 1658 2490 collocati

167 2521 410 2562 haesitantes
432 2521 473 2561 in
496 2521 635 2574 palude
657 2521 860 2561 Romanos
883 2535 1062 2574 premere
1086 2520 1285 2561 uolebant.

282 2586 331 2628 C.
357 2588 426 2638 20,
451 2589 478 2628 2
509 2590 660 2639 oratio,
695 2604 769 2645 qua
802 2589 1113 2643 Vercingetorix
1145 2586 1375 2640 proditionis
1406 2600 1427 2625 a
1450 2586 1532 2625 suis
1564 2585 1661 2625 insi-

168 2658 336 2698 mulatus
368 2670 411 2697 56
443 2657 640 2706 defendit,
676 2657 734 2697 his
766 2657 898 2696 uerbis
930 2656 1087 2710 incipit:
1125 2653 1257 2707 ‘Quod
1289 2661 1420 2693 castra
1451 2653 1656 2701 mouisset,

169 2727 313 2766 factum
335 2725 468 2779 inopia
490 2725 618 2778 pabuli
641 2725 755 2765 etiam
778 2725 872 2778 ipsis
896 2723 1164 2772 hortantibus,
1200 2723 1301 2775 quod
1332 2721 1490 2775 propius
1513 2721 1661 2761 Roma-

169 2808 242 2835 nos
265 2794 517 2844 accessisset,
542 2807 774 2847 persuasum
798 2792 871 2832 loci
895 2791 1203 2845 opportunitate,
1238 2790 1302 2843 qui
1324 2803 1365 2829 56
1388 2790 1513 2844 ipsum
1536 2790 1662 2829 muni-

171 2863 279 2904 tione
309 2862 566 2903 defenderet'.
622 2860 698 2902 Hic
726 2875 845 2901 unum
875 2859 1011 2901 uitium
1035 2859 1188 2913 aperuit
1207 2857 1415 2912 Apitzius,
1448 2858 1548 2912 quod
1571 2863 1660 2897 ante
