1835 3240
678 182 1107 224 -111—

147 305 353 354 praeerat,
377 295 437 338 VI
459 297 642 338 cohortes
663 297 837 337 subsidio
859 296 1022 336 miserat
1042 295 1156 348 eique
1176 296 1461 350 imperauerat,
1496 308 1536 341 ut
1550 332 1560 351 ‚
1597 301 1629 343 si

145 367 345 407 sustinere
386 380 466 406 non
503 372 660 419 posset,
710 364 887 405 deductis
927 362 1154 404 cohortibus
1195 364 1402 417 eruptione
1441 379 1633 419 pugnaret

145 433 233 485 (86,
257 434 314 486 1).
356 431 437 473 Iam
460 433 606 473 certior
627 433 753 472 factus
784 429 937 473 Caesar
958 445 980 471 a
1001 430 1177 472 Labieno
1199 438 1418 472 extremum
1450 433 1543 474 illud
1565 450 1633 477 au-

143 501 281 541 xilium
304 501 587 555 experiendum
609 499 751 550 uideri,
775 499 858 553 ipse
882 514 928 540 eo
945 499 1162 540 contendit.
1186 497 1326 552 Itaque
1337 498 1508 541 Romani
1532 500 1634 544 Cae-

143 568 245 608 saris
263 569 433 609 aduentu
456 568 733 609 animaduerso
756 567 1002 621 eruptionem
1026 567 1186 607 faciunt.
1239 566 1271 607 Ii
1293 575 1422 609 autem
1447 577 1555 610 recte
1578 571 1634 611 di-

144 643 287 676 cuntur
321 637 509 691 proelium
540 635 811 684 committere,
857 636 947 688 quia
977 635 1102 674 adbuc
1133 649 1176 675 se
1207 635 1254 675 ab
1288 635 1455 676 hostium
1487 637 1633 691 impetu

145 704 426 753 defenderant,
463 704 539 743 iam
560 702 633 757 ipsi
656 703 839 756 impetum
863 703 966 743 ultro
989 703 1152 743 faciunt.
1200 703 1334 756 Atque
1364 704 1452 744 ideo
1482 703 1636 746 Caesar

143 772 184 811 in
212 773 287 811 fine
319 786 405 825 sup.
441 785 526 825 cap.
561 770 699 811 scribit
733 770 955 811 ‘accelerat
988 769 1161 819 Caesar,
1195 777 1238 811 ut
1266 771 1416 824 proelio
1444 773 1630 814 intersit'.

144 837 354 887 Ceterum,
389 846 431 879 ut
461 839 534 879 hoc
556 838 684 878 obiter
704 852 883 878 moneam
899 869 909 887 ,
935 839 1070 879 ducem
1092 839 1200 879 illum
1223 839 1447 880 Aruernum
1462 871 1472 890 ,
1506 842 1570 896 qui
1594 842 1634 881 in

142 907 378 948 editionibus
400 905 1008 960 appellaturVergassillaunus,
1042 921 1121 947 non
1152 907 1278 947 solum
1310 908 1547 949 auctoritate
1575 909 1635 949 in-

139 982 339 1030 tegrorum
363 976 555 1024 codicum,
581 975 650 1015 sed
674 975 791 1014 etiam
814 981 923 1015 certa
950 976 1106 1016 ratione
1128 974 1543 1017 Vercassiuellaunum
1577 977 1635 1017 di-

141 1050 245 1083 ctum
276 1056 365 1083 esse
390 1043 600 1083 euincitur.
634 1041 720 1082 Hoc
753 1043 856 1083 enim
889 1056 1033 1082 nomen
1062 1044 1312 1084 coniunctum
1338 1051 1398 1084 est
1421 1058 1473 1084 ex
1496 1042 1656 1086 Cassi->

140 1111 346 1161 uellauno,
389 1111 499 1151 cuius
530 1111 698 1151 nominis
731 1124 805 1151 rex
849 1108 1132 1151 Britannorum
1173 1120 1506 1152 commemoratur
1542 1113 1630 1153 bor.

139 1191 279 1218 comm.
304 1178 378 1229 Vl,
396 1178 463 1229 11,
481 1177 523 1229 9,
550 1187 590 1220 et
611 1176 764 1220 Celtico
786 1178 979 1219 uocabulo
998 1178 1129 1229 ‘fear'‚
1146 1180 1245 1231 quod
1269 1180 1394 1219 uirum
1418 1180 1630 1235 significat,

141 1247 461 1299 quemadmodum
497 1248 598 1287 ‘sear
619 1261 668 1301 go
691 1246 832 1287 breith'
865 1246 1012 1299 (uirum
1034 1247 1081 1287 ad
1103 1247 1307 1301 iudicium)
1340 1262 1363 1287 a
1396 1245 1573 1289 Caesare
1594 1248 1627 1299 I,

144 1313 210 1364 16,
237 1314 260 1354 5
282 1315 560 1369 uergobretum
583 1315 729 1354 dictum
751 1328 840 1354 esse
863 1328 914 1355 ex
937 1312 1105 1355 Obrinio
1129 1315 1278 1355 monuit
1296 1314 1524 1357 Oberlinus.
1552 1315 1634 1357 Eo-

142 1381 226 1421 dem
249 1382 362 1421 modo
384 1397 436 1421 ex
455 1379 711 1436 Cingetorige
734 1381 979 1434 (Treuerum
1001 1382 1085 1422 eius
1107 1383 1276 1423 nominis
1290 1380 1444 1424 Caesar
1465 1399 1635 1424 comme-

142 1456 269 1488 morat
291 1448 343 1498 V,
370 1447 394 1488 3
417 1463 501 1502 sqq.
529 1456 568 1489 et
586 1447 821 1489 Britannum
844 1449 971 1490 eiusd.
997 1449 1065 1489 lib.
1089 1449 1159 1500 22,
1188 1450 1230 1504 1)
1254 1458 1383 1492 ortum
1408 1459 1469 1492 est
1489 1467 1632 1493 nomen

141 1515 501 1570 Vercingetorigis.

253 1581 302 1623 C.
327 1582 397 1633 90,
422 1584 448 1623 4
470 1597 522 1624 ex
552 1583 801 1637 interpolatis
833 1583 946 1623 codd.
972 1585 1101 1624 editur
1127 1584 1194 1626 ίΤ.
1228 1585 1449 1628 Labienum
1482 1589 1632 1631 duabus

142 1666 228 1692 cum
260 1651 479 1704 legionibus
511 1659 550 1691 et
582 1652 758 1704 equitatu
790 1651 830 1691 in
854 1649 1062 1704 Sequanos
1085 1654 1280 1707 proficisci
1302 1655 1432 1696 iubet:
1458 1657 1546 1697 huic
1568 1656 1630 1697 M.

140 1717 413 1772 Sempronium
436 1718 613 1760 Rutilum
637 1719 833 1760 attribuit.
875 1716 923 1759 C.
949 1717 1113 1760 Fabium
1138 1728 1178 1761 ct
1197 1720 1250 1761 L.
1275 1721 1496 1764 Minucium
1518 1723 1632 1766 Basi-

139 1788 217 1827 lum
241 1802 327 1827 cum
351 1788 498 1828 duabus
521 1788 742 1842 legionibus
774 1788 815 1828 in
837 1786 974 1828 Remis
1004 1789 1199 1830 collocat'.
1254 1788 1300 1830 In
1331 1791 1492 1845 reliquis
1516 1794 1628 1835 codd..

140 1855 328 1908 scriptum
361 1862 421 1895 est
445 1853 511 1895 ‘C.
536 1853 701 1897 Fabium
724 1856 924 1911 legatum':
954 1857 1130 1911 ‘inepte'‚
1153 1858 1280 1912 inquit
1309 1857 1630 1915 Oudendorpius‚

140 1923 268 1975 ‘quasi
291 1923 356 1962 alii
380 1937 457 1963 non
480 1924 599 1977 legati
623 1924 820 1964 fuissent'.
862 1923 938 1964 Hic
961 1939 1113 1979 quoquc
1136 1927 1390 1981 perspicitur,
1416 1929 1506 1981 quid
1529 1929 1634 1970 inter

139 1990 316 2044 integros
348 1997 387 2030 et
417 1991 676 2045 interpolatos
709 1992 820 2032 codd.
847 1992 1020 2033 intersit.
1074 1993 1290 2035 Minucium
1321 1996 1424 2036 enim
1456 1995 1631 2039 Basilum

137 2071 214 2097 non
236 2058 429 2112 legatum,
463 2059 533 2099 sed
555 2061 794 2114 praesectum
818 2060 990 2113 equitum
1016 2062 1135 2102 fuisse
1159 2076 1211 2103 ex
1233 2062 1304 2110 Vl,
1331 2063 1400 2114 29,
1426 2064 1452 2105 4
1481 2067 1632 2122 colligi-

138 2132 214 2175 tur,
233 2126 297 2166 ubi
320 2141 405 2166 cum
428 2127 532 2167 omni
555 2128 730 2181 equitatu
752 2129 797 2169 ad
822 2129 1090 2185 Ambiorigem
1113 2132 1354 2184 praemissus
1378 2134 1533 2174 dicitur.
1579 2134 1633 2176 Et

138 2192 291 2233 Hirtius
314 2193 427 2244 VIII,
452 2194 494 2245 6,
520 2194 544 2235 3
568 2194 732 2237 Fabium
755 2197 904 2238 duabus
927 2198 1147 2253 legionibus
1171 2201 1388 2253 praefuisse
1411 2202 1564 2253 scribit,
1590 2211 1633 2243 ut

134 2259 314 2301 Basilum
337 2262 372 2302 ei
395 2264 529 2303 eodem
554 2265 667 2304 modo
689 2272 805 2318 atque
831 2263 1298 2321 SemproniumRutilum
1318 2267 1497 2310 Labieno
1519 2271 1632 2311 attri-

134 2328 267 2369 butum
292 2330 413 2371 fuisse
436 2340 639 2386 appareat.

245 2464 358 2506 Finis
391 2468 649 2520 praefationis
672 2469 761 2510 libri
784 2471 913 2511 octaui
935 2470 987 2511 A.
1014 2470 1135 2512 Hirtii
1158 2473 1329 2513 omnium
1357 2486 1552 2514 consensu
1575 2472 1629 2515 ita

137 2532 289 2573 editur:
317 2532 411 2575 ‘Sed
435 2549 508 2589 ego
531 2536 730 2587 nimirum,
757 2538 844 2578 dum
869 2553 1004 2580 omnes
1027 2540 1300 2580 excusationis
1313 2542 1626 2597 causascolligo,

138 2612 186 2638 nc
203 2614 288 2640 cum
302 2599 480 2643 Caesare
493 2606 692 2654 conferar,
718 2605 790 2645 hoc
813 2606 897 2659 ipso
919 2607 1067 2648 crimen
1090 2609 1341 2662 arrogantiae
1365 2609 1500 2659 subeo,
1527 2610 1629 2662 quod

141 2680 201 2705 me
231 2668 371 2709 iudicio
400 2671 624 2724 cuiusquam
657 2673 878 2714 existimem
912 2690 1026 2730 posse
1058 2691 1142 2716 cum
1169 2675 1344 2717 Caesare
1377 2677 1625 2731 comparari':

141 2740 180 2772 ct
211 2734 262 2773 ita
303 2737 489 2790 scriptum
531 2746 592 2779 est
629 2740 669 2780 in
701 2738 795 2781 Par.
822 2755 904 2782 sec.
930 2757 953 2783 a
985 2759 1036 2783 m.
1062 2758 1121 2797 pr.
1157 2743 1288 2784 Haun.
1322 2759 1381 2799 pr.
1408 2742 1628 2795 Oxo11.3in

139 2800 302 2853 reliquis
334 2803 477 2857 legitur
510 2806 682 2860 ‘ipsum',
717 2809 817 2862 quod
847 2825 924 2851 non
957 2811 1085 2851 minus
1107 2818 1260 2853 rectum
1284 2820 1359 2853 est.
1413 2811 1500 2852 Hoc
1524 2812 1628 2852 enim

141 2868 424 2912 ‹licitHirtiusz
450 2886 522 2926 ego
545 2874 633 2914 dum
656 2890 791 2917 omnes
815 2891 956 2919 causas
979 2880 1138 2932 colligo,
1163 2893 1213 2920 ne
1236 2893 1319 2919 cum
1335 2877 1512 2920 Caesare
1534 2893 1628 2920 con-
