1835 3240
95 186 178 229 608
657 182 732 224 DE
764 180 954 224 BELLO
987 180 1161 225 CIVILI

173 298 318 339 natorii
348 296 526 351 belloque
558 311 632 337 una
663 311 748 337 cum
771 297 864 350 ipsis
886 296 1162 337 interfuissent
1181 298 1480 352 sententiasque
1502 299 1548 339 de
1571 298 1651 338 sin-

172 367 274 421 gulis
299 366 463 414 ferrent,
486 366 547 417 qui
561 364 712 404 Romae
735 364 1022 405 remansissent
1042 364 1182 417 quique
1203 365 1309 405 intra
1328 367 1521 420 praesidia
1537 365 1653 407 Pom-

125 435 152 475 4
174 435 234 489 pei
258 434 423 473 fuissent
445 445 569 484 neque
592 445 750 486 operam
774 431 814 471 in
836 445 880 472 re
902 431 1060 472 militari
1082 433 1398 486 praestitissent:
1427 448 1542 474 unam
1567 435 1651 474 sore

172 501 371 550 tabellam,
392 500 454 553 qui
478 499 700 539 liberandos
723 499 827 539 omni
850 500 1022 553 periculo
1045 508 1277 551 censerent,
1301 500 1479 551 alteram,
1500 503 1564 555 qui
1588 515 1651 542 ca-

125 569 150 611 5
173 570 263 624 pitis
286 570 541 616 damnarent3
562 567 733 617 tertiam,
750 567 814 620 qui
836 568 1000 621 pecunia
1021 569 1248 609 multarent.
1282 566 1491 609 Postremo
1513 583 1647 611 omnes

171 645 239 678 aut
271 637 317 676 de
340 634 554 675 honoribus
577 635 658 675 suis
682 642 752 675 aut
772 635 819 675 de
840 636 1024 689 praemiis
1047 637 1234 690 pecuniae
1257 642 1325 676 aut
1346 636 1391 676 de
1413 649 1651 689 persequen-

172 706 229 745 dis
261 703 475 744 inimicitiis
506 702 677 756 agebant
707 716 802 750 nec,
834 703 974 756 quibus
1004 705 1223 744 rationibus
1251 717 1442 757 superare
1473 711 1649 758 possent,

171 773 253 823 sed,
280 771 598 824 quemadmodum
622 770 679 811 uti
703 770 869 811 uictoria
890 771 1095 822 deberent,
1121 772 1363 826 cogitabant.

95 840 158 886 8-1·
282 838 344 880 Re
377 838 634 879 frumentaria
665 846 899 893 praeparata
927 840 1244 893 confirmatisque
1276 837 1462 879 militibus
1494 846 1533 880 et
1554 839 1651 880 satis

168 908 286 961 longo
309 907 435 961 spatio
458 906 645 961 temporis
668 921 689 947 a
704 905 992 961 Dyrrhachinis
1015 908 1175 962 proeliis
1197 907 1441 955 intermisso,
1458 921 1533 960 quo
1555 907 1651 948 satis

171 982 417 1030 perspectum
442 974 586 1015 habere
608 975 770 1015 militum
793 976 962 1016 animum
987 976 1202 1026 uideretur,
1221 975 1484 1029 temptandum
1500 972 1653 1015 Caesar

170 1043 441 1092 existimauit,
476 1043 657 1096 quidnam
678 1042 890 1097 Pompeius
919 1044 1109 1098 propositi
1140 1051 1207 1085 aut
1234 1043 1450 1084 uoluntatis
1473 1043 1517 1082 ad
1542 1043 1652 1082 dimi-

122 1114 147 1155 2
171 1112 333 1154 candum
363 1110 540 1151 haberet.
589 1109 728 1164 Itaque
768 1126 819 1152 ex
852 1113 995 1152 castris
1027 1112 1250 1152 exercitum
1283 1111 1419 1151 eduxit
1450 1110 1650 1163 aciemque

167 1180 377 1226 instruxit,
404 1179 528 1232 primo
550 1179 632 1219 suis
654 1178 752 1219 locis
769 1180 958 1233 pauloque
979 1193 998 1219 a
1024 1180 1164 1219 castris
1181 1178 1342 1232 Pompei
1361 1178 1531 1232 longiuS,
1558 1192 1652 1218 con-

169 1247 384 1288 tinentibus
407 1260 503 1287 uero
527 1246 680 1294 diebus,
708 1253 752 1286 ut
773 1248 1078 1300 progrederetur
1098 1260 1120 1286 a
1144 1246 1285 1287 castris
1307 1246 1389 1286 suis
1411 1245 1653 1298 collibusque

167 1314 419 1369 Pompeianis
442 1314 564 1354 aciem
588 1313 802 1355 subiceret.
839 1312 953 1366 Quae
975 1329 1039 1355 res
1061 1315 1100 1354 in
1122 1314 1205 1355 dies
1223 1313 1551 1354 confirmatiorem
1569 1312 1653 1353 eius

121 1384 146 1425 3
169 1383 387 1424 exercitum
411 1381 618 1422 efficiebat.
654 1379 846 1435 Superius
870 1389 1001 1423 tamen
1023 1382 1244 1423 institutum
1263 1382 1301 1422 in
1322 1381 1531 1434 equitibus,
1552 1380 1657 1434 quod‘

1684 914 1724 947 10

1687 1252 1725 1284 15

169 1450 525 1492 demonstrauimus
543 1480 553 1497 ,
586 1450 797 1500 seruabat,
832 1458 899 1502 ut,
933 1451 1117 1504 quoniam
1139 1464 1302 1491 numero
1324 1449 1457 1490 inultis
1479 1448 1700 1505 partibus}-v

170 1527 275 1561 esset
296 1519 474 1568 inferior,
492 1517 764 1559 adulescentes
788 1526 905 1572 atque
928 1520 1134 1574 expeditos
1157 1533 1207 1560 ex
1230 1517 1500 1572 antesignanis
1518 1516 1652 1571 electis

171 1587 354 1642 [milites]
378 1586 425 1626 ad
447 1586 720 1640 pernicitatem
743 1587 863 1627 armis
886 1587 992 1628 inter
1013 1587 1164 1641 equites
1186 1585 1375 1641 proeliari
1396 1584 1651 1638 iuberet,“qui
1681 1591 1725 1626 20

169 1656 365 1696 cotidiana
395 1655 679 1695 consuetudine
709 1669 820 1695 usum
845 1669 998 1708 quoque
1021 1656 1103 1696 eius
1126 1655 1282 1709 generis
1305 1654 1543 1708 proeliorum
1565 1666 1653 1706 per-

120 1724 146 1764 4
169 1724 360 1777 ciperent.
393 1721 466 1763 His
491 1730 576 1763 erat
596 1723 714 1763 rebus
737 1724 934 1773 effectum,
958 1730 1002 1762 ut
1023 1724 1193 1776 equitum
1216 1722 1322 1762 mille
1345 1722 1459 1761 etiam
1483 1720 1653 1774 apertio-

168 1792 276 1833 ribus
298 1790 397 1831 locis
418 1796 479 1830 Vll
501 1791 648 1831 milium
670 1790 1000 1845 Pompeianorum
1023 1791 1223 1844 inpetum,
1250 1804 1336 1829 cum
1359 1789 1517 1829 adesset
1538 1801 1649 1837 usus,

169 1859 367 1899 sustinere
398 1859 591 1899 auderent
621 1872 747 1912 neque
769 1872 1007 1912 magnopere
1030 1873 1163 1899 eorum
1186 1857 1433 1898 multitudine
1456 1863 1655 1896 terreren-

121 1926 147 1968 5
170 1935 248 1968 tur.
281 1925 466 1980 Namque
488 1927 603 1967 etiam
628 1941 696 1981 per
717 1941 785 1967 eos
808 1927 888 1966 dies
911 1926 1100 1980 proelium
1123 1926 1338 1966 secundum
1360 1930 1542 1978 equestre
1565 1922 1657 1969 fecit

170 2003 286 2048 atque
307 2008 427 2034 unum
450 1994 708 2049 Allobrogem
731 2009 784 2035 ex
805 1994 972 2044 duobus,
997 2007 1094 2047 quos
1115 1994 1337 2047 perfugisse
1359 1993 1405 2033 ad
1426 1990 1653 2045 Pompeium

94 2063 156 2108 85
171 2077 288 2117 supra
312 2062 538 2112 docuimus,
565 2077 650 2103 cum
674 2063 902 2117 quibusdam
924 2062 1141 2103 interfecit.
1184 2059 1412 2116 Pompeius,
1438 2060 1500 2113 qui
1523 2065 1654 2099 castra

168 2132 207 2172 in
231 2132 332 2172 colle
354 2130 522 2171 habebat
537 2162 548 2181 ,
572 2132 620 2172 ad
642 2132 796 2172 infimas
817 2131 971 2172 radices
993 2131 1139 2170 montis
1163 2130 1285 2170 aciem
1306 2127 1529 2169 instruebat
1550 2140 1652 2167 sem-

169 2214 252 2254 per,
278 2206 320 2240 ut
340 2199 572 2250 uidebatur,
599 2207 829 2254 expectans,
855 2200 888 2241 si
910 2199 1056 2252 iniquis
1078 2199 1176 2239 locis
1199 2195 1353 2238 Caesar
1373 2211 1416 2237 se
1438 2195 1649 2237 subiceret.

120 2268 147 2308 2
170 2266 323 2309 Cacsar
352 2267 456 2307 nulla
482 2268 637 2309 ratione
659 2269 706 2309 ad
728 2282 894 2322 pugnam
919 2268 1007 2308 elici
1030 2281 1146 2322 posse
1166 2265 1396 2320 Pompeium
1420 2264 1652 2306 existimans

309 2371 329 2404 2
348 2370 537 2413 Pompeia.
704 2373 721 2404 5
742 2372 966 2414 dampnarent
983 2382 1017 2403 α.
1180 2370 1198 2402 7
1219 2369 1406 2401 inimicitiis
1425 2378 1484 2408 ac,
1506 2366 1652 2398 inimicis

170 2422 233 2462 (b).
389 2432 430 2452 ne
450 2432 482 2454 (ι.
648 2423 666 2455 9
687 2428 881 2465 comparata
905 2423 936 2454 b.
1080 2421 1120 2453 10
1139 2420 1326 2452 intermissi
1343 2429 1376 2450 a.
1522 2417 1557 2449 ll
1579 2427 1652 2458 per-

169 2473 295 2515 spectis
314 2476 396 2504 ante
416 2483 509 2505 corr.
530 2484 562 2505 a.
741 2475 888 2506 animum
907 2484 975 2505 om.
996 2483 1017 2504 a
1038 2473 1132 2504 ‘mss
1154 2471 1198 2504 3’.
1379 2468 1509 2500 Cacsar
1526 2478 1594 2499 om.
1615 2478 1649 2498 α.

314 2524 355 2555 14
373 2525 479 2565 primo
498 2535 556 2565 ac,
580 2525 720 2567 primum
739 2536 774 2557 u.
914 2524 1051 2566 Pompei
1069 2534 1104 2555 α.
1247 2522 1286 2554 16
1299 2519 1566 2552 confirmationis
1584 2529 1605 2550 α
1619 2520 1649 2551 b.

314 2576 354 2608 19
374 2576 615 2609 adulescentes
634 2588 668 2609 a.
810 2588 851 2609 ex
870 2588 938 2610 om.
961 2578 991 2608 b.
1134 2574 1254 2606 clectis
1267 2585 1287 2606 a
1301 2575 1398 2605 ‘msam
1411 2572 1454 2613 θ’,
1476 2572 1650 2604 electosu.

312 2628 355 2662 20
376 2627 531 2670 [milites]
552 2629 591 2660 P.
616 2630 691 2662 184.
878 2629 973 2660 iubet
991 2638 1011 2659 a
1031 2629 1128 2658 ‘mss-
1149 2625 1192 2658 4’.
1401 2625 1444 2657 22
1462 2624 1602 2656 effectus
1620 2625 1651 2655 b.

314 2680 463 2721 equitum
482 2690 501 2710 α
516 2680 533 2710 b
555 2683 570 2714 4
590 2680 691 2720 dett„
715 2681 848 2722 equites
868 2690 902 2711 u.
1043 2678 1145 2709 etiam
1166 2676 1393 2719 apertioribus
1413 2686 1447 2715 a,
1472 2676 1653 2718 apertiori-

171 2733 232 2764 bus
253 2731 353 2763 otiam
373 2730 451 2762 edd.
517 2729 522 2732 '
592 2731 634 2765 23
653 2732 746 2763 milia
765 2742 799 2763 α.
940 2731 1089 2772 inpetum
1108 2740 1141 2761 α.
1283 2730 1325 2762 26
1338 2739 1460 2760 uncum
1473 2738 1507 2760 α.

171 2785 213 2816 ‘27
234 2784 289 2826 qui
308 2784 370 2823 ab,
392 2783 469 2824 quia
488 2793 523 2815 u.
687 2785 731 2817 28
749 2782 852 2825 colle]
871 2789 984 2815 monte
1005 2783 1036 2813 b.
1199 2782 1240 2816 29
1260 2786 1465 2824 exspectans
1483 2792 1504 2814 α
1526 2782 1647 2822 ‘mss.’,

174 2842 332 2879 spectans
352 2837 392 2868 P.
412 2835 601 2868 Manutius
620 2846 640 2867 n
660 2835 752 2878 (exp.
773 2840 822 2875 a).
986 2835 1028 2868 30
1043 2834 1174 2867 Cacsar
1191 2844 1292 2866 orma
1307 2835 1338 2866 b.
1518 2833 1597 2874 eligi
1616 2843 1650 2864 α.

316 2887 495 2930 Pompeius
514 2897 547 2919 a.

1686 1929 1728 1961 25

1685 2269 1726 2302 30
