1835 3240
879 182 965 223 238
1031 206 1143 212 --

196 297 363 351 repetit,
408 309 505 350 quae
526 310 591 336 res
614 296 799 349 scriptori
831 294 949 335 tribui
981 301 1133 349 potest,
1164 295 1238 336 etsi
1269 309 1348 335 non
1379 295 1545 337 absurda
1565 296 1687 338 Tullii

198 365 326 405 oratio
349 379 435 405 eum
459 371 566 404 certe
588 364 804 403 sententias
827 362 1048 402 orationum
1070 377 1114 404 re
1145 378 1240 404 uera
1272 363 1489 403 habitarum
1523 378 1686 418 expres-

195 433 297 473 sisse
321 433 576 481 demonstrat,
603 455 654 460 ——
678 430 746 470 scd
771 431 855 483 quis
878 431 1036 470 tandem
1059 431 1228 484 scriptor
1250 431 1389 471 aetatis
1404 431 1556 483 quidem
1571 433 1684 485 paulo

196 499 429 552 antiquioris
453 506 612 538 exteras
636 499 815 538 nationes
837 498 943 538 nulla
964 512 1008 538 re
1030 498 1180 538 adiecta
1203 505 1339 551 gentes
1362 499 1598 552 appellauit?

309 565 426 605 Initio
449 580 483 605 c.
511 565 563 606 18
582 579 629 605 ne
653 566 864 619 uestigium
886 566 1037 618 quidem
1061 567 1282 606 sententiae
1301 566 1480 606 relictum
1504 581 1591 608 csse
1606 581 1684 607 ma-

197 635 379 674 nifestum
404 640 477 672 est.
525 632 694 673 Temere
715 633 836 688 igitur
858 631 1122 687 Glandorpius
1137 665 1146 683 ,
1183 634 1282 686 quod
1306 633 1371 673 hio
1390 635 1523 674 nescio
1546 636 1610 687 qui
1632 632 1681 674 C.

195 701 395 741 Antonius
415 707 759 750 commemoratur,
782 701 894 740 initio
917 715 952 740 c.
971 700 1021 740 17
1044 716 1112 754 pro
1136 701 1289 742 Catone
1310 700 1507 741 Lusitano
1531 699 1578 741 C.
1599 702 1684 741 An-

196 769 342 809 tonium
366 769 585 821 ponendum
609 769 792 808 coniecit.
827 768 959 820 Atque
973 766 1254 818 Schneiderus,
1283 770 1395 809 homo
1415 769 1681 819 cautissimus,

196 852 282 876 cum
313 836 350 875 id
382 850 522 876 nomen
561 835 612 875 ibi
645 835 687 874 in
718 835 869 875 duobus
902 836 1161 876 deterioribus
1193 836 1334 885 codd.,
1372 835 1517 877 Dresd.
1552 850 1611 889 pr.
1645 842 1685 876 et

197 901 314 943 Vind.
341 916 441 950 sec.,
469 903 655 956 scriptum
675 903 916 952 inuenisset,
951 904 1126 956 recipere
1145 917 1223 942 non
1247 904 1451 953 dubitauit,
1479 905 1551 944 etsi
1576 917 1680 953 eum,

194 971 257 1010 cui
279 971 342 1011 uel
364 971 660 1023 corruptissima
684 985 778 1011 sana
804 971 1000 1019 uidentur,
1022 970 1173 1010 initium
1198 985 1231 1010 c.
1251 969 1302 1011 18
1323 972 1519 1026 integrum
1543 971 1685 1012 existi-

195 1053 301 1078 mare
324 1053 400 1079 non
425 1038 660 1078 sustinuisse
682 1038 795 1091 signa
816 1039 981 1079 lacunae
1003 1039 1148 1078 indicio
1170 1046 1276 1088 sunt,
1320 1054 1418 1091 quac
1440 1041 1546 1080 inter
1565 1038 1686 1079 Tibe-

196 1107 295 1146 rium
319 1113 357 1146 et
378 1105 552 1146 Tullium
576 1106 721 1160 posuit.
762 1105 863 1145 Mihi
886 1113 927 1145 ut
949 1105 1075 1145 locum
1107 1120 1286 1146 mancum
1317 1120 1404 1147 esse
1435 1114 1583 1147 certum
1607 1114 1681 1155 cst,

196 1174 259 1213 ubi
284 1175 456 1214 detectus
481 1174 684 1222 acciderit,
711 1187 788 1212 non
812 1173 965 1212 uidetur
986 1172 1139 1212 definiri
1162 1187 1291 1226 posse.

308 1238 356 1281 C.
386 1240 459 1291 18,
494 1242 518 1281 4
548 1242 605 1280 sic
629 1240 753 1280 edidi:
798 1237 989 1288 seruus,
1015 1240 1122 1279 cuius
1146 1241 1323 1281 dominus
1346 1241 1386 1281 in
1410 1239 1597 1282 Caesaris
1621 1255 1684 1281 ca-

191 1309 287 1349 stris
311 1309 449 1348 fuisset
471 1311 656 1359 <uxorem
680 1314 717 1346 et
739 1307 838 1346 filios
861 1307 900 1347 in
923 1307 1062 1360 oppido
1084 1307 1337 1361 reliquerat),
1362 1309 1685 1362 dominumiugu-

192 1377 291 1416 lauit
321 1384 359 1416 et
389 1376 444 1416 ita
466 1376 563 1415 clam
587 1390 608 1414 a
632 1373 819 1415 Caesaris
842 1375 1047 1428 praesidiis
1069 1374 1108 1413 in
1131 1374 1308 1428 Pompeii
1340 1383 1473 1416 castra
1504 1376 1686 1417 discessit

193 1451 233 1484 et
253 1443 435 1484 indicium
459 1444 600 1498 glande
623 1443 810 1496 scriptum
833 1442 964 1490 misit,
999 1455 1069 1494 per
1090 1443 1191 1494 quod
1213 1443 1360 1483 certior
1381 1444 1493 1483 fieret
1515 1442 1682 1494 Caesar,

193 1511 354 1565 quaein
376 1511 514 1565 oppido
538 1511 585 1550 ad
608 1510 893 1550 defendendum
923 1518 1262 1563 compararentur.
1307 1509 1366 1550 Ita
1397 1511 1541 1552 litteris
1573 1525 1686 1552 acce-

193 1579 293 1633 ptis,
329 1593 415 1619 cum
437 1579 476 1619 in
500 1578 676 1632 oppidum
698 1577 952 1627 reuertisset,
988 1577 1052 1630 qui
1074 1577 1230 1617 mittere
1251 1578 1432 1631 glandem
1454 1579 1683 1632 inscriptam

191 1648 345 1687 solebat
370 1678 518 1687 ......
551 1645 782 1698 Insequenti
812 1651 927 1684 nocte
960 1645 1035 1684 duo
1068 1643 1250 1684 Lusitani
1283 1646 1424 1686 fratres
1457 1647 1684 1699 transfugae

193 1714 439 1763 nuntiarunt,
465 1728 576 1766 quam
590 1712 800 1767 Pompeius
824 1713 1045 1752 contionem
1065 1712 1278 1752 habuisset*
1294 1719 1386 1751 cett.
1421 1712 1495 1753 Hic
1518 1713 1682 1766 primum

193 1783 334 1822 mirum
365 1782 490 1821 uideri
522 1788 653 1834 potest
683 1794 842 1821 seruum
873 1780 980 1819 illum
1015 1780 1054 1818 in
1083 1780 1226 1819 castris
1254 1778 1433 1833 Pompeii
1466 1781 1684 1833 comperire

193 1850 384 1903 potuisse,
410 1863 508 1902 quae
530 1850 570 1889 in
589 1849 727 1902 oppido
750 1848 797 1888 ad
818 1847 1103 1887 defendendum
1127 1855 1475 1901 compararentur,
1510 1862 1595 1887 cum
1616 1863 1683 1902 op-

193 1918 323 1970 pidum
347 1914 534 1957 Caesaris
566 1916 846 1956 munitionibus
875 1922 982 1955 essct
1011 1915 1307 1954 circumdatum.
1352 1913 1502 1955 Verum
1534 1923 1679 1965 tamen,

193 1999 280 2024 cum
304 2000 339 2024 c.
368 1985 419 2025 1ss
438 1985 494 2024 in.
520 1985 696 2038 legamus
721 1983 966 2023 tabellarium
999 1998 1020 2022 a
1042 1981 1229 2036 Pompeio
1259 1983 1417 2022 missum
1440 1984 1479 2023 in
1503 1984 1682 2037 oppidum

192 2053 438 2106 peruenisse,
465 2066 536 2106 per
558 2051 778 2092 huiusmodi
801 2051 1031 2090 occasiones
1054 2065 1212 2090 seruum
1228 2064 1289 2099 ea,
1315 2063 1414 2102 quae
1428 2050 1682 2091 Caesarianis

190 2120 439 2169 enuntiabat,
465 2120 700 2174 cognouisse
723 2119 972 2158 statuendum
997 2125 1072 2158 est.
1107 2116 1304 2170 Deinceps
1331 2119 1622 2158 ‘reuertissent'
1644 2125 1683 2157 et

193 2187 403 2227 ‘solebant'
427 2187 640 2235 edebatur,
666 2193 729 2236 et,
755 2199 852 2238 quae
874 2185 946 2225 hoc
970 2185 1128 2225 uerbum
1154 2191 1386 2237 sequuntur,
1411 2185 1682 2238 superioribus

191 2254 548 2309 coniungebantur.
596 2254 676 2295 Sed
698 2251 916 2294 Lusitanos
941 2254 1084 2293 fratres
1114 2266 1166 2292 ex
1188 2253 1329 2292 castris
1352 2251 1530 2305 Pompeii
1554 2259 1682 2291 trans-

191 2323 339 2376 fugisse
362 2331 547 2376 apparet:
574 2324 637 2376 qui
660 2323 838 2376 glandem
862 2321 1089 2374 inscriptam
1115 2320 1270 2359 mittere
1292 2320 1485 2368 solebant,
1512 2319 1551 2358 in
1575 2319 1682 2372 oppi-

191 2391 280 2430 dum
303 2391 518 2431 reuertisse
541 2392 745 2440 dicuntur,
777 2396 816 2429 et
837 2402 885 2428 ne
908 2388 1041 2442 plures
1064 2387 1217 2440 quidem
1239 2387 1417 2441 glandem
1441 2386 1594 2426 misisse
1617 2400 1682 2425 us-

191 2473 304 2511 quam
327 2459 494 2498 relatum
518 2466 576 2498 cst
594 2489 603 2505 ,
628 2458 696 2498 sed
720 2471 836 2496 unum
859 2456 965 2496 illum
989 2469 1163 2496 seruum.
1201 2453 1248 2494 In
1268 2452 1362 2494 Par.
1387 2468 1469 2493 scc.
1497 2461 1535 2493 et
1557 2453 1680 2493 tribus

192 2526 453 2567 deterioribus
478 2527 588 2566 codd.
615 2525 800 2578 scriptum
825 2530 885 2564 est
909 2522 1186 2564 ‘reuertisset’.
1225 2520 1312 2560 Hoc
1333 2528 1491 2574 recepto
1515 2519 1681 2561 Schnei-

189 2595 308 2635 derus
330 2595 480 2647 reliqua
502 2593 693 2641 seruauit,
719 2599 760 2631 ut
777 2598 893 2631 antea
916 2589 1190 2643 uulgabantur.
1227 2588 1396 2630 Videtur
1417 2589 1538 2641 igitur
1561 2588 1682 2628 uerba

189 2669 294 2702 ‘cum
315 2662 355 2701 in
379 2662 560 2716 oppidum
582 2659 828 2699 reuertisset'
853 2659 898 2698 ad
913 2672 1069 2698 seruum
1092 2657 1293 2706 retulisse,
1319 2657 1443 2696 altera
1468 2656 1547 2708 ‘qui
1567 2657 1681 2709 glan-

190 2731 276 2770 dem
300 2729 528 2782 inscriptam
557 2727 715 2767 mittere
742 2725 943 2766 sotebant*
977 2726 1023 2765 ad
1051 2726 1194 2766 fratres
1225 2723 1458 2765 Lusitanos.
1509 2721 1614 2773 Sed,
1639 2729 1681 2762 ut

190 2798 266 2836 iam
291 2797 388 2846 dixi,
416 2810 514 2837 unas
536 2809 675 2836 seruus
697 2793 876 2848 glandem
899 2793 1082 2842 miserat,
1108 2807 1233 2846 neque
1257 2793 1368 2832 uideo
1384 2823 1394 2842 ‚
1420 2791 1507 2845 quid
1529 2791 1679 2831 reditus

191 2864 353 2904 scruiin
371 2864 610 2919 oppidumad
629 2861 886 2915 transfugium
900 2859 1184 2901 Lusitanorum
1198 2861 1409 2914 pertineat,
1433 2866 1517 2909 aut,
1543 2872 1676 2911 quem-
