1835 3240
648 178 836 221 CAPVT
858 178 911 219 30
924 203 973 207 —
989 177 1057 217 33.
1633 179 1711 220 (341

161 307 323 348 eumque
364 293 532 333 animum
565 292 793 333 aduerteret
825 292 1138 333 excelsissimum
1171 290 1297 330 locuni
1329 298 1548 332 castrorum
1582 309 1643 334 re-

162 365 290 404 lictum
314 375 401 402 esse
424 360 471 401 ab
493 360 796 410 Alexandrinis,
822 360 923 413 quod
947 367 986 399 et
1008 374 1076 414 per
1097 373 1140 400 se
1163 358 1334 398 munitus
1357 366 1478 408 esset,
1504 369 1540 399 et
1564 369 1643 401 stu-

160 432 221 472 dio
244 430 380 484 partim
406 430 602 482 pugnandi
620 429 758 482 partim
777 428 979 481 spectandi
1000 427 1320 467 decucurrissent
1335 426 1375 465 in
1394 440 1480 465 eum
1499 428 1640 475 locum,

160 499 197 538 in
222 512 297 551 quo
331 498 600 551 pugnabatur,
635 497 818 536 cohortes
840 496 906 535 illo
930 495 1137 534 circumire
1160 501 1292 534 castra
1315 500 1354 533 et
1375 508 1565 534 summum
1589 496 1644 534 lo<

111 576 129 605 5
162 580 248 606 cum
271 566 431 619 adgredi
454 566 569 605 iussit
590 566 714 617 iisque
738 562 993 604 Carfulenum
1018 563 1228 615 praefecit,
1254 569 1293 602 et
1314 562 1431 602 animi
1454 564 1645 615 maguitu—

159 634 246 673 dine
279 641 318 673 et
348 635 403 673 rei
436 633 616 672 militaris
649 631 815 672 scientia
836 632 962 671 uirum
986 637 1266 683 praestantem.
1312 628 1401 682 Quo
1426 637 1464 669 ut
1486 638 1644 670 uentum
1668 633 1692 670 2

157 709 242 751 est,
288 702 422 755 paucis
452 700 752 741 defendentibus
785 699 1064 742 munitionem,
1111 699 1258 737 nostris
1291 705 1427 738 contra
1457 698 1645 738 militibus

158 771 351 810 acerrime
374 768 636 822 pugnantibus
661 768 817 808 diuerso
841 768 1012 806 clamore
1033 772 1071 805 et
1087 766 1235 818 proelio
1250 766 1450 819 perterriti
1466 765 1646 806 Alexan-

161 838 259 877 drini
289 838 525 890 trepidantes
548 837 586 875 in
610 850 745 876 omnes
770 842 898 889 partes
923 841 1142 874 castrorum
1166 833 1392 874 discurrere
1414 843 1643 888 coeperunt.

86 912 124 944 10
158 904 333 957 Quorum
357 905 654 959 perturbatione
677 911 900 943 nostrorum
919 902 1037 941 animi
1055 902 1152 940 adeo
1172 908 1262 940 sunt
1280 902 1446 950 incitati,
1468 910 1644 956 utpaene
1669 903 1693 943 3

159 974 292 1013 eodem
318 980 492 1026 tempore
515 986 566 1012 ex
589 972 768 1012 omnibus
792 971 981 1024 partibus,
1008 969 1119 1022 primi
1145 977 1273 1008 tamen
1298 970 1558 1011 editissimum
1581 986 1646 1012 ca-

156 1047 327 1080 strorum
360 1042 486 1080 locum
518 1047 727 1092 caperent3
763 1053 813 1079 ex
845 1053 920 1091 quo
953 1038 1210 1077 decurrentes
1235 1051 1410 1090 magnam
1436 1039 1648 1079 multitudi-

157 1122 243 1148 nem
284 1109 452 1148 liostium
492 1108 532 1147 in
564 1108 704 1147 eastris
737 1108 1036 1147 interfecerunt.
1083 1102 1196 1156 Quod
1230 1105 1442 1158 periculum
1476 1106 1649 1159 plerique
1671 1108 1695 1147 4

159 1176 423 1216 Alexandrini
456 1176 649 1228 fugientes
672 1175 887 1214 aceruatim
911 1188 956 1214 se
978 1174 1023 1213 de
1048 1173 1148 1213 uallo
1171 1172 1481 1226 praecipitarunt
1500 1173 1541 1213 in
1564 1187 1646 1214 eam

87 1252 123 1283 15
156 1251 331 1297 partem,
366 1258 463 1297 quae
496 1244 643 1283 flumini
673 1250 758 1284 erat
788 1243 986 1282 adiuncta.
1032 1241 1183 1281 Horum
1216 1240 1349 1294 primis
1373 1241 1411 1279 in
1433 1241 1516 1294 ipsa
1543 1243 1645 1282 fossa
1671 1244 1694 1281 ἴ)

160 1313 388 1351 munitionis
421 1326 559 1366 magna
590 1311 703 1351 ruina
735 1310 932 1364 oppressis
965 1310 1087 1349 ceteri
1111 1309 1325 1349 faciliorem
1351 1311 1479 1362 fugam
1505 1310 1646 1350 habue-

160 1387 263 1419 runt.
307 1378 476 1420 Constat
496 1380 643 1433 fugisse
666 1393 716 1419 ex
741 1379 884 1418 castris
906 1391 1040 1432 regem
1063 1378 1191 1431 ipsum
1214 1383 1490 1430 receptumque
1513 1377 1554 1417 in
1578 1392 1647 1418 na-
1668 1377 1694 1417 6

161 1462 247 1487 uem
281 1448 526 1492 multitudine
558 1461 720 1496 eorum,
755 1446 818 1499 qui
842 1447 889 1486 ad
913 1445 1115 1499 proximas
1139 1459 1261 1485 naues
1284 1444 1547 1496 adnatabant,
1581 1447 1646 1487 de—

158 1530 288 1556 merso
322 1516 478 1569 nauigio
514 1515 679 1569 perisse.
723 1513 786 1554 Re
810 1514 1036 1554 felicissime
1059 1513 1340 1566 celerrimeque
1363 1520 1474 1566 gesta
1497 1510 1651 1554 Caesar
1671 1513 1724 1557 32

82 1591 124 1622 20
156 1598 321 1637 magnae
355 1584 542 1624 uictoriae
574 1584 714 1624 fiducia
746 1583 927 1637 proximo
961 1581 1146 1622 terrestri
1179 1582 1322 1622 itinere
1354 1582 1647 1622 Alexandream

157 1665 242 1691 cum
268 1652 464 1704 equitibus
486 1652 682 1692 contendit
709 1658 823 1703 atque
846 1665 892 1691 ea
915 1657 1025 1704 parte
1047 1650 1174 1704 oppidi
1198 1650 1326 1690 uictor
1347 1650 1523 1699 introiit,
1549 1664 1648 1703 quae

157 1719 353 1771 praesidio
386 1721 555 1760 hostium
582 1720 803 1760 tenebatur.
848 1718 991 1771 Neque
1015 1733 1102 1758 eum
1126 1717 1331 1758 eonsilium
1357 1732 1467 1757 suum
1492 1719 1643 1768 fefellit,
1668 1719 1695 1759 2

155 1788 248 1840 quin
280 1787 412 1828 hostes
445 1801 491 1828 eo
524 1788 674 1842 proelio
697 1788 827 1826 audito
852 1787 946 1826 nihil
967 1787 1041 1826 iam
1066 1787 1112 1827 de
1133 1786 1234 1825 bello
1258 1793 1393 1825 essent
1415 1786 1643 1839 cogitaturi.

156 1853 327 1908 Dignum
369 1857 583 1897 adueniens
615 1857 783 1896 fructum
818 1856 975 1895 uirtutis
1007 1862 1046 1895 et
1076 1854 1197 1895 animi
1228 1854 1508 1907 magnitudinis
1541 1854 1643 1895 tulit.

80 1930 122 1961 25
156 1920 296 1964 Omnis
327 1924 428 1964 enim
460 1925 666 1964 multitudo
690 1924 970 1977 oppidanorum
995 1923 1114 1963 armis
1138 1922 1323 1977 proiectis
1347 1922 1647 1963 munitionibus·
1670 1923 1694 1963 3

157 2004 230 2043 que
253 1991 334 2030 suis
358 1992 506 2032 relictis
530 1999 640 2032 ueste
664 2005 707 2032 ea
732 1998 899 2045 sumpta,
926 2005 1000 2043 qua
1022 1991 1215 2044 supplices
1239 1990 1486 2030 dominantes
1510 1992 1647 2045 depre-

156 2058 236 2098 cari
260 2066 520 2108 consuerunt,
541 2060 744 2112 sacrisque
768 2059 946 2099 omnibus
970 2059 1147 2111 prolatis,
1171 2072 1333 2111 quorum
1351 2058 1542 2111 religione
1559 2072 1645 2112 pre-

156 2127 237 2166 cari
260 2127 433 2167 offensos
456 2127 656 2180 iratosque
678 2128 829 2167 animos
853 2140 987 2181 regum
1013 2134 1125 2166 erant
1146 2127 1268 2175 soliti,
1294 2126 1518 2166 aduenienti
1542 2123 1646 2166 Cae-

155 2195 235 2235 sari
268 2202 530 2235 occurrerunt
561 2209 680 2248 seque
714 2196 746 2235 ei
781 2195 1028 2235 dediderunt.
1074 2191 1228 2234 Caesar
1259 2193 1299 2232 iu
1333 2193 1443 2233 iidem
1466 2202 1645 2248 receptos
1668 2196 1693 2236 4

80 2269 121 2301 30
154 2263 380 2303 consolatus
413 2277 482 2316 per
513 2264 680 2304 hostium
712 2264 951 2303 munitiones
983 2263 1020 2301 in
1046 2276 1154 2301 suam
1180 2269 1327 2314 partem
1352 2262 1478 2315 oppidi
1503 2276 1641 2316 magna

157 2332 421 2383 gratulatione
446 2332 554 2371 uenit
575 2346 759 2383 suorum3
796 2332 857 2384 qni
882 2345 956 2370 non
984 2337 1129 2369 tantum
1152 2329 1296 2369 bellum
1318 2330 1443 2383 ipsum
1467 2344 1510 2369 ac
1534 2331 1643 2370 dimi-

157 2398 364 2449 cationem,
380 2400 447 2439 sed
470 2400 585 2440 etiam
611 2401 724 2440 talem
744 2401 955 2439 aduentum
975 2399 1058 2438 eius
1076 2398 1224 2437 felicem
1243 2398 1364 2437 l'nisse
1380 2397 1641 2438 laetabantur.

270 2464 424 2507 Caesar
452 2467 636 2522 Aegypto
669 2476 785 2521 atque
820 2467 1066 2507 Alexandria
1102 2466 1244 2519 potitus
1275 2479 1390 2518 reges
1423 2466 1641 2519 constituit„
1661 2466 1718 2511 33

303 2614 315 2646 1
337 2615 628 2648 animaduerteret
649 2618 744 2648 ί11133.
767 2616 812 2648 si'.
985 2616 1001 2646 4
1024 2614 1202 2646 circumire
1222 2625 1242 2646 a
1264 2622 1360 2646 vass.
1381 2617 1417 2645 et
1432 2614 1510 2646 edd.
1532 2614 1642 2655 qdcl.',

158 2664 304 2695 circuire
322 2665 436 2697 Aldus
456 2677 490 2698 u.
637 2670 653 2701 5
673 2669 815 2709 adgredi
834 2679 868 2699 ιι.
1011 2667 1107 2708 isque
1125 2677 1158 2697 α.
1307 2667 1344 2699 10
1362 2677 1446 2708 pene
1465 2677 1499 2698 a.

163 2715 195 2746 ll
220 2721 410 2747 castrorum
429 2716 537 2749 locum
556 2729 588 2759 (ι,
612 2721 720 2751 locuni
740 2724 928 2751 castrorum
949 2718 1024 2749 edd.
1224 2719 1262 2750 14
1282 2718 1589 2750 Alexandrinorum
1610 2719 1641 2750 b.

301 2767 573 2809 praecipitarunt
589 2781 610 2801 a
630 2771 727 2802 ‘mss
748 2771 792 2805 3',
807 2770 1122 2812 praecipitauerunt
1135 2780 1169 2801 τι.
1311 2770 1350 2802 ‘lu
1365 2769 1594 2810 celeriterque
1611 2770 1642 2801 b.

301 2818 343 2850 20
356 2828 477 2858 magna
498 2819 724 2853 ciacconius.
860 2821 1112 2852 Alexandream
1131 2831 1151 2851 a
1165 2831 1191 2859 e,
1208 2820 1450 2851 Alexandriam
1465 2830 1499 2850 ιι.

160 2870 198 2903 21
214 2870 319 2901 intrat
339 2871 369 2902 b.
510 2872 554 2904 24
566 2872 825 2914 magnitudinis]
846 2873 1072 2904 multitudinis
1091 2883 1111 2903 a
1128 2873 1145 2903 b
1161 2882 1190 2902 c.
1332 2871 1373 2905 26
1394 2871 1641 2902 dominationes

160 2921 189 2951 b.
349 2921 391 2955 27
412 2927 621 2955 consuerunt
639 2933 659 2954 a
677 2923 810 2963 2dett.,
827 2928 1081 2955 eonsueuerunt
1101 2934 1134 2954 u.
1310 2922 1419 2953 sacris
1440 2922 1593 2954 omuibus
1610 2923 1640 2955 b.

302 2971 342 3003 33
361 2971 504 3014 Aegipto
524 2984 557 3004 (ι.
700 2973 892 3015 constituit]
913 2978 948 3005 ut
967 2973 1050 3005 add.
1071 2983 1091 3004 α
1113 2973 1130 3003 b
1150 2982 1166 3002 e
1185 2972 1218 3003 d.

204 3035 323 3071 Cacsar,
339 3036 383 3063 ed.
407 3034 548 3072 Nipperd.
1389 3028 1441 3068 41
