1835 3240
67 173 150 218 518
638 171 712 214 DE
742 168 933 213 BELLO
965 167 1139 213 CIVILI

145 294 307 342 propter
328 287 512 329 eximiam
535 286 720 327 uirtutem
744 297 795 324 ex
818 282 1070 323 inferioribus
1092 283 1295 324 ordinibus
1323 284 1364 324 in
1387 298 1475 325 eum
1496 283 1626 325 locum

99 355 123 396 5
146 362 406 409 peruenerat3
442 355 702 395 uulnerantur
731 350 894 404 amplius
917 357 988 390 DC.
1042 349 1109 389 Ex
1130 350 1361 392 Afranianis
1382 352 1624 394 interficiun-

146 430 209 463 tur
230 422 282 463 T.
308 420 505 463 Caecilius
522 452 532 470 ‚
568 419 681 473 primi
704 418 770 471 pili
794 418 998 466 centurio,
1023 424 1063 458 et
1085 425 1240 470 praeter
1262 432 1348 458 eum
1372 421 1626 462 centuriones

68 491 126 536 47
148 498 226 541 1111,
251 491 391 530 milites
414 488 576 542 amplius
599 493 667 526 CC.
727 483 806 526 Sed
829 485 924 525 haec
947 485 1031 525 eius
1054 485 1128 525 diei
1151 486 1374 538 praefertur
1395 488 1526 541 opinio
1542 519 1552 539 ‚
1586 495 1629 528 ut

96 558 125 600 2
145 572 188 599 se
211 558 363 610 utrique
386 555 612 609 superiores
637 553 866 593 discessisse
889 553 1189 593 existimarent:
1224 552 1459 604 Afraniani,
1495 556 1593 608 quod
1610 586 1620 605 ‚

147 640 232 666 cum
256 639 344 665 esse
366 623 537 663 omnium
560 621 703 661 iudicio
725 621 936 661 inferiores
958 620 1203 669 uiderentur,
1230 620 1445 660 comminus
1468 628 1541 662 tam
1565 623 1630 663 diu

146 697 353 734 stetissent
375 698 414 731 et
429 690 850 743 nostrorumimpetum
862 688 1147 729 sustinuissent
1163 694 1202 728 et
1221 688 1334 728 initio
1357 688 1481 728 locum
1504 695 1629 730 tumu-

146 761 301 813 lumque
325 758 560 807 tenuissent,
586 771 683 810 quae
706 771 822 797 eausa
846 755 1043 810 pugnandi
1068 756 1221 806 suerat,
1255 762 1293 796 et
1327 763 1485 796 nostros
1507 757 1631 810 primo

101 827 125 868 3
148 841 367 881 congressu
390 833 502 880 terga
524 832 680 866 uertere
702 825 953 878 coegissent3
980 823 1106 863 nostri
1130 830 1278 873 autem,
1303 824 1403 877 quod
1425 823 1557 878 iniquo
1574 825 1631 864 lo-

148 910 193 935 co
216 902 332 948 atque
363 893 500 948 impari
533 893 738 947 congressi
769 906 935 932 numero
967 891 1140 944 quinque
1169 891 1277 931 horis
1300 891 1490 944 proelium
1513 892 1630 932 susti-

146 963 345 1012 nuissent,
372 961 472 1015 quod
495 967 665 1001 montem
688 960 826 1014 gladiis
848 959 1047 999 destrictis
1068 959 1359 1009 ascendissent,
1385 960 1484 1012 quod
1508 973 1558 1000 ex
1576 960 1633 999 lo-

148 1044 194 1071 co
217 1030 421 1083 superiore
453 1036 564 1083 terga
595 1036 753 1069 uertere
784 1027 1035 1068 aduersarios
1067 1027 1294 1080 coegissent
1325 1033 1441 1079 atque
1462 1027 1502 1067 in
1526 1027 1632 1081 oppi-

101 1097 128 1138 4
150 1099 239 1138 dum
262 1097 558 1152 compulissent.
602 1095 662 1136 Illi
685 1110 771 1136 eum
795 1096 999 1145 tumulum,
1025 1109 1094 1149 pro
1116 1109 1191 1147 quo
1214 1101 1427 1147 pugnatum
1451 1102 1525 1144 est,
1551 1108 1633 1134 ma·

72 1166 131 1211 48
152 1166 240 1220 gnis
273 1165 454 1219 operibus
492 1165 718 1204 munierunt
748 1163 1064 1217 praesidiumque
1102 1162 1156 1202 ibi
1189 1169 1419 1215 posueruut.
1478 1162 1636 1202 Accidit

149 1235 266 1274 etiam
287 1232 834 1287 repentinumincommodum
857 1230 990 1280 biduo,
1015 1244 1091 1283 quo
1114 1230 1210 1270 haec
1231 1235 1347 1282 gesta
1367 1235 1474 1269 sunt.
1501 1228 1634 1269 Tanta

150 1301 253 1341 enim
277 1307 487 1354 tempestas
524 1300 726 1349 moritur,
758 1306 802 1339 ut
832 1312 1042 1351 numquam
1073 1297 1151 1338 illis
1180 1296 1278 1337 locis
1310 1296 1481 1337 maiores
1515 1310 1634 1349 aquas

102 1367 129 1408 2
151 1368 273 1408 fuisse
295 1375 513 1408 constaret.
558 1367 660 1407 Tum
692 1374 822 1407 autem
854 1380 907 1406 ex
936 1365 1115 1406 omnibus
1137 1363 1334 1405 montibus
1356 1364 1469 1404 niues
1492 1364 1637 1418 proluit

149 1451 194 1477 ac
217 1449 388 1476 summas
409 1436 514 1490 ripas
536 1435 705 1475 fluminis
727 1434 930 1489 superauit
951 1434 1159 1488 pontisque
1187 1433 1325 1484 ambo,
1360 1446 1456 1486 quos
1479 1429 1528 1472 C.
1555 1430 1635 1472 Fa-

101 1504 125 1545 3
148 1504 235 1544 bius
264 1504 438 1553 fecerat,
472 1518 550 1544 uno
581 1503 642 1544 die
673 1503 897 1557 interrupit.
958 1499 1070 1554 Quae
1101 1515 1168 1542 res
1203 1515 1367 1555 magnas
1391 1499 1634 1540 difficultates

149 1572 345 1613 exercitui
366 1569 553 1612 Caesaris
587 1572 731 1612 attulit.
777 1569 922 1612 Castra
946 1570 1074 1619 enim,
1105 1577 1148 1610 ut
1178 1583 1296 1624 supra
1325 1569 1634 1609 demonstratum

149 1647 225 1690 est,
251 1655 337 1680 cum
361 1648 497 1681 essent
517 1640 623 1680 inter
644 1639 804 1679 flumina
827 1639 918 1689 duo,
943 1636 1112 1679 Sicorim
1136 1645 1175 1679 et
1197 1635 1364 1691 Cingam
1380 1668 1390 1686 ‚
1415 1635 1542 1690 spatio
1563 1635 1636 1675 mi-

149 1710 241 1749 lium
264 1715 390 1758 XXX,
417 1715 600 1749 neutrum
624 1707 761 1747 borum
783 1706 943 1746 transiri
965 1713 1146 1760 poterat,
1173 1705 1475 1757 necessarioque
1498 1716 1635 1744 omnes

102 1775 128 1816 4
151 1777 210 1817 his
233 1776 426 1829 angustiis
460 1775 779 1816 continebantur.
841 1773 986 1828 Neque
1009 1774 1191 1814 ciuitates
1208 1804 1218 1821 ‚
1250 1787 1349 1827 quae
1379 1773 1426 1813 ad
1448 1768 1636 1812 Caesaris

151 1843 360 1884 amicitiam
384 1850 657 1892 accesserant,
684 1844 918 1883 frumentum
942 1849 1189 1895 supportare,
1215 1855 1339 1895 neque
1360 1841 1404 1889 ii,
1430 1840 1494 1893 qui
1516 1838 1637 1894 pabu-

149 1912 271 1952 latum
294 1912 447 1965 longius
469 1911 670 1966 progressi
693 1917 823 1960 erant,
847 1910 1050 1950 interclusi
1074 1910 1294 1949 fluminibus
1315 1907 1480 1956 reuerti,
1511 1919 1637 1959 neque

150 1980 312 2020 maximi
336 1986 576 2020 commeatus
593 2009 603 2029 ,
635 1979 698 2032 qui
721 1992 771 2019 ex
794 1976 910 2018 Italia
932 1976 1140 2031 Galliaque
1163 1977 1399 2027 ueniebant,
1433 1975 1475 2016 iu
1507 1981 1639 2014 castra

104 2046 128 2087 5
151 2047 362 2102 peruenire
384 2054 582 2101 poterant.
625 2045 801 2100 Tempus
825 2053 910 2086 erat
932 2053 1064 2086 autem
1086 2045 1344 2085 difficillimum
1361 2075 1371 2093 ‚
1405 2057 1479 2096 quo
1511 2054 1637 2095 neque

152 2117 349 2156 frumenta
370 2115 408 2156 in
434 2115 607 2155 hibernis
631 2121 745 2155 erant
765 2128 893 2167 neque
915 2114 1078 2154 multum
1100 2128 1122 2154 a
1144 2113 1372 2154 maturitate
1386 2111 1565 2160 aberant,
1590 2123 1636 2149 ac

152 2183 333 2224 ciuitates
357 2184 612 2233 exinanitae,
649 2183 750 2236 quod
771 2181 962 2222 Afranius
993 2194 1117 2236 paene
1150 2195 1264 2221 omne
1287 2181 1522 2220 frumentum
1545 2183 1637 2217 ante

154 2248 343 2292 Caesaris
376 2252 589 2291 aduentum
622 2250 788 2292 Ilerdam
821 2256 1092 2300 connexerat,
1135 2248 1274 2301 reliqui
1306 2247 1340 2288 si
1371 2246 1462 2300 quid
1490 2246 1635 2295 fuerat,

293 2360 314 2393 2
332 2360 536 2391 uulneratnr
552 2370 587 2393 (ι.
774 2360 985 2391 interficiunt
1004 2369 1037 2390 α.
1233 2358 1252 2390 4
1270 2356 1369 2389 buius
1387 2358 1470 2387 ante
1489 2364 1581 2386 corr.
1601 2363 1635 2385 α.

295 2413 313 2444 6
334 2413 485 2444 cominus
500 2413 567 2454 (a).
703 2417 770 2445 tam
785 2423 805 2443 a
822 2413 839 2443 h
853 2423 881 2452 0,
902 2416 1012 2443 tamen
1027 2421 1062 2442 u.
1206 2409 1242 2442 11
1260 2408 1435 2441 destrictis
1454 2417 1475 2438 α
1493 2407 1514 2440 2
1533 2406 1635 2445 dett„

152 2465 319 2497 districtis
337 2466 416 2499 edd.
436 2469 519 2496 ante
538 2476 573 2497 u.
759 2465 998 2497 ascendissent
1018 2463 1084 2505 (a).
1252 2462 1293 2493 14
1310 2460 1519 2503 praesidium
1539 2458 1585 2489 ibi
1605 2458 1637 2489 b.

300 2516 338 2547 15
359 2521 473 2556 gestas
492 2521 587 2547 tanta
607 2526 641 2547 α.
785 2516 824 2548 16
844 2526 908 2557 quo
928 2516 1038 2546 oritur
1054 2524 1089 2545 α.
1239 2521 1407 2553 nunquam
1426 2509 1493 2551 (a).

153 2567 291 2599 maioris
304 2577 336 2597 a.
481 2566 521 2598 17
538 2566 632 2597 niues
651 2576 671 2597 a
685 2576 702 2595 c
713 2566 752 2602 d,
776 2566 862 2597 niuis
876 2566 907 2596 b.
1048 2562 1175 2606 proluit
1187 2573 1207 2595 α
1221 2563 1254 2604 d,
1276 2563 1443 2605 proluitur
1455 2571 1483 2601 e,
1505 2560 1592 2602 pluit
1605 2560 1637 2591 b.

300 2617 340 2651 18
355 2618 533 2661 pontisque
547 2618 643 2649 ambo
662 2628 682 2649 a
698 2618 727 2658 b,
750 2628 816 2649 non
830 2621 1018 2659 pontesque
1031 2616 1160 2647 ambos.
1299 2616 1343 2649 22
1356 2613 1511 2654 transiri]
1527 2617 1640 2644 trans·

156 2669 240 2702 ferri
261 2669 291 2700 b.
433 2669 475 2700 23
496 2679 535 2700 ne
556 2669 717 2700 ciuitates
739 2669 768 2700 b.
927 2668 969 2700 24
989 2666 1178 2697 amiciciam
1197 2675 1231 2697 a.
1395 2666 1639 2706 supportarent

156 2722 243 2763 quod
262 2721 285 2752 ii
304 2731 324 2752 α
344 2720 390 2761 (is
409 2721 457 2759 hi)
479 2721 510 2752 b.
655 2721 697 2753 26
717 2724 925 2752 commeatus
944 2718 1155 2758 Beroaldus,
1177 2718 1358 2750 comitatus
1378 2716 1478 2749 codd.
1498 2716 1537 2748 Ρ.
1560 2715 1637 2749 142.

298 2773 340 2808 27
361 2778 437 2805 erat
455 2778 566 2804 autem
586 2782 607 2803 α
629 2773 730 2804 ἴηιεε.
751 2769 932 2813 quidam’5
961 2775 1071 2801 autem
1091 2774 1165 2802 erat
1191 2769 1268 2801 anni
1298 2769 1375 2801 cod.
1403 2768 1484 2800 Vrs.
1505 2777 1547 2806 u,
1577 2765 1639 2797 scd

158 2825 251 2856 ‘anni
269 2836 339 2858 om.
359 2835 443 2857 mss.
459 2824 647 2865 plerz'que'.
787 2823 830 2858 28
849 2822 1011 2865 hybernis
1031 2832 1064 2854 α.
1206 2832 1224 2853 a
1243 2821 1385 2854 ciuitate
1403 2830 1443 2861 a,
1466 2824 1500 2853 et
1518 2819 1638 2851 ciuita-

158 2883 206 2909 tes
228 2878 257 2909 b.
398 2877 441 2909 29
461 2886 545 2918 pene
564 2886 597 2907 α.

1655 563 1673 595 5

1663 899 1703 932 10

1668 1236 1706 1269 15

1665 1573 1709 1609 20

1666 1912 1710 1947 25

1670 2250 1712 2283 30
