1835 3240
722 188 1118 231 -98—

188 301 330 355 quibus
352 307 521 351 tacetur,
556 302 831 351 consentiant,
863 301 980 343 Leid.
1003 316 1100 343 uero
1122 316 1181 356 pr.
1208 301 1451 342 demonstret
1470 302 1510 342 in
1533 316 1579 343 eo
1602 318 1667 344 60-

189 369 294 418 dice,
328 369 430 409 unde
452 368 670 423 descriptus
692 378 776 419 est,
812 370 1056 423 integrorum
1079 369 1313 422 scripturam
1344 384 1365 409 a
1397 370 1521 423 prima
1551 385 1668 411 manu

189 436 356 490 positam
378 437 516 485 fuisse,
543 451 619 476 non
642 443 772 490 potest
793 437 948 476 dubium
971 437 1121 481 uideri,
1152 437 1243 488 quin
1265 436 1442 476 omnibus
1466 438 1589 478 tribus
1611 439 1668 478 lo—

188 505 245 544 615
268 503 411 557 integri
433 504 588 543 codices
610 503 796 556 sequendi
820 503 921 551 sint,
946 502 1039 542 licet
1060 517 1092 541 6.
1116 501 1185 549 60,
1214 502 1234 541 1
1260 503 1428 555 optimus
1450 502 1579 557 Bong.
1606 520 1666 558 pr.

187 572 235 612 ab
256 571 305 611 iis
329 571 517 611 discedat.
560 570 724 610 Retinui
755 577 884 609 autem
916 567 1199 617 Melodunum,
1224 569 1325 621 quod
1347 583 1382 609 c.
1407 569 1485 620 58,
1515 569 1542 609 6
1564 572 1670 611 codi-

187 653 273 679 cum
296 638 530 679 testimoniis
564 638 661 678 satis
693 638 886 677 firmatum
909 636 1083 685 uidetur,
1107 636 1183 676 etsi
1206 638 1305 690 apud
1325 637 1442 677 medii
1464 638 1551 677 aeui
1572 639 1670 678 seri-

186 713 342 759 ptores,
376 719 537 757 quorum
570 704 646 744 loci
680 703 832 743 collecti
856 710 947 742 sunt
968 716 990 742 a
1011 702 1218 756 Bouqueto
1239 705 1281 743 in
1301 703 1495 744 indicibus
1527 707 1606 745 uol.
1632 704 1671 746 II

186 780 226 813 et
245 771 305 813 Ill
327 772 561 825 scriptorum
585 785 717 810 rerum
741 768 982 810 Gallicarum
1006 778 1045 810 et
1065 769 1348 811 Francicarum
1365 803 1375 822 ,
1408 771 1521 812 huius
1544 773 1671 826 oppidi

186 855 329 881 nomen
360 839 496 879 iisdem
526 839 609 877 sere
642 838 918 891 discrepantiis
949 845 1065 891 atque
1094 840 1193 893 apud
1215 836 1430 880 Caesarem
1452 840 1666 881 obnoxium

186 908 273 948 suit.
317 905 363 946 In
386 905 515 945 itiner.
530 905 628 944 Ant.
654 920 691 958 p.
718 903 799 945 383
825 904 1065 946 ‘Mecletum'
1089 907 1322 960 appellatur,
1346 907 1387 947 in
1410 907 1542 948 tabula
1563 907 1669 949 Peu-

187 975 285 1028 ting.
312 972 534 1026 ‘Meteglo’.
581 972 692 1013 Haec
714 974 999 1026 praemittenda
1022 982 1160 1023 erant,
1196 989 1271 1027 quo
1293 975 1440 1015 rectius
1463 976 1508 1015 de
1532 984 1667 1017 extre-

184 1042 258 1081 mis
289 1041 420 1081 uerbis
451 1057 485 1080 c.
516 1039 565 1080 (11
612 1041 902 1087 indicaremus,
937 1041 1001 1081 ubi
1032 1043 1071 1082 in
1101 1040 1230 1095 Bong.
1264 1056 1323 1095 pr.
1357 1050 1396 1083 et
1422 1043 1670 1097 interpolatis

186 1109 366 1149 omnibus
388 1115 718 1148 commemoratur
737 1107 1049 1157 ‘Metiosedum',
1074 1111 1113 1149 in
1140 1110 1255 1150 ‘aliis'
1270 1108 1570 1163 Oudendorpius
1594 1111 1669 1164 legi

184 1177 239 1217 ait
262 1175 524 1224 ‘Etlosedum,
550 1175 793 1225 Eliosedum,
821 1176 1051 1223 Glosedum,
1075 1175 1288 1217 Iosedum':
1313 1178 1353 1217 in
1369 1176 1464 1217 Par.
1490 1192 1547 1232 pr.
1573 1179 1672 1218 scri-

184 1252 290 1298 ptum
313 1250 372 1284 est
406 1241 696 1283 ‘Metlosedum
709 1245 732 1282 '.
785 1242 888 1296 Quid
920 1246 966 1286 (16
989 1246 1060 1285 1106
1084 1246 1241 1285 1101111116
1262 1246 1512 1285 statuendum
1537 1246 1668 1286 uidea-

185 1319 264 1359 tur,
288 1311 553 1365 intellegetur,
580 1325 692 1360 eum,
718 1325 815 1364 quae
838 1312 1106 1366 superioribus
1129 1320 1187 1352 66.
1214 1319 1451 1360 narrantur,
1488 1314 1670 1353 conside-

183 1380 419 1420 rauerimus.
463 1377 665 1418 Labienus
687 1379 864 1432 Agedico
887 1379 1087 1421 Lutetiam
1104 1410 1114 1429 ,
1150 1380 1250 1432 quod
1281 1386 1366 1419 erat
1397 1380 1574 1433 oppidum
1598 1378 1671 1421 Se-

184 1461 327 1487 nonum
351 1447 519 1500 positum
541 1447 580 1486 in
602 1447 731 1487 insula
755 1445 980 1500 Sequanae,
1006 1448 1182 1488 secundo
1205 1448 1361 1487 flumine
1385 1448 1600 1498 contendit,
1629 1455 1672 1488 ut

184 1529 205 1556 e
228 1515 390 1570 regione
412 1514 497 1555 eius
520 1515 646 1568 oppidi
670 1516 813 1555 {lumen
835 1516 1018 1555 traiceret
1050 1522 1088 1555 et
1110 1516 1157 1555 ad
1180 1516 1312 1555 hostes
1328 1545 1338 1562 ,
1372 1515 1435 1568 qui
1456 1515 1509 1555 ibi
1532 1530 1670 1556 conse-

183 1584 338 1631 derant,
364 1582 605 1635 perueniret.
630 1581 843 1636 Postquam
867 1583 903 1622 id
928 1583 975 1622 ob
999 1583 1192 1636 paludem,
1218 1596 1317 1634 quae
1338 1582 1442 1635 ripas
1461 1581 1668 1635 Sequanae

184 1649 433 1702 impediebat,
458 1650 617 1690 efficere
640 1664 717 1689 non
741 1656 911 1702 poterat,
936 1651 1087 1697 eodem,
1113 1664 1187 1702 quo
1210 1657 1389 1698 uenerat,
1415 1650 1557 1690 itinere
1580 1650 1668 1691 Me-

184 1717 367 1757 lodunum
391 1717 585 1769 peruenit,
612 1718 713 1769 quod
733 1717 911 1770 oppidum
936 1717 1059 1770 ipsum
1079 1731 1231 1769 quoque
1252 1717 1293 1757 in
1315 1718 1442 1757 insula
1462 1715 1669 1771 Sequanae

184 1784 352 1838 positum
373 1791 485 1833 erat,
515 1784 645 1837 ibique
667 1785 920 1837 deprehensis
943 1784 1107 1824 nauibus
1136 1784 1279 1825 flumen
1308 1786 1465 1825 transiit
1487 1793 1526 1825 et
1546 1785 1668 1826 Lute-

188 1851 279 1892 tiam
301 1851 513 1892 contendit.
538 1850 685 1891 Hostes
710 1866 755 1892 eo
774 1853 911 1906 oppido
934 1853 1096 1892 incenso
1119 1866 1161 1892 sc
1182 1852 1221 1891 in
1245 1852 1406 1892 alteram
1429 1853 1552 1906 ripam
1575 1867 1668 1893 6011-

185 1919 360 1959 tulerunt
381 1922 437 1967 (c.
462 1918 515 1959 57
538 1925 577 1959 et
599 1917 686 1969 58).
732 1917 810 1959 Sed
832 1919 989 1959 interim
1012 1918 1216 1959 Labienus
1239 1920 1287 1960 ad
1308 1918 1507 1960 Lutetiam
1535 1920 1580 1959 (16
1604 1920 1669 1960 de-

184 1986 352 2027 fectione
374 1986 629 2027 Haeduorum
647 1984 911 2040 Caesarisque
935 1987 1227 2027 difficultatibus
1251 1987 1398 2027 certior
1421 1989 1545 2028 sactus
1560 1986 1668 2041 Age-

184 2054 337 2103 dieum,
371 2054 435 2094 ubi
463 2054 739 2108 impedimenta
772 2054 973 2094 exercitus
995 2055 1234 2107 reliquerat,
1268 2056 1415 2095 reuerti
1446 2056 1663 2095 constituit.

183 2119 323 2174 Itaque
345 2135 431 2161 cum
454 2122 489 2162 ei
511 2135 649 2161 rursus
674 2120 858 2174 Sequana
882 2123 1122 2162 transeunda
1146 2129 1279 2171 esset,
1312 2130 1354 2162 ut
1385 2123 1458 2163 1106
1489 2130 1597 2163 tutus
1619 2123 1667 2162 ab

184 2188 351 2228 bostium
373 2188 520 2242 impetu
543 2190 732 2237 efficeret,
760 2189 859 2229 banc
881 2190 1075 2231 rationem
1097 2190 1199 2240 iniit,
1224 2203 1323 2242 quae
1346 2204 1380 2229 c.
1403 2188 1459 2229 (10
1475 2192 1664 2231 refertur.

186 2253 287 2296 ‘Sub
306 2270 514 2310 uesperum
532 2257 696 2296 consilio
714 2265 930 2298 conuocato
949 2259 1192 2308 cohortatus,
1212 2264 1255 2297 ut
1272 2270 1333 2307 ea,
1359 2272 1458 2310 quae
1477 2259 1667 2312 imperas-

182 2330 258 2370 set,
284 2324 494 2377 diligenter
514 2324 784 2377 industrieque
806 2326 1145 2375 administrarent,
1169 2339 1307 2373 naues,
1333 2339 1429 2377 quas
1451 2323 1666 2365 Meloduno

182 2391 426 2439 deduxerat,
452 2391 625 2444 singulas
649 2393 845 2444 equitibus
868 2393 1059 2434 Romanis
1081 2393 1260 2433 attribuit
1281 2399 1320 2432 et
1342 2392 1463 2445 prima
1486 2393 1667 2431 confecta

182 2458 314 2510 uigilia
347 2456 403 2499 lV
435 2460 538 2500 milia
570 2474 753 2513 passuum
785 2462 955 2501 secundo
987 2461 1142 2501 flumine
1175 2459 1357 2514 progredi
1380 2459 1508 2512 ibique
1530 2472 1573 2498 56
1596 2472 1666 2498 ex-

181 2526 331 2578 pectari
354 2526 475 2566 iubet.
521 2525 705 2580 Quinque
726 2528 933 2581 cohortes,
958 2542 1053 2582 quas
1076 2529 1233 2568 minime
1256 2528 1385 2567 firmas
1408 2527 1454 2567 ad
1478 2526 1666 2566 dimican-

182 2594 270 2633 dum
293 2608 381 2633 6556
405 2594 670 2644 existimabat,
696 2596 836 2635 castris
855 2597 1049 2649 praesidio
1067 2595 1275 2648 relinquit:
1301 2596 1470 2647 quinque
1493 2593 1665 2633 eiusdem

181 2661 349 2714 legionis
371 2662 542 2715 reliquas
574 2663 620 2703 de
652 2664 777 2703 media
810 2671 925 2704 nocte
957 2678 1043 2704 cum
1077 2663 1256 2703 omnibus
1289 2662 1578 2716 impedimentis
1600 2661 1666 2700 ad-

182 2742 297 2768 uerso
321 2728 477 2770 flumine
499 2745 641 2784 magno
664 2731 832 2771 tumultu
853 2731 1046 2784 proficisci
1067 2731 1248 2784 imperat.
1316 2728 1526 2782 Conquirit
1548 2729 1663 2769 etiam

181 2795 341 2836 lintres:
377 2797 446 2836 has
479 2813 619 2851 magno
652 2800 785 2839 sonitu
815 2812 1012 2838 remorum
1046 2799 1228 2838 incitatas
1259 2798 1299 2837 in
1328 2798 1491 2837 eandem
1513 2803 1662 2850 partem

180 2864 311 2905 mittit.
338 2863 425 2918 lpse
449 2873 535 2919 post
556 2867 670 2920 paulo
693 2868 850 2908 silentio
874 2880 1059 2919 egressus
1082 2880 1167 2906 cum
1190 2865 1312 2905 tribus
1335 2865 1553 2918 legionibus
1576 2878 1661 2904 60111
