1835 3240
110 158 192 200 558
672 162 746 205 DE
778 162 969 206 BELLO
1003 161 1178 207 CIVILI

185 273 361 314 insolens
383 273 474 315 belli
497 275 752 316 diuturnitate
775 277 868 326 otii,
891 276 1103 317 Vticenses
1134 292 1203 331 pro
1226 278 1453 331 quibusdam
1477 277 1661 321 Caesaris

126 340 129 342 ’
184 341 225 381 in
247 355 290 382 se
311 341 509 383 beneficiis
532 343 585 382 illi
608 344 849 394 amicissimi,
875 352 1093 384 conuentus
1115 345 1148 384 is
1165 376 1175 395 ,
1201 346 1265 398 qui
1287 360 1338 386 ex
1361 348 1481 388 uariis
1504 349 1661 401 generi-

134 408 164 450 2
183 409 255 449 bus
277 417 492 459 constaret,
519 417 648 449 terror
670 424 722 450 ex
743 412 1010 464 superioribus
1032 412 1190 465 proeliis
1212 427 1390 466 magnus.
1451 413 1589 468 Itaque
1612 416 1659 455 de

183 477 378 518 deditione
410 490 544 517 omnes
576 478 700 530 palam
732 478 996 532 loquebantur
1017 487 1056 519 et
1078 494 1164 519 cum
1186 478 1231 520 P.
1254 481 1362 521 Attio
1385 483 1575 535 agebant,
1611 497 1660 524 ne

135 543 161 585 3
182 559 255 585 sua
276 544 492 599 pertinacia
513 545 684 585 omnium
706 546 885 587 fortunas
909 547 1129 600 perturbari
1152 547 1284 588 uellet.
1324 547 1434 589 Haec
1457 564 1540 590 cum
1563 565 1655 604 age-

179 620 343 661 rentur,
378 612 504 651 nuntii
527 613 731 666 praemissi
752 614 799 654 ab
821 627 916 668 rege
938 613 1037 655 Iuba
1060 622 1275 664 uenerunt,
1308 616 1372 669 qui
1393 617 1500 656 illum
1522 619 1660 659 adesse

182 694 268 720 cum
291 679 442 732 magnis
466 680 586 734 copiis
610 681 788 721 dicerent
809 689 848 722 et
869 684 915 722 de
937 684 1114 723 custodia
1137 697 1182 723 ac
1205 684 1433 724 defensione
1451 685 1660 727 urbishor-

103 746 160 792 37
183 754 374 788 tarentur.
419 745 532 800 Quae
552 762 617 788 res
641 762 773 789 eorum
797 751 1030 804 perterritos
1053 752 1204 791 animos
1227 752 1489 792 confirmauit.
1545 751 1660 794 Nun-

179 815 378 856 tiabantur
399 815 494 856 haec
516 817 651 857 eadem
674 815 856 868 Curioni,
881 819 949 858 sed
971 819 1207 872 aliquamdiu
1230 820 1323 860 fides
1347 820 1432 860 fieri
1452 834 1531 860 non
1553 827 1660 874 pote-

131 883 159 924 2
180 890 264 923 rat:
293 889 440 923 tantam
464 884 630 926 habebat
652 900 811 926 suarum
833 900 962 926 rerum
986 887 1179 926 fiduciam.
1224 885 1385 940 Iamque
1408 884 1595 929 Caesaris
1617 890 1656 929 in
1692 897 1732 929 10

178 949 371 1004 Hispania
392 965 456 992 res
478 954 674 994 secundae
697 954 736 994 in
750 954 925 994 Africam
949 955 1098 994 nuntiis
1121 962 1159 995 et
1180 955 1324 995 litteris
1343 956 1656 1008 perferebantur.

179 1016 330 1070 Quibus
361 1019 478 1060 rebus
510 1022 688 1062 omnibus
719 1022 896 1062 sublatus
930 1022 1025 1062 nibil
1057 1030 1194 1062 contra
1226 1036 1269 1063 se
1307 1037 1439 1076 regem
1473 1038 1660 1064 ausurum

132 1085 157 1126 3
180 1086 446 1128 existimabat.
491 1086 570 1129 Sed
600 1090 664 1129 ubi
696 1091 815 1130 certis
851 1090 1080 1130 auctoribus
1113 1091 1302 1144 comperit
1337 1091 1462 1132 miuus
1484 1098 1513 1131 V
1535 1099 1574 1132 et
1593 1099 1661 1132 30<

177 1154 334 1194 milibus
365 1155 482 1209 longe
512 1157 559 1196 ab
581 1156 699 1198 Vtica
731 1158 816 1198 eius
848 1159 978 1211 copias
1001 1158 1165 1207 abesse,
1199 1158 1348 1198 relictis
1380 1160 1660 1200 munitionibus

130 1220 158 1260 4
179 1235 267 1262 sese
288 1223 328 1262 in
352 1231 482 1264 castra
506 1221 692 1265 Cornelia
714 1226 878 1278 recepit.
924 1225 1011 1265 Huc
1034 1227 1269 1265 frumentum
1293 1234 1556 1279 comportare,
1595 1242 1660 1268 ca-
1694 1234 1733 1267 15

177 1297 259 1329 stra
282 1291 450 1340 munire,
476 1293 680 1332 materiam
703 1294 883 1333 conferre
907 1294 1034 1347 coepit
1055 1294 1264 1346 statimque
1285 1293 1324 1332 in
1339 1292 1513 1333 Siciliam
1537 1294 1658 1342 misit,

131 1355 157 1396 5
181 1357 235 1396 uti
258 1358 356 1398 duae
378 1358 554 1411 legiones
577 1360 828 1414 reliquusque
861 1362 1054 1413 equitatus
1077 1362 1124 1401 ad
1145 1375 1188 1401 se
1211 1362 1450 1402 mitteretur.
1515 1358 1661 1402 Castra

178 1432 291 1465 erant
321 1426 365 1465 ad
398 1427 541 1467 bellum
573 1429 790 1469 ducendum
822 1430 1022 1483 aptissima
1055 1436 1196 1470 natura
1228 1429 1303 1469 loci
1326 1437 1364 1470 et
1384 1430 1602 1471 munitione
1623 1437 1661 1470 et

176 1494 295 1534 maris
319 1496 608 1550 propinquitate
632 1504 671 1537 et
692 1511 816 1551 aquae
840 1504 877 1537 et
898 1498 992 1539 salis
1017 1499 1153 1552 copia,
1188 1498 1298 1537 cuius
1330 1512 1472 1552 magna
1504 1498 1562 1538 uis
1583 1498 1659 1538 iam

129 1559 156 1601 6
180 1575 231 1602 ex
254 1563 444 1616 proximis
477 1572 562 1605 erat
593 1566 731 1606 salinis
761 1580 806 1606 eo
830 1573 1035 1619 congesta.
1098 1565 1193 1606 Non
1223 1565 1384 1606 materia
1415 1566 1661 1606 multitudiue
1692 1573 1734 1607 20

175 1630 376 1681 arborum,
401 1645 480 1671 non
502 1633 756 1681 frumentum,
783 1634 890 1674 cuius
907 1634 1246 1687 erautplenissimi
1261 1634 1361 1687 agri,
1388 1634 1553 1674 deficere
1575 1640 1660 1687 pot-

177 1705 278 1739 erat.
340 1697 480 1753 Itaque
517 1701 687 1741 omnium
730 1716 891 1742 suorum
932 1715 1128 1742 consensu
1161 1699 1284 1742 Curio
1324 1702 1496 1754 reliquas
1527 1701 1658 1754 copias

97 1764 156 1809 38
177 1774 391 1820 expectare
414 1775 452 1808 et
474 1768 615 1809 bellum
640 1770 782 1810 ducere
804 1770 979 1823 parabat.
1034 1769 1107 1810 His
1131 1770 1357 1810 constitutis
1379 1769 1495 1809 rebus
1518 1769 1659 1823 proba-

176 1834 304 1887 tisque
327 1836 502 1876 consiliis
525 1850 577 1876 ex
599 1837 772 1891 perfugis
795 1838 1022 1890 quibusdam
1045 1838 1248 1891 oppidanis
1271 1836 1523 1877 auditlubam
1544 1850 1660 1877 reuo-

176 1909 307 1942 catum
339 1903 501 1943 finitimo
532 1904 634 1945 bello
668 1912 706 1945 et
736 1905 1023 1945 controuersiis
1056 1904 1361 1958 Leptitanorum
1390 1904 1587 1945 restitisse
1617 1903 1659 1944 in
1688 1911 1731 1946 25

173 1984 297 2024 reguo
312 2001 322 2019 ,
349 1969 564 2012 Saburram
581 2004 591 2022 ,
616 1973 701 2013 eius
725 1974 963 2027 praefectum
980 2004 990 2023 ,
1030 1988 1115 2013 cum
1138 1973 1401 2013 mediocribus
1423 1972 1544 2026 copiis
1566 1971 1659 2012 mis-

125 2038 153 2080 2
174 2052 258 2078 sum
282 2038 423 2080 Vticae
445 2041 773 2095 appropinquare.
829 2040 903 2081 His
925 2041 1151 2081 auctoribus
1176 2049 1321 2082 temere
1345 2041 1508 2081 credens
1531 2039 1660 2080 consi-

173 2107 266 2147 lium
291 2116 503 2148 commutat
525 2116 564 2148 et
585 2109 734 2163 proelio
756 2123 838 2149 rem
862 2110 1107 2149 committere
1130 2109 1348 2149 constituit.
1409 2106 1580 2148 Multum
1611 2108 1659 2147 ad

174 2174 273 2215 hauc
296 2189 376 2216 rem
401 2176 637 2229 probandam
661 2177 821 2218 adiuuat
842 2177 1107 2217 adolescentia
1124 2209 1133 2227 ‚
1166 2176 1392 2230 magnitudo
1414 2175 1556 2224 animi,
1591 2189 1657 2215 su-

126 2241 152 2281 3
175 2242 342 2296 perioris
365 2245 550 2299 temporis
572 2252 803 2300 prouentus,
829 2244 969 2286 fiducia
990 2245 1049 2286 rei
1069 2245 1168 2286 bene
1190 2245 1401 2300 gerendae.
1445 2242 1518 2284 His
1541 2241 1655 2283 rebus
1688 2250 1730 2282 30

1687 558 1705 591 ΕΛ

317 2406 330 2438 1
354 2407 515 2439 insollers
536 2407 568 2439 b.
741 2407 805 2439 ocii
824 2417 858 2439 α.
1044 2409 1065 2443 2
1083 2408 1111 2439 is
1133 2406 1316 2445 Grutemm,
1338 2405 1404 2437 sia
1419 2405 1435 2436 b
1450 2404 1510 2436 od.

173 2456 194 2487 4
212 2465 325 2487 omnes
344 2458 490 2499 inpalam
504 2469 525 2489 a
539 2460 597 2489 be.
739 2458 758 2490 6
777 2459 896 2490 adesse
916 2469 991 2490 cum
1009 2459 1138 2498 maguIS
1157 2456 1261 2499 copiis
1280 2467 1300 2487 α
1313 2457 1342 2495 b,
1364 2466 1438 2487 cum
1458 2455 1587 2495 magnis
1600 2465 1655 2487 co-

173 2506 237 2547 piis
259 2507 382 2538 adesse
402 2518 437 2538 u.
593 2509 611 2541 9
631 2509 831 2551 aliquandiu
848 2519 882 2540 a.
1049 2509 1083 2540 11
1107 2514 1191 2547 eta,
1213 2517 1252 2538 ac
1271 2506 1348 2538 edd.
1492 2507 1533 2538 12
1552 2506 1653 2537 rebus

172 2558 327 2589 omnibus
346 2568 378 2597 α,
401 2559 555 2591 omnibus
575 2561 675 2592 rebus
693 2560 772 2592 edd.
927 2570 1089 2592 ausurum
1109 2560 1317 2598 Vossianus,
1340 2559 1489 2590 nisurum
1508 2559 1651 2600 reliqui.

319 2609 357 2641 13
375 2620 406 2640 v.
430 2620 493 2641 Lxx
512 2620 547 2641 a.
690 2612 729 2643 15
749 2611 907 2642 Cornelia
925 2612 1014 2652 abe,
1035 2611 1240 2643 Corneliana
1260 2622 1292 2642 ιι.
1437 2611 1475 2642 17
1496 2611 1655 2652 reliquis-

173 2670 236 2699 que
255 2670 288 2699 α,
310 2660 499 2702 reliquique
520 2661 551 2692 I).
714 2662 936 2693 mitterentur
955 2662 986 2692 b.
1151 2661 1191 2693 18
1213 2661 1278 2692 loci
1298 2666 1332 2693 et
1348 2660 1600 2701 Mar-lelandus,
1621 2665 1655 2692 et

172 2711 237 2741 loci
256 2711 357 2742 codd.
521 2712 710 2743 mutatione
730 2715 813 2744 ante
832 2722 924 2744 corr.
945 2723 979 2743 α.
1143 2712 1185 2744 20
1205 2722 1242 2743 ca
1263 2723 1282 2743 α
1297 2714 1329 2744 b.
1492 2712 1534 2745 23
1554 2722 1656 2753 expe-

173 2769 268 2795 ctare
287 2773 322 2794 a.
483 2765 527 2798 24
546 2763 699 2805 profugis
721 2765 749 2795 b.
912 2765 954 2798 26
976 2763 1159 2795 Saburram
1181 2765 1309 2806 ubique
1326 2774 1347 2795 a
1367 2768 1403 2795 et
1421 2765 1516 2795 ‘yn-ss.
1537 2773 1655 2794 omnes

172 2815 232 2845 liic
250 2817 285 2844 et
302 2813 433 2856 insra',
464 2816 548 2845 ilem
566 2814 723 2856 Appz'an.
753 2815 783 2846 b.
805 2816 875 2846 cin.
894 2814 949 2854 II,
970 2815 1032 2855 453
1065 2814 1230 2846 Suburam
1250 2817 1379 2858 ubique
1397 2826 1438 2855 u,
1462 2817 1502 2846 ut
1517 2813 1652 2846 Lucan.

172 2864 233 2906 Jl‘,
255 2865 332 2899 722.
472 2865 515 2900 28
534 2870 644 2898 mutat
661 2866 694 2898 b.
834 2865 876 2900 29
896 2865 1083 2908 superioris
1103 2865 1204 2898 animi
1223 2876 1257 2900 α.
