1835 3240
709 172 1108 213 *73—

164 288 299 340 Itaque
323 285 499 326 nonnulli
522 285 617 325 haec
640 284 761 324 uerba
783 294 1069 339 separauerunt
1093 292 1131 326 et
1162 288 1454 327 ‘cunctatione'
1490 290 1534 328 ad
1560 304 1647 330 uer-

165 356 254 395 bum
278 353 531 393 ‘effecissent'
554 352 679 392 relata
713 353 923 405 ‘opinione
948 354 1163 393 timidiores
1189 353 1340 392 hostes*
1372 355 1444 394 dici
1469 357 1648 396 arbitrati

164 429 279 471 sunt,
315 422 376 474 qui
410 421 449 460 iu
481 420 656 469 maiore,
692 434 805 472 quam
840 421 926 473 quis
961 421 1143 474 opinatus
1166 429 1277 470 erat,
1304 421 1441 461 timore
1465 423 1645 462 fuissent.

164 488 315 530 Verum
340 488 409 527 liae
431 488 585 527 ratione
608 494 646 527 et
668 488 856 540 particula
881 489 1104 542 copulatiua
1130 489 1285 541 ‘atque’
1311 488 1523 528 omittenda
1548 496 1646 539 erat,

164 563 355 597 ettamen
386 570 429 596 re
452 569 547 595 uera
570 554 692 594 timidi
725 555 857 596 hostes
882 556 1121 597 dicerentur.
1185 556 1488 609 Comparatiuus
1521 563 1650 596 autem

167 623 429 673 ‘timidiores',
456 636 697 674 quocumque
715 624 827 663 modo
851 624 1003 676 reliqua
1021 624 1143 664 uerba
1166 624 1270 663 dicta
1292 624 1476 676 accipies,
1501 624 1651 663 incom-

163 692 301 731 modus
325 698 407 731 est:
445 689 507 742 qui
540 690 643 729 enim
666 690 790 730 timidi
814 692 972 731 omnino
996 706 1072 731 non
1097 698 1233 738 erant,
1268 705 1317 730 ne
1349 691 1475 731 uideri
1498 692 1651 744 quidem

164 759 379 799 timidiores
402 764 608 811 poterant,
640 757 710 797 sed
740 758 862 798 timidi
886 766 1053 798 tantum.
1096 758 1201 799 Nam
1225 759 1324 811 quod
1349 757 1652 799 Bauinstarkius

165 826 379 866 timidiores
395 856 404 874 ,
430 839 544 878 quam
568 825 650 865 lieri
673 825 821 874 soleat,
847 826 921 865 dic-i
943 828 1116 879 putauit,
1150 833 1257 867 recte
1280 824 1548 866 Schneiderus
1571 841 1652 866 mo-

164 893 248 932 nuit
270 892 403 932 eadem
427 893 626 933 sententia
648 893 867 933 timidiores
891 901 930 934 et
951 895 1163 934 alacriores
1195 895 1512 947 interpretandos
1545 909 1650 946 esse,

165 975 251 1000 cum
262 960 474 1000 alterorum
490 960 675 1000 timiditas
687 975 772 1000 cum
785 961 987 1001 alacritate
1001 963 1213 1002 alterorum
1228 969 1492 1015 comparetur,
1509 963 1653 1002 ethaeo

162 1028 229 1068 illa
250 1035 364 1068 aucta
387 1028 552 1068 dicatur.
589 1027 726 1081 Itaque
744 1043 829 1068 cum
851 1029 891 1068 iu
915 1029 987 1069 hoc
1011 1031 1277 1083 comparatiuo
1302 1029 1386 1069 uitii
1409 1030 1539 1069 sedem
1563 1043 1653 1070 esse

164 1103 313 1136 certum
337 1096 412 1146 sit,
446 1097 585 1137 melius
616 1096 788 1136 inueniri
821 1097 916 1136 nihil
946 1104 1100 1150 potest,
1137 1111 1250 1150 quam
1282 1097 1382 1149 quod
1405 1111 1424 1136 a
1451 1095 1653 1150 Stephano

165 1166 308 1206 editum
331 1165 397 1206 alii
418 1165 493 1204 iani
517 1164 809 1218 probauerunt:
838 1169 947 1204 ‘cum
970 1179 1040 1204 sua
1063 1165 1311 1205 cunctatione
1331 1172 1448 1218 atque
1471 1164 1655 1218 opinione

164 1234 316 1274 timoris
348 1234 483 1273 hostes
518 1239 676 1272 nostros
699 1232 917 1273 alacriores
941 1233 986 1272 ad
1011 1234 1257 1287 pugnandum
1284 1233 1545 1281 effecissent',
1581 1231 1653 1272 hoc

165 1308 226 1341 est
247 1300 429 1355 opinione
452 1301 621 1348 timoris,
647 1315 760 1354 quam
784 1300 919 1340 hostes
942 1300 1196 1354 praebebant,
1223 1307 1263 1340 ut
1291 1300 1354 1350 17,
1379 1299 1420 1339 6.
1446 1299 1524 1350 25,
1552 1299 1572 1339 l
1599 1299 1654 1339 di-

166 1368 282 1408 citur.
327 1366 441 1420 Quae
463 1369 686 1408 emendatio
709 1382 796 1407 cum
818 1368 864 1407 ab
888 1368 991 1408 omni
1015 1375 1125 1421 parte
1151 1368 1395 1417 satisfaciat,
1429 1368 1653 1408 litterarum

167 1436 377 1476 discrimen
402 1449 479 1475 non
501 1435 598 1475 adeo
622 1436 740 1475 anxie
764 1434 1050 1487 exquirendum
1083 1441 1157 1475 est.
1210 1434 1264 1474 Et
1299 1435 1455 1489 ‘opinio
1479 1435 1653 1475 timoris'

166 1504 264 1556 apud
289 1501 502 1543 Caesarem
525 1502 682 1556 saepius
706 1502 876 1556 legitur,
915 1502 1024 1542 uelut
1046 1503 1126 1543 hui.
1152 1503 1220 1542 lib.
1247 1502 1315 1553 17,
1349 1501 1390 1542 6.
1419 1501 1495 1553 18,
1533 1501 1572 1541 1.
1599 1500 1651 1551 V,

165 1569 234 1619 57,
274 1569 315 1609 4.

276 1702 369 1744 Lib.
395 1702 469 1751 IV,
498 1703 544 1753 1,
580 1704 633 1745 10
664 1705 760 1745 haec
782 1704 821 1744 in
846 1705 958 1745 codd.
984 1704 1192 1758 leguntur:
1242 1705 1399 1759 ‘Atque
1422 1706 1461 1747 in
1495 1719 1579 1746 eam
1613 1720 1656 1746 se

165 1772 487 1812 consuetudinem
519 1773 791 1823 adduxerunt,
833 1781 876 1813 ut
905 1773 1002 1813 locis
1036 1773 1299 1827 frigidissimis
1332 1788 1456 1827 neque
1489 1774 1655 1814 uestitus

164 1847 322 1894 praeter
353 1840 473 1894 pelles
506 1840 696 1881 haberent
726 1841 957 1894 quicquam,
1003 1855 1163 1894 quorum
1199 1849 1358 1895 propter
1397 1843 1654 1896 exiguitatem

163 1922 306 1960 magna
329 1915 389 1947 est
411 1909 586 1962 corporis
610 1924 698 1967 pars
722 1916 858 1963 aperta
873 1941 882 1959 ,
917 1917 953 1950 et
974 1910 1160 1949 lauantur
1181 1910 1220 1949 in
1245 1910 1498 1950 fluminibus'.
1544 1908 1656 1962 Quae

165 1990 251 2016 cum
275 1976 368 2016 ferri
391 1991 468 2016 nou
492 1983 668 2030 possent,
695 1977 740 2017 ab
765 1977 943 2017 omnibus
978 1978 1175 2017 ‘habeant'
1199 1978 1388 2032 scriptum
1412 1985 1497 2025 est,
1531 1985 1568 2019 et
1591 1978 1655 2018 de-

164 2043 253 2084 inde
275 2044 412 2098 partim
449 2045 679 2085 ‘lauentur'
711 2053 929 2098 posuerunt
948 2078 956 2093 ,
992 2045 1132 2100 partim
1157 2047 1382 2086 ‘lauautur'
1405 2046 1657 2086 retinuerunt

165 2125 329 2165 eumque
352 2112 647 2153 coniunctiuum
680 2126 702 2152 a
734 2114 946 2154 ‘lauendo'
977 2113 1213 2154 declinatum
1237 2128 1325 2155 esse
1348 2116 1650 2155 contenderunt.

166 2177 314 2220 Verum
340 2179 503 2221 ‘lauere'
528 2186 666 2235 poe'tae
690 2181 893 2231 dixerunt,
919 2181 1133 2235 scriptores
1155 2182 1183 2222 ii
1206 2189 1373 2233 tantum,
1399 2184 1460 2236 qui
1478 2180 1655 2224 Caesare

164 2254 255 2287 sunt
277 2248 536 2300 antiquiores,
564 2256 607 2289 ut
630 2247 747 2290 Cato.
786 2249 881 2289 Vid.
906 2248 1149 2289 Ramshorn.
1175 2265 1341 2303 gramm.
1366 2266 1404 2305 p.
1429 2251 1527 2292 207.
1552 2250 1656 2293 Var-

162 2329 207 2355 ro
223 2346 233 2365 ,
268 2323 307 2355 ut
340 2316 588 2369 antiquarius
606 2348 616 2367 ,
651 2318 832 2370 antiquos
855 2317 895 2357 in
917 2317 989 2357 hac
1012 2332 1164 2371 quoque
1187 2332 1230 2358 re
1252 2327 1411 2360 secutus
1436 2327 1510 2360 est.
1577 2318 1657 2360 Sed

162 2384 429 2424 recentiorum
461 2385 773 2438 antiquariorum
808 2385 989 2438 princeps
1021 2392 1136 2438 atque
1170 2386 1336 2440 signifer
1357 2386 1533 2438 Fronto,
1570 2402 1656 2428 cum

164 2451 211 2490 ad
232 2450 291 2491 M.
318 2449 437 2493 Caes.
463 2449 538 2503 IV,
564 2452 588 2493 3
612 2455 670 2506 (p.
695 2452 749 2493 97
772 2455 834 2494 ed.
859 2452 1001 2506 Rom.)
1026 2453 1121 2493 baec
1143 2454 1309 2494 scribit:
1347 2455 1535 2496 ‘lacrimis
1560 2469 1655 2496 uero

164 2533 286 2573 genas
309 2519 443 2560 lauere
467 2521 607 2571 dicam,
633 2522 869 2561 uestimenta
883 2528 1011 2562 autem
1034 2521 1183 2571 lauare,
1202 2523 1456 2574 nonlauere',
1483 2524 1656 2563 hocuer-

165 2585 253 2625 bum
276 2595 382 2628 certe
405 2588 556 2628 altioris
589 2589 750 2642 spiritus
784 2603 871 2630 esse
893 2590 1089 2644 agnoscit.
1152 2588 1288 2642 Itaque
1322 2590 1394 2630 hoc
1426 2607 1445 2629 a
1479 2588 1656 2630 Caesare

167 2652 334 2694 alienum
356 2662 430 2695 est.
476 2655 604 2697 Multo
627 2664 758 2697 autem
783 2658 953 2707 facilius,
979 2673 1091 2710 quam
1117 2658 1330 2698 ‘habeant’
1362 2665 1401 2698 et
1426 2658 1652 2707 ‘lauentur',

167 2727 323 2761 retento
348 2723 562 2764 ‘haberent'
586 2738 638 2764 ex
662 2725 875 2766 ‘lauantur'
899 2726 1071 2766 efficitur
1096 2726 1327 2776 ‘laua'ntur',
1354 2727 1425 2766 hoc
1448 2733 1509 2766 est
1533 2726 1654 2765 ‘laua-

168 2789 342 2838 rentur',
375 2792 477 2843 quod
505 2798 544 2830 et
565 2791 927 2834 Weissenbornius
958 2795 998 2834 in
1021 2792 1186 2847 Bergkii
1218 2801 1257 2833 et
1279 2791 1467 2834 Caesaris
1500 2793 1652 2846 cpllem.

171 2868 208 2894 a.
234 2854 342 2896 1845
365 2871 402 2910 p.
428 2858 480 2899 54
502 2860 812 2911 commendauit,
848 2869 886 2901 et
908 2858 1152 2902 Schneidero
1183 2861 1260 2901 iam
1281 2862 1321 2902 in
1345 2868 1511 2901 mentem
1534 2873 1655 2900 uene·
