1835 3240
701 166 1127 208 —139—

167 291 389 326 uenturum.
442 278 568 321 Simul
591 294 613 321 a
635 280 802 321 tribunis
825 281 989 321 militum
1013 281 1390 336 centurionibusque
1410 294 1564 328 mutuas
1588 303 1652 342 pc-

166 351 300 393 cunias
322 349 504 403 sumpsit,
530 349 599 389 has
623 349 817 389 exercitui
839 349 1050 390 distribuit.
1100 348 1190 402 Quo
1221 351 1323 390 facto
1356 352 1450 392 duas
1473 368 1538 395 res
1561 370 1652 396 con—

166 425 325 460 secutus
348 424 434 467 est,
469 417 572 471 qnod
603 417 766 471 pignore
798 418 950 458 animos
973 418 1247 458 centurionum
1272 419 1453 460 deuinxit
1474 429 1513 461 et
1533 423 1652 478 largi-

165 487 272 527 tione
293 486 458 526 militum
480 487 705 526 uoluntates
730 486 923 526 redemit’.
974 485 1049 526 Hic
1069 485 1204 540 inepte
1226 483 1395 538 Caesar,
1419 488 1654 543 simulatque

162 554 394 608 Pompeium
416 568 487 608 per
507 552 792 593 Mauritaniam
815 554 1073 594 aduentnrum
1096 554 1292 605 audierit,
1323 556 1508 610 pecunias
1540 572 1559 598 a
1584 560 1654 598 tri-

162 625 277 666 hunis
300 621 673 674 centurionibusque
696 629 849 662 mutuas
872 622 1090 676 sumpsisse
1121 622 1264 663 dicitur
1279 653 1289 673 ,
1329 624 1441 679 quasi
1464 625 1566 665 fama
1587 626 1654 666 illa

163 693 278 733 buius
299 692 359 732 rei
381 704 540 732 causam
562 689 776 730 attulisset.
827 689 932 730 Nam
964 690 998 730 si
1019 688 1249 744 Pompeium
1282 692 1500 733 aduentare
1529 694 1655 734 credi-

164 761 302 808 disset,
326 760 365 800 id
386 766 477 799 ante
500 758 630 798 omnia
652 771 812 798 mouere
835 758 1026 808 debebat,
1059 765 1102 798 ut
1131 759 1262 812 plures
1294 759 1474 814 legiones
1505 761 1546 801 in
1582 761 1654 802 Hi-

163 828 338 883 spaniam
357 827 583 877 adduceret,
608 826 672 866 illa
685 839 767 877 res,
792 833 836 866 ut
847 827 1050 866 exercitus
1074 826 1225 868 animos
1248 827 1322 867 sibi
1344 829 1589 877 conciliaret,
1613 838 1656 870 ut

161 898 211 939 ad
232 904 357 937 totum
377 895 520 936 bellum
542 894 665 944 utilis,
690 894 744 934 ita
766 893 805 933 in
828 895 1001 936 aduentu
1021 894 1201 949 Pompeii
1222 896 1377 937 infirma
1400 905 1500 938 erat.
1532 896 1655 951 Atqui

162 966 290 1006 famae
310 964 367 1004 illi
388 977 437 1004 ne
460 963 675 1003 credidisse
698 962 855 1018 quidem
878 959 1093 1004 Caesarem
1126 964 1343 1005 uerisimile
1373 972 1456 1015 est,
1492 966 1559 1019 qui
1589 980 1654 1006 co-

163 1035 271 1088 gnita
295 1033 495 1087 copiarum
516 1030 696 1085 Pompeii
713 1031 942 1072 infirmitate
973 1040 1013 1072 et
1033 1031 1212 1087 longiore
1235 1033 1362 1086 spatio
1385 1033 1431 1074 ad
1454 1034 1655 1074 instruen-

162 1103 250 1142 dum
282 1101 425 1141 bellum
461 1100 496 1140 ei
519 1114 615 1153 opus
639 1113 726 1140 esse
749 1099 873 1140 sciret
894 1106 958 1148 et,
994 1099 1028 1139 si
1051 1101 1259 1141 confestim
1282 1115 1351 1154 per
1371 1099 1654 1142 Mauritaniam

161 1168 368 1224 Hispaniis
401 1166 614 1208 subuenire
642 1167 860 1216 uoluisset,
894 1181 972 1207 non
994 1169 1035 1207 in
1057 1166 1291 1219 Graeciam,
1323 1170 1389 1210 sed
1413 1170 1453 1209 in
1475 1169 1654 1210 Africam

160 1238 416 1278 traiecturum
440 1237 562 1276 fuisse
582 1243 799 1289 reputaret.
854 1233 1008 1276 Contra
1039 1237 1079 1276 in
1110 1235 1279 1277 Graecia
1311 1250 1397 1277 eum
1428 1252 1655 1278 mansurum

162 1302 377 1345 Caesarem
399 1304 645 1358 praeuidisse
668 1304 766 1344 satis
789 1318 842 1344 ex
862 1304 926 1354 iis,
953 1317 1051 1359 quae
1073 1319 1132 1345 cc.
1156 1304 1211 1346 25
1235 1313 1272 1345 et
1294 1304 1348 1346 29
1371 1306 1544 1360 scripsit,
1569 1321 1658 1361 per-

163 1373 345 1427 spicitur.
380 1370 495 1424 Quod
517 1372 549 1412 si
575 1371 694 1411 uerba
717 1372 763 1412 de
786 1372 1063 1424 expectatione
1086 1374 1279 1413 aduentus
1302 1372 1477 1428 Pompeii
1501 1375 1562 1415 hic
1585 1375 1657 1415 tol-

166 1443 316 1490 luntur,
342 1441 484 1493 optime
509 1440 659 1491 reliquo
683 1436 868 1479 Caesaris
891 1440 1091 1493 apparatui
1114 1440 1380 1494 subiungitur,
1405 1443 1656 1495 quemadmo-

163 1510 250 1548 dum
274 1508 426 1548 animos
449 1507 612 1547 militum
634 1506 707 1546 sibi
732 1508 968 1547 conciliarit.
1021 1505 1161 1561 Itaque
1186 1514 1195 1532 ⁴
1211 1509 1433 1550 audierant'
1467 1511 1655 1564 scriptum

162 1583 278 1628 atque
301 1576 401 1614 hanc
424 1575 731 1614 enuntiationem
756 1582 843 1627 post
865 1576 1027 1628 primam
1051 1577 1089 1616 h.
1115 1591 1149 1616 c.
1175 1577 1404 1630 §.positam
1426 1578 1547 1619 fuisse
1571 1579 1657 1619 exi-

162 1643 292 1682 stimo.
343 1641 513 1682 Afranio
545 1641 646 1682 enim
679 1649 797 1695 atque
818 1641 977 1683 Petreio
1011 1644 1108 1684 haec
1137 1645 1240 1685 fama
1269 1645 1439 1685 animum
1460 1647 1653 1687 addebat:

159 1710 279 1764 iique,
305 1724 391 1750 cum
414 1724 480 1751 res
503 1717 619 1763 atque
642 1711 894 1751 condiciones
917 1710 1095 1765 Pompeii
1116 1712 1247 1753 minus
1270 1715 1449 1768 cognitas
1469 1714 1659 1755 haberent

162 1785 278 1831 atque
301 1778 417 1818 etiam
441 1779 487 1819 de
509 1792 671 1819 suarum
694 1779 861 1832 partium
896 1781 1080 1821 secundis
1112 1780 1228 1822 rebus
1252 1782 1406 1822 facilius
1430 1783 1654 1832 crederent,

159 1847 271 1888 fidem
295 1846 331 1887 ei
354 1846 499 1888 habere
522 1853 718 1901 poterant.
775 1844 964 1888 Ceterum
999 1848 1096 1888 haec
1125 1849 1248 1889 uerba
1280 1849 1351 1890 hac
1373 1851 1420 1892 de
1443 1865 1563 1891 causa
1584 1851 1658 1892 huc

160 1922 442 1969 peruenerunt.
492 1914 599 1955 Nam
634 1929 719 1955 cum
751 1922 840 1968 post
861 1915 1023 1969 primam
1046 1917 1079 1970 ἓ
1104 1917 1250 1958 omissa
1273 1925 1313 1958 et
1333 1918 1371 1957 in
1394 1920 1572 1973 margine
1595 1933 1658 1960 es-

162 1991 251 2025 sent
273 1984 469 2038 suppleta,
494 1985 804 2038 ascriptumque‚
831 1992 874 2025 ut
895 1993 983 2039 post
1004 1985 1126 2026 uerba
1151 1984 1206 2027 ‘V
1219 1985 1339 2026 milia'
1362 1986 1655 2035 insererentur,

160 2052 248 2106 quia
270 2052 318 2092 ad
341 2053 456 2092 finem
479 2052 642 2093 alterius
657 2054 694 2107 §-
711 2053 805 2093 item
827 2053 1072 2094 millenarius
1096 2068 1285 2096 numerus
1308 2055 1527 2109 legebatur,
1545 2070 1657 2109 quem

157 2120 212 2160 ibi
235 2121 436 2161 excidisse
456 2121 691 2171 uidebimus,
717 2135 856 2162 errore
878 2121 931 2162 ibi
954 2129 1048 2162 sunt
1069 2122 1278 2163 collocata.

272 2188 335 2229 De
368 2186 557 2230 Caesaris
590 2197 721 2231 autem
744 2190 866 2244 copiis
890 2191 927 2244 ξ.
952 2189 979 2230 2
1001 2190 1098 2230 haec
1121 2190 1313 2234 edunturx
1342 2189 1513 2233 ‘Caesar
1532 2192 1657 2248 legio-

159 2270 229 2297 nes
251 2257 291 2297 in
314 2256 549 2311 Hispaniam
571 2258 847 2312 praemiserat,
873 2259 921 2298 ad
944 2256 1002 2298 VI
1024 2259 1129 2299 milia
1151 2260 1298 2300 auxilia
1320 2261 1490 2314 peditum
1506 2292 1517 2311 ‚
1552 2260 1657 2314 equi-

161 2331 241 2365 tum
262 2323 323 2365 III
344 2326 448 2366 milia
464 2357 474 2376 ,
508 2340 607 2379 quae
640 2327 819 2366 omnibus
849 2326 1122 2381 superioribus
1143 2327 1257 2368 bellis
1281 2328 1495 2378 habuerat,
1531 2335 1570 2369 et
1589 2342 1658 2382 pa-

159 2406 240 2433 rem
265 2407 317 2433 ex
340 2392 471 2434 Gallia
493 2409 714 2445 numerum,
730 2395 939 2449 quemipse
962 2403 1188 2449 parauerat,
1206 2397 1435 2437 nominatim
1458 2411 1510 2437 ex
1532 2396 1657 2437 omni·

163 2459 235 2500 bus
267 2461 491 2503 ciuitatibus
524 2462 770 2503 nobilissimo
802 2470 842 2503 et
873 2463 1090 2503 fortissimo
1130 2479 1282 2517 quoque
1315 2472 1497 2505 euocato.
1551 2464 1655 2505 Hinc

164 2528 296 2580 optimi
328 2530 487 2582 generis
510 2530 711 2571 hominum
742 2545 796 2571 ex
822 2530 1034 2585 Aquitanis
1065 2533 1363 2586 montanisque,
1397 2533 1461 2586 qui
1485 2531 1654 2573 Galliam

164 2595 404 2646 prouinciam
427 2599 655 2652 attingunt’.
702 2597 851 2640 Omnes
874 2599 937 2640 hic
960 2599 1093 2654 copias
1116 2601 1357 2651 enumerari,
1383 2615 1480 2654 quas
1504 2598 1656 2641 Caesar

164 2660 237 2701 hoc
261 2662 360 2704 bello
381 2665 422 2705 in
445 2666 638 2721 Hispania
658 2667 857 2717 habuerit,
882 2668 946 2708 uel
966 2668 1055 2708 ideo
1077 2669 1328 2710 statuendum
1347 2676 1422 2718 est,
1439 2669 1540 2721 quod
1562 2681 1654 2708 suas

165 2728 297 2781 copias
320 2744 405 2772 cum
426 2734 583 2774 Afranii
606 2742 722 2788 atque
742 2734 895 2776 Petreii
917 2736 1039 2790 copiis
1062 2745 1275 2792 comparat.
1309 2735 1446 2790 Itaque
1468 2749 1654 2776 numerus

164 2794 362 2849 legionum
384 2813 462 2841 non
483 2810 640 2856 poterat
661 2803 804 2845 omitti.
839 2802 949 2856 Quot
970 2812 1102 2845 autem
1134 2805 1312 2859 legiones
1336 2803 1489 2846 Caesar
1519 2805 1559 2844 in
1580 2802 1654 2844 Hi-

164 2865 300 2917 spania
323 2864 594 2926 hahuerit,fjex
615 2871 766 2913 duobus
788 2872 886 2914 locis
908 2873 1123 2927 colligitur.
1159 2871 1209 2914 C.
1235 2873 1339 2914 enim
1360 2873 1430 2924 41,
1456 2886 1542 2914 cum
1564 2885 1655 2926 pro·
