1835 3240
725 188 1150 230 —116—

198 302 321 342 cultas
342 326 398 331 —
420 301 576 341 tardare
597 301 743 355 posset'
773 303 869 342 hacc
900 315 952 341 ex
983 300 1168 343 Caesaris
1199 309 1329 343 mente
1361 302 1556 343 declarata
1589 317 1677 344 esse

197 370 454 410 demonstret.
527 366 748 409 Secundum
791 369 1006 421 scripturas
1045 370 1223 409 binorum
1264 371 1470 423 utriusque
1513 371 1680 411 familiae

196 439 329 486 codd.,
363 435 493 489 Bong.
528 450 587 489 pr.
621 435 716 476 Par.
744 450 800 489 pr.
827 433 921 474 Par.
956 449 1036 474 sec.
1061 435 1193 476 Hann.
1229 451 1307 490 pr„
1340 438 1396 477 ita
1417 438 1512 478 baec
1536 438 1682 478 consti-

196 506 339 546 tuenda
362 511 499 545 erant:
529 502 605 544 ‘Ita
637 517 722 542 cum
746 503 883 556 palude
913 502 1098 555 impedita
1120 517 1143 542 a
1165 504 1306 543 castris
1336 511 1465 544 castra
1487 506 1603 545 diuidi
1627 505 1682 545 ui-

197 572 342 621 deret⁷,
378 585 475 625 quae
499 571 737 622 reliquorum
772 582 922 621 quoque
944 569 1055 609 codd.
1077 570 1296 623 scripturae
1319 571 1462 624 optime
1495 573 1681 613 conueni-

196 647 282 690 unt,
306 639 339 679 si
358 646 484 679 tamen
508 643 692 676 accurate
713 637 879 676 relatum
902 643 964 676 est
984 637 1031 676 de
1053 637 1246 678 omnibus.

310 704 359 746 C.
386 704 450 753 15,
475 703 498 742 5
521 704 559 743 in
582 703 747 756 integris
770 704 881 743 codd.
898 704 993 743 haec
1009 703 1209 758 leguntur:
1237 704 1473 755 ‘Bellouaci,
1498 720 1584 745 cum
1601 704 1681 745 Ro-

195 788 333 815 manos
363 774 410 813 ad
443 771 726 823 insequendum
758 778 916 824 paratos
957 771 1140 812 uiderent
1178 787 1301 826 neque
1341 779 1577 827 pernoctare
1616 781 1681 813 aut

194 842 335 882 diutius
359 851 589 893 permanere
611 838 697 878 sine
719 839 890 892 periculo
914 839 1048 878 eodem
1072 839 1158 879 loco
1181 848 1357 894 possent,
1382 840 1460 880 tale
1477 840 1678 880 consilium

192 909 251 948 sui
273 906 484 959 recipiendi
509 913 711 958 ceperunt.
760 905 928 956 Fasces,
951 913 994 946 ut
1016 915 1304 948 consueuerant
1325 910 1511 962 (namque
1532 908 1573 948 in
1595 908 1680 948 acie

192 976 330 1015 sedere
361 972 498 1013 Gallos
531 987 744 1012 consuesse
776 974 1043 1027 superioribus
1075 976 1367 1016 commentariis
1403 974 1591 1016 Caesaris
1615 976 1678 1015 de-

192 1044 381 1082 claratum
405 1043 499 1091 est),
532 1054 602 1093 per
633 1055 771 1080 manus
794 1049 1096 1081 stramentorum
1128 1056 1173 1082 ac
1205 1043 1488 1094 uirgultorum,
1514 1057 1676 1095 quorum

192 1123 340 1150 summa
364 1115 449 1148 erat
469 1108 507 1147 iu
531 1108 672 1148 castris
695 1109 805 1162 copia
821 1141 829 1156 ,
861 1109 968 1149 inter
991 1122 1035 1148 se
1058 1109 1217 1150 traditos
1241 1118 1332 1150 ante
1355 1111 1478 1150 aciem
1510 1111 1679 1150 colloca-

189 1184 282 1218 runt
311 1183 567 1228 extremoqne
597 1182 770 1228 tempore
801 1175 875 1215 diei
906 1176 1019 1230 signo
1040 1178 1293 1230 pronuntiato
1316 1192 1394 1217 uno
1427 1185 1598 1230 tempore
1619 1178 1679 1217 in-

192 1244 436 1285 cenderunt).
491 1242 567 1283 Hic
598 1243 719 1283 uerba
754 1248 936 1296 ‘namque
965 1245 1004 1284 in
1030 1245 1112 1284 acie
1135 1244 1274 1284 sedere
1299 1243 1434 1284 Gallos
1465 1259 1678 1285 consuesse

191 1311 455 1365 superioribus
479 1311 769 1351 commentariis
793 1309 978 1351 Caesaris
1003 1312 1243 1352 declaratum
1266 1312 1338 1352 est'
1360 1312 1678 1366 inexplicabilem

189 1380 332 1419 habent
353 1379 633 1419 difficultatem.
659 1378 802 1431 Neque
825 1379 925 1418 enim
951 1381 1027 1420 tale
1049 1380 1253 1432 quicquam
1276 1395 1298 1420 a
1316 1376 1490 1419 Caesare
1516 1393 1676 1432 usquam

187 1448 349 1487 relatum
383 1453 457 1486 est.
510 1446 615 1486 Nam
648 1448 747 1500 quod
776 1447 929 1499 quidam
953 1446 1123 1486 Hirtium
1155 1447 1354 1500 respicere
1384 1447 1565 1487 arbitrati
1587 1453 1679 1486 sunt

189 1515 235 1554 ad
259 1528 328 1563 ea,
364 1527 462 1567 quae
493 1514 676 1568 leguntur
698 1514 735 1553 b.
763 1513 865 1554 Gall.
894 1513 969 1565 ΙΙΙ,
1000 1515 1048 1555 18
1070 1522 1176 1555 extr.
1204 1515 1310 1554 ‘laeti
1333 1523 1375 1554 ut
1393 1516 1599 1568 explorata
1620 1515 1679 1554 ui-

189 1583 317 1623 ctoria
338 1583 547 1622 sarmentis
570 1581 831 1635 uirgultisque
854 1583 1053 1630 collectis,
1089 1583 1227 1635 quibus
1258 1584 1385 1622 fossas
1407 1582 1675 1622 Romanorum

189 1650 432 1703 compleant,
469 1650 517 1688 ad
539 1656 668 1688 castra
690 1649 885 1702 pergunt',
912 1662 1037 1702 neque
1061 1650 1107 1689 de
1128 1650 1323 1699 sedendo,
1357 1650 1398 1689 in
1429 1664 1503 1702 quo
1526 1663 1676 1690 summa

188 1718 243 1757 rei
269 1717 458 1765 uertitur,
492 1716 546 1756 ibi
567 1717 733 1756 relatum
757 1723 839 1767 est,
874 1724 912 1756 et
934 1731 1027 1757 usus
1048 1724 1332 1758 sarmentorum
1356 1724 1395 1756 et
1417 1717 1675 1772 uirgultorum

187 1786 234 1825 ad
258 1785 384 1824 fossas
407 1784 657 1837 complendas
682 1782 808 1824 Gallis
832 1799 910 1824 non
944 1785 1068 1838 magis
1091 1799 1204 1838 quam
1225 1784 1417 1825 Romanis
1440 1791 1555 1837 atque
1577 1785 1675 1825 adeo

187 1853 366 1892 omnibus
388 1852 540 1905 populis
563 1852 763 1891 familiaris
786 1852 910 1891 uideri
932 1859 1076 1906 potest.
1127 1852 1272 1905 Neque
1294 1852 1407 1891 huius
1430 1852 1488 1892 rei
1511 1852 1676 1892 mentio-

187 1934 274 1960 nem
307 1919 406 1973 apud
438 1916 652 1959 Caesarem
685 1919 836 1973 perisse
865 1920 1049 1960 credibile
1082 1927 1163 1960 est:
1188 1920 1414 1973 superiores
1446 1919 1548 1959 enim
1571 1933 1675 1959 com-

188 1986 367 2027 mentarii
390 1987 496 2026 omni
520 2001 571 2027 ex
592 1994 701 2040 parte
722 1987 866 2041 integri
888 1995 993 2027 sunt.
1045 1986 1098 2027 Et
1128 1994 1256 2027 tamen
1280 1987 1375 2026 haec
1397 2000 1462 2027 res
1485 1988 1582 2027 adeo
1605 2001 1676 2026 no-

186 2054 316 2095 tabilis
339 2061 446 2104 erat,
472 2061 514 2094 ut
537 2052 754 2095 Caesarem
770 2087 780 2103 ,
805 2069 890 2094 cum
914 2061 972 2095 tot
992 2055 1140 2108 proelia
1164 2061 1360 2100 narraret,
1386 2054 1470 2094 eius
1493 2069 1571 2094 non
1594 2068 1675 2094 me-

185 2123 349 2162 minisse
379 2135 506 2174 neque
538 2123 656 2162 ullum
689 2123 805 2163 alium
827 2122 1060 2175 scriptorem
1093 2123 1139 2162 de
1162 2135 1209 2161 ea
1231 2121 1466 2161 mentionem
1489 2121 1673 2162 iniecisse

188 2190 365 2230 mirabile
395 2190 519 2230 uideri
551 2190 725 2230 deberet.
781 2190 883 2230 Nam
924 2203 1022 2242 quae
1055 2203 1107 2230 ex
1136 2189 1222 2229 aliis
1263 2188 1489 2228 auctoribus
1522 2189 1673 2242 prolata

187 2265 302 2305 sunt,
338 2272 569 2310 quamquam
600 2258 646 2298 de
678 2258 765 2298 aliis
797 2257 968 2311 populis,
1002 2264 1132 2297 tamen
1155 2270 1203 2296 ne
1226 2255 1365 2295 similia
1389 2255 1540 2308 quidem
1564 2262 1670 2304 sunt,

188 2325 295 2365 uelut
326 2325 427 2377 quod
458 2323 602 2365 Strabo
625 2323 684 2365 ΙΙΙ
716 2340 753 2379 p.
788 2325 871 2366 249
902 2325 1008 2364 Alm.
1035 2325 1081 2365 de
1115 2324 1351 2366 Vettonibus
1381 2323 1537 2363 scribit:
1570 2321 1674 2369 τούς

189 2389 478 2443 Οὐέττωνας,
520 2390 591 2434 ὅτε
629 2395 806 2447 πρῶτον
846 2395 906 2439 εἰς
945 2392 995 2434 τό
1039 2393 1128 2435 τῶν
1157 2391 1393 2446 Ῥωμαίων
1432 2391 1673 2445 παρῆλθον

188 2455 514 2514 στρατόπεδον,
543 2457 726 2508 ἰδόντας
757 2462 846 2503 τῶν
866 2463 1107 2517 ταξιαρχῶν
1127 2475 1254 2506 ’τινας
1285 2454 1674 2512 α’νακοῖμπτοντας

185 2530 235 2570 ἐν
266 2534 362 2572 ταῖς
393 2522 508 2573 ὁδοῖς
537 2526 784 2580 περιπάτου
812 2524 942 2584 χάριν
972 2526 1148 2584 μανίαν
1177 2521 1492 2581 ὑπολαβόντας
1521 2522 1673 2580 ἤγεῑσ-

186 2599 272 2636 θαι
304 2593 387 2648 τήν
421 2592 526 2636 ὁδὸν
557 2590 709 2641 αὐτοῖς
731 2596 803 2638 ἐπὶ
825 2595 904 2642 τάς
927 2595 1109 2650 σκηνάς,
1139 2593 1194 2641 αἶς
1216 2593 1317 2636 δέον
1339 2591 1367 2647 ἢ
1388 2593 1543 2647 μένειν
1568 2590 1674 2635 καθ’

185 2660 372 2719 ’ἡσυχίαν
393 2661 663 2715 ἱδρυθέντες
684 2660 712 2715 ἢ
732 2661 978 2719 μάχεσθαι.
1010 2661 1151 2715 Neque
1174 2661 1344 2701 conferri
1368 2668 1547 2714 possunt,
1573 2674 1672 2713 quac

185 2731 285 2784 apud
308 2728 401 2769 Liu.
426 2728 612 2777 XXXV,
640 2728 688 2768 11
719 2729 765 2769 de
799 2729 923 2769 Gallis
956 2731 1165 2782 leguntur:
1196 2729 1274 2781 ‘qui
1298 2728 1423 2782 primo
1445 2728 1585 2768 intenti
1608 2742 1674 2781 pa-

185 2797 339 2850 ratique
354 2827 364 2846 ,
397 2797 429 2837 si
462 2797 777 2846 lacesserentur,
802 2797 841 2837 in
864 2798 1098 2838 stationibus
1121 2798 1290 2845 fuerant,
1316 2796 1392 2836 iam
1414 2796 1585 2835 inermes
1608 2808 1671 2834 se-

184 2865 396 2919 dentesque
426 2878 515 2919 pars
548 2865 716 2906 maxima
750 2865 1006 2918 spectabant':
1033 2879 1119 2905 nam
1153 2878 1237 2904 cum
1261 2862 1364 2905 Galli
1395 2864 1542 2904 exitum
1575 2875 1668 2902 con-
