1835 3240
92 162 177 205 498
655 159 729 202 DE
760 158 946 202 BELLO
980 157 1153 202 CIVILI

119 275 148 320 8
171 288 259 315 esse
280 274 528 329 imperatoris
550 274 613 315 sui
635 274 957 325 tribunorumque
979 272 1101 326 plebis
1122 272 1287 314 iniurias
1310 274 1535 314 defendere.
1568 270 1645 313 Co-

168 342 276 397 gnita
298 343 460 383 militum
483 343 684 384 uoluntate
698 340 918 380 Ariminum
942 354 1026 380 cum
1051 354 1097 380 ea
1118 340 1272 393 legione
1293 342 1553 395 proficiscitur
1574 341 1644 381 ibi-

168 424 243 464 que
263 411 441 452 tribunos
464 410 609 463 plebis,
645 409 707 461 qui
736 408 783 448 ad
806 421 892 448 eum
915 409 1198 460 confugerant,
1233 410 1441 459 conuenit3
1472 409 1643 461 reliquas

118 478 146 519 2
168 479 344 532 legiones
367 492 420 518 ex
442 477 614 518 hibernis
637 484 775 516 euocat
798 483 838 515 et
857 476 1040 529 subsequi
1064 475 1184 515 iubet.
1228 475 1289 515 Eo
1311 475 1362 516 L.
1381 475 1532 517 Caesar
1553 477 1644 516 ado-

166 547 320 586 lescens
344 545 474 594 uenit,
511 545 619 584 cuius
642 551 754 598 pater
776 540 965 584 Caesaris
988 550 1074 584 erat
1095 544 1262 597 legatUS.
1324 541 1362 583 Is
1383 544 1535 596 reliquo
1558 558 1640 584 ser-

167 628 282 654 mone
305 614 508 662 consecto,
534 612 643 652 cuius
666 612 724 652 rei
747 626 864 652 causa
888 619 1071 660 uenerat,
1105 611 1248 651 habere
1280 624 1323 651 se
1345 625 1366 651 a
1387 609 1574 665 Pompeio
1597 612 1644 652 ad

120 680 145 721 3
169 695 254 722 eum
279 680 419 734 priuati
443 679 554 719 officii
577 681 758 720 mandata
782 681 1046 720 demonstrat:
1091 678 1206 720 Velle
1228 677 1455 732 Pompeium
1478 693 1521 719 se
1545 678 1645 720 Cae-

168 749 247 789 sari
272 753 492 802 purgatum,
519 761 568 787 ne
590 761 651 796 ea,
679 762 776 801 quae
798 747 1038 801 reipublicae
1061 761 1179 787 causa
1202 747 1341 800 egerit,
1366 747 1406 786 in
1428 760 1535 786 suam
1555 760 1645 786 con·

168 816 365 857 tumeliam
390 821 533 854 uertat.
576 812 742 869 Semper
770 829 813 855 se
836 816 1076 869 reipublicae
1099 816 1301 855 commoda
1323 814 1487 868 priuatis
1510 827 1648 854 neces-

167 883 401 924 situdinibus
425 881 607 922 habuisse
630 883 794 936 potiora.
851 881 1067 924 Caesarem
1090 897 1242 936 quoque
1275 896 1346 935 pro
1368 896 1435 922 sua
1459 881 1648 934 dignitate

167 951 310 991 debere
335 957 373 990 et
392 950 563 990 studium
587 957 626 990 et
647 951 888 991 iracundiam
911 966 1018 992 suam
1042 951 1282 1004 reipublicae
1305 950 1500 990 dimittere
1523 962 1650 1002 neque

168 1019 266 1059 adeo
288 1017 466 1071 grauiter
486 1018 603 1058 irasci
624 1018 793 1058 inimicis
808 1049 818 1068 ‚
847 1026 910 1069 ut,
938 1034 1022 1060 cum
1053 1020 1129 1059 illis
1159 1032 1303 1059 nocere
1326 1032 1369 1058 se
1391 1024 1548 1071 speret,
1573 1016 1651 1056 rei-

122 1086 144 1126 4
169 1086 345 1140 publicae
368 1093 522 1126 noceat.
576 1084 709 1126 Pauca
743 1087 915 1127 eiusdem
949 1087 1106 1140 generis
1138 1087 1246 1126 addit
1275 1100 1359 1125 cum
1392 1085 1649 1125 excusatione

124 1190 126 1192 .
166 1153 345 1207 Pompeii
367 1154 592 1193 coniuncta.
649 1153 797 1194 Eadem
825 1157 903 1195 fere
927 1162 1042 1207 atque
1065 1155 1210 1194 eisdem
1234 1154 1365 1193 uerbis
1388 1160 1548 1206 praetor
1568 1152 1650 1192 Ro-

168 1222 271 1262 scius
295 1221 375 1275 agit
407 1235 492 1260 cum
517 1218 695 1261 Caesare
717 1223 868 1274 sibique
891 1221 1116 1274 Pompeium
1141 1233 1470 1260 commemorasse
1493 1221 1651 1259 demon-

120 1290 146 1334 9
166 1296 281 1329 strat.
328 1288 440 1340 Quae
464 1302 527 1328 res
560 1289 632 1327 etsi
662 1289 756 1328 nihil
781 1290 824 1328 ad
848 1289 1036 1329 leuandus
1058 1289 1224 1329 iniurias
1246 1289 1445 1342 pertinere
1467 1286 1653 1326 uideban-

168 1365 248 1407 tur,
276 1363 404 1396 tamen
427 1356 590 1396 idoneos
614 1363 752 1396 nactus
776 1357 977 1406 homines,
1011 1370 1080 1410 per
1101 1371 1197 1409 quos
1221 1370 1264 1396 ea
1280 1386 1290 1405 ,
1316 1369 1415 1408 quae
1438 1354 1580 1403 uellet,
1606 1355 1653 1394 ad

168 1438 255 1464 eum
280 1425 569 1477 perterrentur,
595 1424 692 1477 petit
712 1424 758 1464 ab
780 1432 946 1478 utroque
963 1455 972 1473 ,
999 1425 1181 1477 quoniam
1204 1422 1380 1477 Pompeii
1403 1424 1583 1463 mandata
1606 1423 1652 1462 ad

168 1505 211 1532 se
234 1491 469 1541 detulerint,
504 1505 552 1532 ne
575 1499 792 1544 grauentur
813 1507 884 1532 sua
907 1506 1060 1545 quoque
1083 1493 1130 1532 ad
1152 1506 1239 1531 eum
1263 1492 1458 1545 postulata
1481 1492 1650 1540 deferre,

168 1560 201 1600 si
225 1574 346 1613 paruo
370 1558 501 1599 labore
524 1573 687 1612 magnas
711 1561 1008 1600 controuersias
1033 1560 1171 1600 tollere
1193 1567 1310 1613 atque
1333 1573 1485 1600 omnem
1502 1558 1654 1598 Italiam

120 1627 147 1669 2
168 1634 275 1669 metu
297 1628 466 1668 liberare
489 1628 655 1681 possint.
702 1627 788 1668 Sibi
819 1642 975 1682 semper
1007 1629 1170 1682 primam
1193 1627 1433 1681 reipublicae
1455 1627 1578 1667 fuisse
1599 1627 1654 1666 di-

169 1696 358 1751 gnitatem
382 1695 538 1748 uitaque
562 1696 768 1750 potiorem.
812 1695 999 1737 Doluisse
1021 1710 1064 1736 se
1079 1726 1089 1744 ‚
1125 1697 1222 1749 quod
1245 1695 1372 1749 populi
1395 1694 1566 1736 Romani
1588 1695 1654 1735 be-

168 1764 348 1804 neficium
364 1764 437 1804 sibi
460 1778 529 1817 per
547 1764 823 1803 contumeliam
846 1764 892 1803 ab
914 1764 1082 1804 inimicis
1096 1770 1416 1817 extorqueretur,
1442 1770 1653 1817 ereptoque

168 1832 382 1872 semenstri
404 1832 567 1885 imperio
589 1832 627 1871 in
651 1832 784 1871 urbem
809 1831 1102 1880 retraheretur,
1128 1832 1238 1871 cuius
1261 1831 1437 1871 absentis
1462 1831 1654 1871 rationem

123 1897 148 1939 3
171 1898 305 1940 haberi
328 1899 522 1953 proximis
546 1900 714 1940 comitiis
737 1900 901 1953 populus
923 1900 1123 1940 iussisset.
1166 1898 1318 1939 Tamen
1341 1898 1441 1938 lianc
1462 1899 1654 1939 iacturam

169 1967 332 2008 honoris
354 1967 415 2008 sui
437 1967 675 2021 reipublicae
699 1981 813 2007 causa
838 1982 962 2020 aequo
986 1968 1115 2008 animo
1139 1968 1300 2007 tulisse:
1326 1981 1411 2006 cum
1434 1966 1586 2007 litteras
1607 1967 1655 2008 ad

170 2043 349 2076 senatum
373 2036 540 2086 miserit,
565 2043 752 2076 utomnes
767 2035 813 2075 ab
827 2036 1068 2076 exercitibus
1092 2035 1354 2083 discederent,
1380 2048 1428 2074 ne
1450 2035 1486 2074 id
1503 2035 1655 2087 quidem

123 2102 149 2143 4
170 2103 461 2157 impetrauisse.
514 2103 617 2145 Tota
649 2102 764 2144 Italia
796 2104 970 2145 delectus
1003 2104 1163 2153 haberi,
1197 2102 1360 2144 retineri
1392 2102 1567 2155 legiones
1600 2109 1652 2151 II,

172 2185 269 2224 quae
293 2172 339 2211 ab
363 2186 406 2213 se
429 2172 677 2213 simulatione
698 2170 872 2212 Parthici
894 2171 984 2212 belli
1006 2171 1086 2212 sint
1107 2171 1321 2220 abductae,
1348 2170 1544 2210 ciuitatem
1568 2183 1657 2210 esse

172 2238 213 2280 in
235 2240 369 2280 armis.
416 2237 596 2293 Quonam
619 2240 716 2281 haee
743 2240 875 2281 omnia
896 2240 970 2280 nisi
994 2240 1039 2279 ad
1062 2253 1173 2280 suam
1195 2239 1408 2293 perniciem
1431 2238 1658 2292 pertinere?

316 2412 334 2443 4
355 2411 515 2453 hybernis
534 2421 567 2442 a.
710 2411 728 2443 7
749 2411 908 2453 priuatim
929 2412 959 2442 b.
1103 2411 1121 2443 9
1137 2414 1317 2441 conuertat
1337 2410 1366 2440 b.
1509 2408 1658 2439 necessi-

172 2460 348 2493 tudinibus
367 2472 386 2493 a
401 2463 418 2493 h
432 2472 448 2492 c
461 2462 484 2493 (l
495 2473 522 2501 e,
546 2461 814 2494 necessitatibus
835 2473 869 2494 u.
1037 2463 1077 2494 10
1096 2462 1232 2504 pociora
1250 2472 1283 2493 a.
1448 2460 1485 2493 12
1506 2465 1542 2491 ut
1560 2470 1579 2490 α
1593 2459 1653 2500 bd,

174 2521 214 2543 ne
233 2522 269 2543 u.
411 2523 445 2543 se
465 2523 533 2544 om.
553 2513 584 2544 b.
730 2518 886 2554 speraret
906 2513 936 2544 b.
1080 2513 1118 2544 14
1140 2513 1251 2543 uerbis
1273 2511 1464 2551 Clarltz'zts,·
1484 2511 1585 2542 rebus
1605 2521 1624 2542 α
1639 2510 1656 2541 b

174 2567 211 2595 et
227 2564 377 2605 reliqui,
409 2564 450 2595 de
475 2565 604 2605 quibus
623 2567 781 2601 constat,
804 2575 847 2605 u‚·
878 2565 918 2596 de
945 2564 1046 2596 rebus
1067 2564 1181 2596 Aldus
1205 2567 1240 2595 et
1257 2574 1352 2605 seqq.
1376 2567 1460 2595 αηΐε
1478 2572 1514 2594 11.

173 2616 210 2651 21
235 2617 375 2659 primam
395 2615 430 2647 P.
453 2615 492 2648 R.
524 2627 543 2648 α
560 2618 608 2648 bc
635 2620 670 2647 et
688 2617 879 2647 secundum
902 2616 989 2648 Oud.
1011 2615 1052 2655 d,
1084 2614 1120 2646 P.
1148 2614 1186 2647 R.
1217 2615 1356 2657 primam
1383 2613 1574 2646 secundam
1598 2623 1656 2645 ex..

173 2668 282 2701 Fabr.
305 2669 338 2710 d,
361 2668 498 2711 primam
519 2680 558 2709 ες
580 2669 790 2710 reipublicae
812 2668 949 2710 primam
970 2667 1048 2698 edd.
1215 2667 1257 2701 22
1277 2667 1360 2708 quod
1380 2676 1438 2708 pro
1458 2664 1620 2696 beneficio
1638 2675 1658 2696 α

178 2722 262 2753 ‘mei
273 2724 422 2763 praeter·
439 2719 485 2750 d'.
625 2719 668 2753 23
688 2719 728 2750 ab
748 2719 896 2750 inimicis
915 2729 984 2750 om.
1007 2718 1035 2749 b.
1186 2719 1230 2751 24
1249 2717 1432 2749 semenstri
1453 2726 1474 2748 α
1495 2717 1589 2747 ‘msa
1611 2715 1655 2747 3'.

321 2768 431 2811 cuius]
452 2769 515 2801 sibi
537 2769 567 2800 b.
710 2770 752 2801 2ss
772 2768 838 2811 sni]
860 2768 985 2810 proprii
1007 2768 1037 2800 b.
1187 2768 1227 2803 27
1248 2768 1389 2799 miserat
1407 2770 1490 2798 ante
1509 2775 1602 2797 corr.
1622 2774 1655 2795 a.

320 2822 365 2853 28
383 2821 639 2865 impetrauisset
654 2831 674 2852 α
688 2822 718 2852 b.
876 2820 1021 2852 dilectus
1040 2830 1061 2850 a
1076 2820 1105 2851 b.
1270 2820 1311 2851 ‘29
1332 2818 1455 2850 Partici
1479 2828 1512 2849 a.

1684 888 1721 921 10

1686 1226 1725 1259 15

1686 1565 1729 1599 20

1686 1905 1728 1938 25

1688 2244 1730 2276 30
