<?xml version="1.0" encoding="UTF-8"?>
<!DOCTYPE html PUBLIC "-//W3C//DTD XHTML 1.0 Transitional//EN"
    "http://www.w3.org/TR/xhtml1/DTD/xhtml1-transitional.dtd">
<html xmlns="http://www.w3.org/1999/xhtml" xml:lang="en" lang="en">
 <head>
  <title>
</title>
<meta http-equiv="Content-Type" content="text/html;charset=utf-8" />
  <meta name='ocr-system' content='tesseract 3.04.00' />
  <meta name='ocr-capabilities' content='ocr_page ocr_carea ocr_par ocr_line ocrx_word'/>
</head>
<body>
  <div class='ocr_page' id='page_1' title='image "./commentarii00caesuoft_0021.png"; bbox 0 0 1835 3240; ppageno 0'>
   <div class='ocr_carea' id='block_1_1' title="bbox 713 171 1111 212">
    <p class='ocr_par' dir='ltr' id='par_1_1' title="bbox 713 171 1111 212">
     <span class='ocr_line' id='line_1_1' title="bbox 713 171 1111 212; baseline -0.003 -9"><span class='ocrx_word' id='word_1_1' title='bbox 713 171 1111 212; x_wconf 75' lang='lat'>—11—</span> 
     </span>
    </p>
   </div>
   <div class='ocr_carea' id='block_1_2' title="bbox 158 281 1662 2933">
    <p class='ocr_par' dir='ltr' id='par_1_2' title="bbox 158 281 1662 2933">
     <span class='ocr_line' id='line_1_2' title="bbox 166 281 1654 340; baseline 0.001 -10"><span class='ocrx_word' id='word_1_2' title='bbox 166 291 282 330; x_wconf 84' lang='lat' dir='ltr'>niano</span> <span class='ocrx_word' id='word_1_3' title='bbox 315 286 578 340; x_wconf 75' lang='lat' dir='ltr'><strong>exprobrasse</strong></span> <span class='ocrx_word' id='word_1_4' title='bbox 607 286 750 335; x_wconf 83' lang='lat' dir='ltr'>tradit,</span> <span class='ocrx_word' id='word_1_5' title='bbox 790 286 892 338; x_wconf 89' lang='lat' dir='ltr'>quod</span> <span class='ocrx_word' id='word_1_6' title='bbox 932 284 1156 338; x_wconf 82' lang='lat' dir='ltr'>pudicitiam</span> <span class='ocrx_word' id='word_1_7' title='bbox 1185 299 1208 325; x_wconf 84' lang='lat' dir='ltr'>a</span> <span class='ocrx_word' id='word_1_8' title='bbox 1237 281 1414 326; x_wconf 78' lang='lat' dir='ltr'>Caesare</span> <span class='ocrx_word' id='word_1_9' title='bbox 1446 288 1654 330; x_wconf 74' lang='lat' dir='ltr'>delibatam</span> 
     </span>
     <span class='ocr_line' id='line_1_3' title="bbox 163 350 1652 406; baseline 0.001 -9"><span class='ocrx_word' id='word_1_10' title='bbox 163 357 268 397; x_wconf 91' lang='lat' dir='ltr'>Aulo</span> <span class='ocrx_word' id='word_1_11' title='bbox 290 355 405 395; x_wconf 82' lang='lat' dir='ltr'>etiam</span> <span class='ocrx_word' id='word_1_12' title='bbox 429 353 561 393; x_wconf 86' lang='lat' dir='ltr'>Hirtio</span> <span class='ocrx_word' id='word_1_13' title='bbox 593 353 632 392; x_wconf 87' lang='lat' dir='ltr'>in</span> <span class='ocrx_word' id='word_1_14' title='bbox 654 352 848 406; x_wconf 82' lang='lat' dir='ltr'>Hispania</span> <span class='ocrx_word' id='word_1_15' title='bbox 880 350 989 393; x_wconf 87' lang='lat' dir='ltr'>CCC</span> <span class='ocrx_word' id='word_1_16' title='bbox 1022 353 1178 392; x_wconf 86' lang='lat' dir='ltr'>milibus</span> <span class='ocrx_word' id='word_1_17' title='bbox 1207 367 1368 393; x_wconf 87' lang='lat' dir='ltr'>numum</span> <span class='ocrx_word' id='word_1_18' title='bbox 1391 355 1652 398; x_wconf 85' lang='lat' dir='ltr'>substrasset.</span> 
     </span>
     <span class='ocr_line' id='line_1_4' title="bbox 162 419 1656 476; baseline 0.002 -13"><span class='ocrx_word' id='word_1_19' title='bbox 162 422 337 463; x_wconf 86' lang='lat' dir='ltr'>Indidem</span> <span class='ocrx_word' id='word_1_20' title='bbox 362 436 449 462; x_wconf 90' lang='lat' dir='ltr'>eum</span> <span class='ocrx_word' id='word_1_21' title='bbox 473 419 660 461; x_wconf 82' lang='lat' dir='ltr'>Ciceroni</span> <span class='ocrx_word' id='word_1_22' title='bbox 683 421 826 462; x_wconf 88' lang='lat' dir='ltr'>librum</span> <span class='ocrx_word' id='word_1_23' title='bbox 850 420 1007 460; x_wconf 80' lang='lat' dir='ltr'>misisse</span> <span class='ocrx_word' id='word_1_24' title='bbox 1031 420 1216 461; x_wconf 79' lang='lat' dir='ltr'>existimo</span> <span class='ocrx_word' id='word_1_25' title='bbox 1233 451 1243 468; x_wconf 83' lang='lat'>,</span> <span class='ocrx_word' id='word_1_26' title='bbox 1277 421 1318 460; x_wconf 89' lang='lat' dir='ltr'>in</span> <span class='ocrx_word' id='word_1_27' title='bbox 1341 436 1415 474; x_wconf 89' lang='lat' dir='ltr'>quo</span> <span class='ocrx_word' id='word_1_28' title='bbox 1439 423 1656 476; x_wconf 87' lang='lat' dir='ltr'>collegerat</span> 
     </span>
     <span class='ocr_line' id='line_1_5' title="bbox 163 487 1657 543; baseline 0.001 -12"><span class='ocrx_word' id='word_1_29' title='bbox 163 491 259 531; x_wconf 89' lang='lat' dir='ltr'>uitia</span> <span class='ocrx_word' id='word_1_30' title='bbox 282 487 464 540; x_wconf 86' lang='lat' dir='ltr'>Catonis,</span> <span class='ocrx_word' id='word_1_31' title='bbox 490 497 531 529; x_wconf 89' lang='lat' dir='ltr'>ut</span> <span class='ocrx_word' id='word_1_32' title='bbox 553 489 618 530; x_wconf 92' lang='lat' dir='ltr'>ille</span> <span class='ocrx_word' id='word_1_33' title='bbox 641 489 780 529; x_wconf 82' lang='lat' dir='ltr'>scribit</span> <span class='ocrx_word' id='word_1_34' title='bbox 802 491 847 529; x_wconf 87' lang='lat' dir='ltr'>ad</span> <span class='ocrx_word' id='word_1_35' title='bbox 869 490 957 530; x_wconf 87' lang='lat' dir='ltr'>Att.</span> <span class='ocrx_word' id='word_1_36' title='bbox 983 488 1092 539; x_wconf 84' lang='lat' dir='ltr'>XII,</span> <span class='ocrx_word' id='word_1_37' title='bbox 1117 488 1195 539; x_wconf 80' lang='lat'>40,</span> <span class='ocrx_word' id='word_1_38' title='bbox 1224 489 1272 539; x_wconf 80' lang='lat' dir='ltr'>l,</span> <span class='ocrx_word' id='word_1_39' title='bbox 1298 503 1411 542; x_wconf 86' lang='lat' dir='ltr'>quem</span> <span class='ocrx_word' id='word_1_40' title='bbox 1435 504 1497 543; x_wconf 90' lang='lat' dir='ltr'>ep.</span> <span class='ocrx_word' id='word_1_41' title='bbox 1524 490 1606 541; x_wconf 83' lang='lat'>41,</span> <span class='ocrx_word' id='word_1_42' title='bbox 1630 492 1657 532; x_wconf 86' lang='grc'>4</span> 
     </span>
     <span class='ocr_line' id='line_1_6' title="bbox 162 555 1657 614; baseline -0.001 -13"><span class='ocrx_word' id='word_1_43' title='bbox 162 556 441 614; x_wconf 77' lang='grc' dir='ltr'><em>πρόπλασμα</em></span> <span class='ocrx_word' id='word_1_44' title='bbox 475 558 549 597; x_wconf 88' lang='lat' dir='ltr'>sibi</span> <span class='ocrx_word' id='word_1_45' title='bbox 582 557 707 596; x_wconf 86' lang='lat' dir='ltr'>uideri</span> <span class='ocrx_word' id='word_1_46' title='bbox 739 557 793 597; x_wconf 86' lang='lat' dir='ltr'>ait</span> <span class='ocrx_word' id='word_1_47' title='bbox 816 559 900 598; x_wconf 91' lang='lat' dir='ltr'>eius</span> <span class='ocrx_word' id='word_1_48' title='bbox 933 558 1262 611; x_wconf 88' lang='lat' dir='ltr'>uituperationis,</span> <span class='ocrx_word' id='word_1_49' title='bbox 1297 571 1411 611; x_wconf 84' lang='lat' dir='ltr'>quam</span> <span class='ocrx_word' id='word_1_50' title='bbox 1434 555 1588 599; x_wconf 87' lang='lat' dir='ltr'>Caesar</span> <span class='ocrx_word' id='word_1_51' title='bbox 1610 560 1657 600; x_wconf 93' lang='lat' dir='ltr'>de</span> 
     </span>
     <span class='ocr_line' id='line_1_7' title="bbox 164 623 1658 680; baseline 0 -13"><span class='ocrx_word' id='word_1_52' title='bbox 164 624 318 667; x_wconf 87' lang='lat' dir='ltr'>Catone</span> <span class='ocrx_word' id='word_1_53' title='bbox 341 626 582 679; x_wconf 81' lang='lat' dir='ltr'>scripsisset.</span> <span class='ocrx_word' id='word_1_54' title='bbox 617 623 724 665; x_wconf 87' lang='lat' dir='ltr'>Nam</span> <span class='ocrx_word' id='word_1_55' title='bbox 739 625 1003 666; x_wconf 74' lang='lat' dir='ltr'>Anticatones</span> <span class='ocrx_word' id='word_1_56' title='bbox 1027 640 1045 666; x_wconf 89' lang='lat' dir='ltr'>a</span> <span class='ocrx_word' id='word_1_57' title='bbox 1071 623 1247 666; x_wconf 84' lang='lat' dir='ltr'>Caesare</span> <span class='ocrx_word' id='word_1_58' title='bbox 1270 625 1342 665; x_wconf 88' lang='lat' dir='ltr'>sub</span> <span class='ocrx_word' id='word_1_59' title='bbox 1366 632 1517 680; x_wconf 86' lang='lat' dir='ltr'>tempus</span> <span class='ocrx_word' id='word_1_60' title='bbox 1540 624 1658 667; x_wconf 87' lang='lat' dir='ltr'>Mun-</span> 
     </span>
     <span class='ocr_line' id='line_1_8' title="bbox 164 691 1658 748; baseline -0.001 -13"><span class='ocrx_word' id='word_1_61' title='bbox 164 694 296 735; x_wconf 86' lang='lat' dir='ltr'>densis</span> <span class='ocrx_word' id='word_1_62' title='bbox 318 694 457 748; x_wconf 92' lang='lat' dir='ltr'>proelii</span> <span class='ocrx_word' id='word_1_63' title='bbox 492 694 695 734; x_wconf 84' lang='lat' dir='ltr'>confectos</span> <span class='ocrx_word' id='word_1_64' title='bbox 718 707 807 734; x_wconf 89' lang='lat' dir='ltr'>esse</span> <span class='ocrx_word' id='word_1_65' title='bbox 830 707 883 734; x_wconf 82' lang='lat' dir='ltr'>ex</span> <span class='ocrx_word' id='word_1_66' title='bbox 905 692 1018 735; x_wconf 88' lang='lat' dir='ltr'>Suet.</span> <span class='ocrx_word' id='word_1_67' title='bbox 1045 691 1165 734; x_wconf 89' lang='lat' dir='ltr'>Caes.</span> <span class='ocrx_word' id='word_1_68' title='bbox 1191 692 1245 734; x_wconf 82' lang='lat'>56</span> <span class='ocrx_word' id='word_1_69' title='bbox 1267 694 1430 734; x_wconf 86' lang='lat' dir='ltr'>scimus.</span> <span class='ocrx_word' id='word_1_70' title='bbox 1473 692 1559 734; x_wconf 85' lang='lat' dir='ltr'>XII</span> <span class='ocrx_word' id='word_1_71' title='bbox 1591 709 1658 734; x_wconf 88' lang='lat' dir='ltr'>au-</span> 
     </span>
     <span class='ocr_line' id='line_1_9' title="bbox 162 758 1657 816; baseline 0.001 -15"><span class='ocrx_word' id='word_1_72' title='bbox 162 769 257 811; x_wconf 92' lang='lat' dir='ltr'>tem,</span> <span class='ocrx_word' id='word_1_73' title='bbox 283 761 352 811; x_wconf 85' lang='lat'>37,</span> <span class='ocrx_word' id='word_1_74' title='bbox 378 760 402 800; x_wconf 86' lang='lat'><strong>3</strong></span> <span class='ocrx_word' id='word_1_75' title='bbox 426 758 572 801; x_wconf 87' lang='lat' dir='ltr'>Cicero</span> <span class='ocrx_word' id='word_1_76' title='bbox 594 760 769 801; x_wconf 85' lang='lat' dir='ltr'>Atticum</span> <span class='ocrx_word' id='word_1_77' title='bbox 795 762 1004 802; x_wconf 86' lang='lat' dir='ltr'>certiorem</span> <span class='ocrx_word' id='word_1_78' title='bbox 1028 762 1122 802; x_wconf 84' lang='lat' dir='ltr'>facit</span> <span class='ocrx_word' id='word_1_79' title='bbox 1145 761 1191 801; x_wconf 88' lang='lat' dir='ltr'>ab</span> <span class='ocrx_word' id='word_1_80' title='bbox 1214 761 1348 802; x_wconf 89' lang='lat' dir='ltr'>Hirtio</span> <span class='ocrx_word' id='word_1_81' title='bbox 1371 762 1444 802; x_wconf 89' lang='lat' dir='ltr'>sihi</span> <span class='ocrx_word' id='word_1_82' title='bbox 1467 763 1657 816; x_wconf 86' lang='lat' dir='ltr'>scriptum</span> 
     </span>
     <span class='ocr_line' id='line_1_10' title="bbox 163 827 1658 884; baseline -0.001 -14"><span class='ocrx_word' id='word_1_83' title='bbox 163 843 252 870; x_wconf 86' lang='lat' dir='ltr'>esse</span> <span class='ocrx_word' id='word_1_84' title='bbox 274 827 442 870; x_wconf 83' lang='lat' dir='ltr'>Sextum</span> <span class='ocrx_word' id='word_1_85' title='bbox 465 827 694 883; x_wconf 87' lang='lat' dir='ltr'>Pompeium</span> <span class='ocrx_word' id='word_1_86' title='bbox 720 828 907 870; x_wconf 87' lang='lat' dir='ltr'>Corduba</span> <span class='ocrx_word' id='word_1_87' title='bbox 939 830 1074 870; x_wconf 73' lang='lat' dir='ltr'>exisse</span> <span class='ocrx_word' id='word_1_88' title='bbox 1105 837 1144 870; x_wconf 89' lang='lat' dir='ltr'>et</span> <span class='ocrx_word' id='word_1_89' title='bbox 1175 830 1322 882; x_wconf 82' lang='lat' dir='ltr'>fugisse</span> <span class='ocrx_word' id='word_1_90' title='bbox 1354 830 1393 869; x_wconf 90' lang='lat' dir='ltr'>in</span> <span class='ocrx_word' id='word_1_91' title='bbox 1424 828 1658 884; x_wconf 85' lang='lat' dir='ltr'>Hispaniam</span> 
     </span>
     <span class='ocr_line' id='line_1_11' title="bbox 164 895 1659 953; baseline 0.001 -16"><span class='ocrx_word' id='word_1_92' title='bbox 164 898 413 947; x_wconf 83' lang='lat' dir='ltr'>citeriorem,</span> <span class='ocrx_word' id='word_1_93' title='bbox 447 898 539 938; x_wconf 89' lang='lat' dir='ltr'>item</span> <span class='ocrx_word' id='word_1_94' title='bbox 565 895 745 938; x_wconf 86' lang='lat' dir='ltr'>Gnaeum</span> <span class='ocrx_word' id='word_1_95' title='bbox 780 898 946 953; x_wconf 85' lang='lat' dir='ltr'>fugisse.</span> <span class='ocrx_word' id='word_1_96' title='bbox 1008 896 1091 937; x_wconf 88' lang='lat' dir='ltr'>Has</span> <span class='ocrx_word' id='word_1_97' title='bbox 1122 897 1276 938; x_wconf 87' lang='lat' dir='ltr'>litteras</span> <span class='ocrx_word' id='word_1_98' title='bbox 1309 897 1466 938; x_wconf 90' lang='lat' dir='ltr'>Hirtius</span> <span class='ocrx_word' id='word_1_99' title='bbox 1498 898 1659 938; x_wconf 87' lang='lat' dir='ltr'>dederat</span> 
     </span>
     <span class='ocr_line' id='line_1_12' title="bbox 161 963 1659 1020; baseline -0.001 -14"><span class='ocrx_word' id='word_1_100' title='bbox 161 964 354 1006; x_wconf 81' lang='lat' dir='ltr'>Narbone</span> <span class='ocrx_word' id='word_1_101' title='bbox 377 980 414 1006; x_wconf 90' lang='lat' dir='ltr'>a.</span> <span class='ocrx_word' id='word_1_102' title='bbox 441 965 478 1004; x_wconf 90' lang='lat' dir='ltr'>d.</span> <span class='ocrx_word' id='word_1_103' title='bbox 503 963 606 1007; x_wconf 88' lang='lat' dir='ltr'>XIV</span> <span class='ocrx_word' id='word_1_104' title='bbox 630 964 719 1006; x_wconf 79' lang='lat' dir='ltr'>Cal.</span> <span class='ocrx_word' id='word_1_105' title='bbox 744 964 845 1006; x_wconf 78' lang='lat' dir='ltr'>Mai.</span> <span class='ocrx_word' id='word_1_106' title='bbox 878 966 952 1006; x_wconf 90' lang='lat' dir='ltr'>hoc</span> <span class='ocrx_word' id='word_1_107' title='bbox 975 973 1036 1006; x_wconf 86' lang='lat' dir='ltr'>est</span> <span class='ocrx_word' id='word_1_108' title='bbox 1056 980 1176 1006; x_wconf 90' lang='lat' dir='ltr'>unum</span> <span class='ocrx_word' id='word_1_109' title='bbox 1200 967 1282 1006; x_wconf 88' lang='lat' dir='ltr'>fere</span> <span class='ocrx_word' id='word_1_110' title='bbox 1304 979 1480 1006; x_wconf 89' lang='lat' dir='ltr'>mensem</span> <span class='ocrx_word' id='word_1_111' title='bbox 1503 973 1659 1020; x_wconf 86' lang='lat' dir='ltr'>postea-</span> 
     </span>
     <span class='ocr_line' id='line_1_13' title="bbox 162 1032 1656 1088; baseline 0.001 -16"><span class='ocrx_word' id='word_1_112' title='bbox 162 1047 275 1087; x_wconf 87' lang='lat' dir='ltr'>quam</span> <span class='ocrx_word' id='word_1_113' title='bbox 298 1034 344 1073; x_wconf 87' lang='lat' dir='ltr'>ad</span> <span class='ocrx_word' id='word_1_114' title='bbox 367 1032 555 1073; x_wconf 85' lang='lat' dir='ltr'>Mundam</span> <span class='ocrx_word' id='word_1_115' title='bbox 589 1040 800 1088; x_wconf 82' lang='lat' dir='ltr'>pugnatum</span> <span class='ocrx_word' id='word_1_116' title='bbox 841 1040 925 1083; x_wconf 89' lang='lat' dir='ltr'>est,</span> <span class='ocrx_word' id='word_1_117' title='bbox 959 1034 1061 1087; x_wconf 91' lang='lat' dir='ltr'>quod</span> <span class='ocrx_word' id='word_1_118' title='bbox 1091 1033 1282 1088; x_wconf 88' lang='lat' dir='ltr'>proelium</span> <span class='ocrx_word' id='word_1_119' title='bbox 1304 1032 1583 1084; x_wconf 89' lang='lat' dir='ltr'>Liberalibus,</span> <span class='ocrx_word' id='word_1_120' title='bbox 1617 1048 1656 1074; x_wconf 86' lang='lat' dir='ltr'>a.</span> 
     </span>
     <span class='ocr_line' id='line_1_14' title="bbox 162 1098 1660 1156; baseline 0.001 -15"><span class='ocrx_word' id='word_1_121' title='bbox 162 1103 199 1141; x_wconf 84' lang='lat' dir='ltr'>d.</span> <span class='ocrx_word' id='word_1_122' title='bbox 224 1099 328 1141; x_wconf 84' lang='lat' dir='ltr'>XVI</span> <span class='ocrx_word' id='word_1_123' title='bbox 351 1098 440 1141; x_wconf 79' lang='lat' dir='ltr'>Cal.</span> <span class='ocrx_word' id='word_1_124' title='bbox 466 1102 596 1155; x_wconf 86' lang='lat' dir='ltr'>April.</span> <span class='ocrx_word' id='word_1_125' title='bbox 616 1133 626 1152; x_wconf 92' lang='lat'>,</span> <span class='ocrx_word' id='word_1_126' title='bbox 661 1103 807 1142; x_wconf 86' lang='lat' dir='ltr'>factum</span> <span class='ocrx_word' id='word_1_127' title='bbox 831 1108 892 1142; x_wconf 88' lang='lat' dir='ltr'>est</span> <span class='ocrx_word' id='word_1_128' title='bbox 923 1102 990 1156; x_wconf 87' lang='lat' dir='ltr'>(b.</span> <span class='ocrx_word' id='word_1_129' title='bbox 1016 1101 1130 1155; x_wconf 84' lang='lat' dir='ltr'>Hisp.</span> <span class='ocrx_word' id='word_1_130' title='bbox 1157 1101 1233 1152; x_wconf 84' lang='lat'>31,</span> <span class='ocrx_word' id='word_1_131' title='bbox 1269 1102 1339 1155; x_wconf 82' lang='lat'>8).</span> <span class='ocrx_word' id='word_1_132' title='bbox 1401 1100 1515 1142; x_wconf 87' lang='lat' dir='ltr'>Nihil</span> <span class='ocrx_word' id='word_1_133' title='bbox 1535 1102 1660 1156; x_wconf 87' lang='lat' dir='ltr'>igitur</span> 
     </span>
     <span class='ocr_line' id='line_1_15' title="bbox 162 1168 1656 1224; baseline 0.001 -16"><span class='ocrx_word' id='word_1_134' title='bbox 162 1170 362 1209; x_wconf 85' lang='lat' dir='ltr'>etiamtum</span> <span class='ocrx_word' id='word_1_135' title='bbox 387 1169 542 1209; x_wconf 77' lang='lat' dir='ltr'>Hirtius</span> <span class='ocrx_word' id='word_1_136' title='bbox 567 1170 613 1210; x_wconf 91' lang='lat' dir='ltr'>de</span> <span class='ocrx_word' id='word_1_137' title='bbox 635 1179 761 1211; x_wconf 86' lang='lat' dir='ltr'>morte</span> <span class='ocrx_word' id='word_1_138' title='bbox 785 1168 861 1210; x_wconf 87' lang='lat' dir='ltr'>Cn.</span> <span class='ocrx_word' id='word_1_139' title='bbox 889 1169 1067 1224; x_wconf 89' lang='lat' dir='ltr'>Pompeii</span> <span class='ocrx_word' id='word_1_140' title='bbox 1098 1170 1366 1211; x_wconf 88' lang='lat' dir='ltr'>adolescentis</span> <span class='ocrx_word' id='word_1_141' title='bbox 1390 1177 1656 1224; x_wconf 83' lang='lat' dir='ltr'>compererat,</span> 
     </span>
     <span class='ocr_line' id='line_1_16' title="bbox 163 1236 1657 1293; baseline -0.001 -15"><span class='ocrx_word' id='word_1_142' title='bbox 163 1238 273 1278; x_wconf 87' lang='lat' dir='ltr'>cuius</span> <span class='ocrx_word' id='word_1_143' title='bbox 295 1245 411 1291; x_wconf 88' lang='lat' dir='ltr'>caput</span> <span class='ocrx_word' id='word_1_144' title='bbox 441 1237 478 1277; x_wconf 89' lang='lat' dir='ltr'>b.</span> <span class='ocrx_word' id='word_1_145' title='bbox 505 1237 620 1292; x_wconf 89' lang='lat' dir='ltr'>Hisp.</span> <span class='ocrx_word' id='word_1_146' title='bbox 654 1236 708 1279; x_wconf 80' lang='lat'>39</span> <span class='ocrx_word' id='word_1_147' title='bbox 731 1246 835 1278; x_wconf 78' lang='lat' dir='ltr'>extr.</span> <span class='ocrx_word' id='word_1_148' title='bbox 862 1239 986 1293; x_wconf 88' lang='lat' dir='ltr'>pridie</span> <span class='ocrx_word' id='word_1_149' title='bbox 1014 1237 1076 1278; x_wconf 92' lang='lat' dir='ltr'>Id.</span> <span class='ocrx_word' id='word_1_150' title='bbox 1106 1238 1237 1293; x_wconf 88' lang='lat' dir='ltr'>April.</span> <span class='ocrx_word' id='word_1_151' title='bbox 1273 1237 1467 1292; x_wconf 86' lang='lat' dir='ltr'>Hispalim</span> <span class='ocrx_word' id='word_1_152' title='bbox 1498 1238 1657 1278; x_wconf 85' lang='lat' dir='ltr'>allatum</span> 
     </span>
     <span class='ocr_line' id='line_1_17' title="bbox 163 1305 1658 1362; baseline 0 -16"><span class='ocrx_word' id='word_1_153' title='bbox 163 1320 251 1347; x_wconf 87' lang='lat' dir='ltr'>esse</span> <span class='ocrx_word' id='word_1_154' title='bbox 273 1308 462 1347; x_wconf 85' lang='lat' dir='ltr'>refertur.</span> <span class='ocrx_word' id='word_1_155' title='bbox 513 1305 652 1360; x_wconf 85' lang='lat' dir='ltr'>Itaque</span> <span class='ocrx_word' id='word_1_156' title='bbox 674 1307 787 1360; x_wconf 88' lang='lat' dir='ltr'>paulo</span> <span class='ocrx_word' id='word_1_157' title='bbox 810 1314 900 1360; x_wconf 90' lang='lat' dir='ltr'>post</span> <span class='ocrx_word' id='word_1_158' title='bbox 921 1305 1144 1348; x_wconf 86' lang='lat' dir='ltr'>Mundense</span> <span class='ocrx_word' id='word_1_159' title='bbox 1167 1308 1359 1362; x_wconf 89' lang='lat' dir='ltr'>proelium</span> <span class='ocrx_word' id='word_1_160' title='bbox 1392 1307 1438 1347; x_wconf 89' lang='lat' dir='ltr'>ab</span> <span class='ocrx_word' id='word_1_161' title='bbox 1475 1307 1658 1347; x_wconf 80' lang='lat' dir='ltr'>exercitu</span> 
     </span>
     <span class='ocr_line' id='line_1_18' title="bbox 163 1373 1658 1429; baseline -0.001 -15"><span class='ocrx_word' id='word_1_162' title='bbox 163 1375 397 1415; x_wconf 88' lang='lat' dir='ltr'>discessisse</span> <span class='ocrx_word' id='word_1_163' title='bbox 419 1382 457 1414; x_wconf 89' lang='lat' dir='ltr'>et</span> <span class='ocrx_word' id='word_1_164' title='bbox 479 1375 519 1414; x_wconf 90' lang='lat' dir='ltr'>in</span> <span class='ocrx_word' id='word_1_165' title='bbox 543 1373 711 1415; x_wconf 85' lang='lat' dir='ltr'>Galliam</span> <span class='ocrx_word' id='word_1_166' title='bbox 736 1376 937 1429; x_wconf 72' lang='lat' dir='ltr'>prot&#39;ectus</span> <span class='ocrx_word' id='word_1_167' title='bbox 960 1390 1050 1416; x_wconf 88' lang='lat' dir='ltr'>esse</span> <span class='ocrx_word' id='word_1_168' title='bbox 1073 1376 1246 1416; x_wconf 90' lang='lat' dir='ltr'>uidetur.</span> <span class='ocrx_word' id='word_1_169' title='bbox 1312 1375 1384 1415; x_wconf 89' lang='lat' dir='ltr'>His</span> <span class='ocrx_word' id='word_1_170' title='bbox 1415 1375 1532 1415; x_wconf 88' lang='lat' dir='ltr'>rebus</span> <span class='ocrx_word' id='word_1_171' title='bbox 1564 1389 1658 1414; x_wconf 87' lang='lat' dir='ltr'>con-</span> 
     </span>
     <span class='ocr_line' id='line_1_19' title="bbox 164 1442 1658 1497; baseline -0.001 -15"><span class='ocrx_word' id='word_1_172' title='bbox 164 1443 359 1491; x_wconf 80' lang='lat' dir='ltr'>sentiunt,</span> <span class='ocrx_word' id='word_1_173' title='bbox 383 1456 483 1495; x_wconf 85' lang='lat' dir='ltr'>quae</span> <span class='ocrx_word' id='word_1_174' title='bbox 505 1442 545 1481; x_wconf 85' lang='lat' dir='ltr'>in</span> <span class='ocrx_word' id='word_1_175' title='bbox 566 1443 662 1496; x_wconf 90' lang='lat' dir='ltr'>ipsis</span> <span class='ocrx_word' id='word_1_176' title='bbox 686 1444 980 1482; x_wconf 82' lang='lat' dir='ltr'>commentariis</span> <span class='ocrx_word' id='word_1_177' title='bbox 1004 1444 1050 1483; x_wconf 91' lang='lat' dir='ltr'>de</span> <span class='ocrx_word' id='word_1_178' title='bbox 1072 1444 1264 1497; x_wconf 87' lang='lat' dir='ltr'>scriptore</span> <span class='ocrx_word' id='word_1_179' title='bbox 1287 1445 1533 1491; x_wconf 85' lang='lat' dir='ltr'>referuntur,</span> <span class='ocrx_word' id='word_1_180' title='bbox 1559 1456 1658 1495; x_wconf 89' lang='lat' dir='ltr'>quae</span> 
     </span>
     <span class='ocr_line' id='line_1_20' title="bbox 163 1509 1657 1564; baseline 0.001 -15"><span class='ocrx_word' id='word_1_181' title='bbox 163 1511 315 1563; x_wconf 91' lang='lat' dir='ltr'>quidem</span> <span class='ocrx_word' id='word_1_182' title='bbox 338 1510 587 1550; x_wconf 84' lang='lat' dir='ltr'>librariorum</span> <span class='ocrx_word' id='word_1_183' title='bbox 612 1510 736 1550; x_wconf 90' lang='lat' dir='ltr'>errori</span> <span class='ocrx_word' id='word_1_184' title='bbox 762 1510 935 1550; x_wconf 80' lang='lat' dir='ltr'>obnoxia</span> <span class='ocrx_word' id='word_1_185' title='bbox 958 1525 1034 1550; x_wconf 88' lang='lat' dir='ltr'>non</span> <span class='ocrx_word' id='word_1_186' title='bbox 1060 1512 1234 1550; x_wconf 80' lang='lat' dir='ltr'>fuerunt.</span> <span class='ocrx_word' id='word_1_187' title='bbox 1269 1509 1375 1550; x_wconf 85' lang='lat' dir='ltr'>Nam</span> <span class='ocrx_word' id='word_1_188' title='bbox 1398 1525 1498 1564; x_wconf 86' lang='lat' dir='ltr'>quae</span> <span class='ocrx_word' id='word_1_189' title='bbox 1521 1511 1657 1562; x_wconf 83' lang='lat' dir='ltr'>legun-</span> 
     </span>
     <span class='ocr_line' id='line_1_21' title="bbox 162 1577 1660 1632; baseline 0 -14"><span class='ocrx_word' id='word_1_190' title='bbox 162 1584 225 1619; x_wconf 82' lang='lat' dir='ltr'>tur</span> <span class='ocrx_word' id='word_1_191' title='bbox 245 1578 284 1616; x_wconf 91' lang='lat' dir='ltr'>b.</span> <span class='ocrx_word' id='word_1_192' title='bbox 309 1577 431 1617; x_wconf 79' lang='lat' dir='ltr'>Alex.</span> <span class='ocrx_word' id='word_1_193' title='bbox 458 1577 482 1617; x_wconf 87' lang='lat'><strong>3</strong></span> <span class='ocrx_word' id='word_1_194' title='bbox 498 1608 508 1627; x_wconf 92' lang='lat'>,</span> <span class='ocrx_word' id='word_1_195' title='bbox 544 1578 561 1617; x_wconf 84' lang='lat'>1</span> <span class='ocrx_word' id='word_1_196' title='bbox 597 1578 643 1618; x_wconf 83' lang='lat' dir='ltr'>de</span> <span class='ocrx_word' id='word_1_197' title='bbox 672 1578 791 1618; x_wconf 87' lang='lat' dir='ltr'>rebus</span> <span class='ocrx_word' id='word_1_198' title='bbox 813 1577 1086 1618; x_wconf 77' lang='lat' dir='ltr'>Alexandriae</span> <span class='ocrx_word' id='word_1_199' title='bbox 1109 1579 1231 1631; x_wconf 83' lang='lat' dir='ltr'>gestis</span> <span class='ocrx_word' id='word_1_200' title='bbox 1258 1585 1371 1632; x_wconf 83' lang='lat' dir='ltr'>‘quae</span> <span class='ocrx_word' id='word_1_201' title='bbox 1393 1593 1416 1619; x_wconf 88' lang='lat' dir='ltr'>a</span> <span class='ocrx_word' id='word_1_202' title='bbox 1437 1578 1550 1618; x_wconf 90' lang='lat' dir='ltr'>nobis</span> <span class='ocrx_word' id='word_1_203' title='bbox 1572 1578 1660 1618; x_wconf 75' lang='lat' dir='ltr'>fieri</span> 
     </span>
     <span class='ocr_line' id='line_1_22' title="bbox 161 1644 1661 1699; baseline 0.001 -15"><span class='ocrx_word' id='word_1_204' title='bbox 161 1645 363 1686; x_wconf 83' lang='lat' dir='ltr'>uiderant&#39;</span> <span class='ocrx_word' id='word_1_205' title='bbox 395 1652 433 1686; x_wconf 90' lang='lat' dir='ltr'>et</span> <span class='ocrx_word' id='word_1_206' title='bbox 459 1644 533 1695; x_wconf 73' lang='lat'>19,</span> <span class='ocrx_word' id='word_1_207' title='bbox 557 1644 584 1685; x_wconf 90' lang='grc'>6</span> <span class='ocrx_word' id='word_1_208' title='bbox 618 1645 894 1698; x_wconf 69' lang='lat' dir='ltr'>‘pugnabatur</span> <span class='ocrx_word' id='word_1_209' title='bbox 915 1659 936 1685; x_wconf 88' lang='lat' dir='ltr'>a</span> <span class='ocrx_word' id='word_1_210' title='bbox 961 1645 1073 1685; x_wconf 88' lang='lat' dir='ltr'>nobis</span> <span class='ocrx_word' id='word_1_211' title='bbox 1097 1659 1149 1685; x_wconf 77' lang='lat' dir='ltr'>ex</span> <span class='ocrx_word' id='word_1_212' title='bbox 1172 1647 1330 1699; x_wconf 81' lang='lat' dir='ltr'>ponte’,</span> <span class='ocrx_word' id='word_1_213' title='bbox 1366 1660 1482 1686; x_wconf 88' lang='lat' dir='ltr'>nemo</span> <span class='ocrx_word' id='word_1_214' title='bbox 1504 1646 1661 1686; x_wconf 85' lang='lat' dir='ltr'>dubita-</span> 
     </span>
     <span class='ocr_line' id='line_1_23' title="bbox 160 1713 1662 1766; baseline 0.001 -13"><span class='ocrx_word' id='word_1_215' title='bbox 160 1713 241 1763; x_wconf 88' lang='lat' dir='ltr'>bit,</span> <span class='ocrx_word' id='word_1_216' title='bbox 276 1714 367 1766; x_wconf 84' lang='lat' dir='ltr'>quin</span> <span class='ocrx_word' id='word_1_217' title='bbox 398 1713 475 1754; x_wconf 91' lang='lat' dir='ltr'>illis</span> <span class='ocrx_word' id='word_1_218' title='bbox 499 1713 720 1753; x_wconf 85' lang='lat' dir='ltr'>hominibus</span> <span class='ocrx_word' id='word_1_219' title='bbox 745 1713 824 1753; x_wconf 89' lang='lat' dir='ltr'>sint</span> <span class='ocrx_word' id='word_1_220' title='bbox 846 1713 1077 1763; x_wconf 80' lang='lat' dir='ltr'>tribuenda,</span> <span class='ocrx_word' id='word_1_221' title='bbox 1113 1721 1152 1754; x_wconf 92' lang='lat' dir='ltr'>et</span> <span class='ocrx_word' id='word_1_222' title='bbox 1181 1714 1306 1754; x_wconf 90' lang='lat' dir='ltr'>altero</span> <span class='ocrx_word' id='word_1_223' title='bbox 1327 1715 1414 1755; x_wconf 91' lang='lat' dir='ltr'>loco</span> <span class='ocrx_word' id='word_1_224' title='bbox 1436 1721 1544 1755; x_wconf 89' lang='lat' dir='ltr'>recte</span> <span class='ocrx_word' id='word_1_225' title='bbox 1566 1722 1662 1755; x_wconf 83' lang='lat' dir='ltr'>ante</span> 
     </span>
     <span class='ocr_line' id='line_1_24' title="bbox 162 1780 1658 1836; baseline -0.001 -13"><span class='ocrx_word' id='word_1_226' title='bbox 162 1780 484 1835; x_wconf 85' lang='lat' dir='ltr'>Oudendorpium</span> <span class='ocrx_word' id='word_1_227' title='bbox 517 1789 526 1806; x_wconf 78' lang='lat'>⁶</span> <span class='ocrx_word' id='word_1_228' title='bbox 543 1795 566 1821; x_wconf 88' lang='lat' dir='ltr'>a</span> <span class='ocrx_word' id='word_1_229' title='bbox 588 1781 758 1822; x_wconf 79' lang='lat' dir='ltr'>nostris&#39;</span> <span class='ocrx_word' id='word_1_230' title='bbox 796 1781 958 1832; x_wconf 88' lang='lat' dir='ltr'>editum,</span> <span class='ocrx_word' id='word_1_231' title='bbox 983 1782 1162 1835; x_wconf 87' lang='lat' dir='ltr'>idemque</span> <span class='ocrx_word' id='word_1_232' title='bbox 1186 1781 1320 1836; x_wconf 90' lang='lat' dir='ltr'>priore</span> <span class='ocrx_word' id='word_1_233' title='bbox 1342 1783 1563 1836; x_wconf 84' lang='lat' dir='ltr'>ponendum</span> <span class='ocrx_word' id='word_1_234' title='bbox 1587 1783 1658 1823; x_wconf 79' lang='lat' dir='ltr'>sit.</span> 
     </span>
     <span class='ocr_line' id='line_1_25' title="bbox 158 1848 1660 1906; baseline 0 -16"><span class='ocrx_word' id='word_1_235' title='bbox 158 1848 302 1903; x_wconf 87' lang='lat' dir='ltr'>Neque</span> <span class='ocrx_word' id='word_1_236' title='bbox 326 1864 393 1903; x_wconf 90' lang='lat' dir='ltr'>pro</span> <span class='ocrx_word' id='word_1_237' title='bbox 418 1850 642 1891; x_wconf 87' lang='lat' dir='ltr'>testimonio</span> <span class='ocrx_word' id='word_1_238' title='bbox 676 1850 813 1890; x_wconf 87' lang='lat' dir='ltr'>haberi</span> <span class='ocrx_word' id='word_1_239' title='bbox 845 1857 995 1903; x_wconf 85' lang='lat' dir='ltr'>potest,</span> <span class='ocrx_word' id='word_1_240' title='bbox 1029 1851 1131 1906; x_wconf 87' lang='lat' dir='ltr'>quod</span> <span class='ocrx_word' id='word_1_241' title='bbox 1161 1849 1199 1889; x_wconf 91' lang='lat' dir='ltr'>b.</span> <span class='ocrx_word' id='word_1_242' title='bbox 1231 1849 1348 1905; x_wconf 90' lang='lat' dir='ltr'>Hisp.</span> <span class='ocrx_word' id='word_1_243' title='bbox 1382 1849 1462 1901; x_wconf 83' lang='grc'>38,</span> <span class='ocrx_word' id='word_1_244' title='bbox 1498 1849 1548 1901; x_wconf 85' lang='lat'>5,</span> <span class='ocrx_word' id='word_1_245' title='bbox 1581 1865 1660 1904; x_wconf 83' lang='lat' dir='ltr'>quo</span> 
     </span>
     <span class='ocr_line' id='line_1_26' title="bbox 159 1915 1657 1973; baseline 0.001 -16"><span class='ocrx_word' id='word_1_246' title='bbox 159 1918 247 1958; x_wconf 89' lang='lat' dir='ltr'>loco</span> <span class='ocrx_word' id='word_1_247' title='bbox 271 1918 318 1958; x_wconf 92' lang='lat' dir='ltr'>de</span> <span class='ocrx_word' id='word_1_248' title='bbox 348 1919 467 1958; x_wconf 87' lang='lat' dir='ltr'>caede</span> <span class='ocrx_word' id='word_1_249' title='bbox 490 1915 567 1958; x_wconf 90' lang='lat' dir='ltr'>Cu.</span> <span class='ocrx_word' id='word_1_250' title='bbox 598 1916 780 1972; x_wconf 89' lang='lat' dir='ltr'>Pompeii</span> <span class='ocrx_word' id='word_1_251' title='bbox 812 1918 980 1958; x_wconf 82' lang='lat' dir='ltr'>relatum</span> <span class='ocrx_word' id='word_1_252' title='bbox 1004 1925 1089 1968; x_wconf 86' lang='lat' dir='ltr'>est,</span> <span class='ocrx_word' id='word_1_253' title='bbox 1124 1918 1165 1958; x_wconf 90' lang='lat' dir='ltr'>in</span> <span class='ocrx_word' id='word_1_254' title='bbox 1196 1917 1293 1959; x_wconf 84' lang='lat' dir='ltr'>Par.</span> <span class='ocrx_word' id='word_1_255' title='bbox 1329 1933 1411 1960; x_wconf 89' lang='lat' dir='ltr'>sec.</span> <span class='ocrx_word' id='word_1_256' title='bbox 1436 1917 1557 1959; x_wconf 82' lang='lat' dir='ltr'>Leid.</span> <span class='ocrx_word' id='word_1_257' title='bbox 1592 1933 1657 1973; x_wconf 74' lang='lat' dir='ltr'>pr..</span> 
     </span>
     <span class='ocr_line' id='line_1_27' title="bbox 161 1986 1658 2041; baseline 0.001 -16"><span class='ocrx_word' id='word_1_258' title='bbox 161 1987 389 2038; x_wconf 87' lang='lat' dir='ltr'>duobusque</span> <span class='ocrx_word' id='word_1_259' title='bbox 420 1986 681 2027; x_wconf 86' lang='lat' dir='ltr'>deterioribus</span> <span class='ocrx_word' id='word_1_260' title='bbox 714 1986 826 2026; x_wconf 87' lang='lat' dir='ltr'>codd.</span> <span class='ocrx_word' id='word_1_261' title='bbox 863 1986 1008 2040; x_wconf 84' lang='lat' dir='ltr'>legitur</span> <span class='ocrx_word' id='word_1_262' title='bbox 1041 1986 1107 2026; x_wconf 78' lang='lat' dir='ltr'>‘in</span> <span class='ocrx_word' id='word_1_263' title='bbox 1130 1988 1299 2027; x_wconf 85' lang='lat' dir='ltr'>aduentu</span> <span class='ocrx_word' id='word_1_264' title='bbox 1323 2001 1396 2028; x_wconf 91' lang='lat' dir='ltr'>nos</span> <span class='ocrx_word' id='word_1_265' title='bbox 1420 1986 1658 2041; x_wconf 68' lang='lat' dir='ltr'>depellunt&#39;..</span> 
     </span>
     <span class='ocr_line' id='line_1_28' title="bbox 159 2052 1662 2110; baseline 0.002 -17"><span class='ocrx_word' id='word_1_266' title='bbox 159 2052 303 2094; x_wconf 85' lang='lat' dir='ltr'>Editur</span> <span class='ocrx_word' id='word_1_267' title='bbox 324 2054 376 2094; x_wconf 93' lang='lat' dir='ltr'>ibi</span> <span class='ocrx_word' id='word_1_268' title='bbox 410 2060 419 2077; x_wconf 88' lang='lat'>‘</span> <span class='ocrx_word' id='word_1_269' title='bbox 436 2055 562 2094; x_wconf 90' lang='lat' dir='ltr'>nostri</span> <span class='ocrx_word' id='word_1_270' title='bbox 585 2054 856 2108; x_wconf 78' lang='lat' dir='ltr'>depelluntur⁷</span> <span class='ocrx_word' id='word_1_271' title='bbox 875 2072 883 2094; x_wconf 70' lang='grc' dir='ltr'><strong><em>ε</em></strong></span> <span class='ocrx_word' id='word_1_272' title='bbox 920 2061 1026 2094; x_wconf 84' lang='lat' dir='ltr'>totus</span> <span class='ocrx_word' id='word_1_273' title='bbox 1049 2056 1205 2108; x_wconf 86' lang='lat' dir='ltr'>quidem</span> <span class='ocrx_word' id='word_1_274' title='bbox 1228 2056 1336 2096; x_wconf 91' lang='lat' dir='ltr'>locus</span> <span class='ocrx_word' id='word_1_275' title='bbox 1359 2055 1662 2110; x_wconf 81' lang='lat' dir='ltr'>perturbatissi-</span> 
     </span>
     <span class='ocr_line' id='line_1_29' title="bbox 160 2119 1659 2178; baseline 0.001 -16"><span class='ocrx_word' id='word_1_276' title='bbox 160 2136 246 2162; x_wconf 90' lang='lat' dir='ltr'>mus</span> <span class='ocrx_word' id='word_1_277' title='bbox 269 2129 344 2162; x_wconf 86' lang='lat' dir='ltr'>est.</span> <span class='ocrx_word' id='word_1_278' title='bbox 389 2119 612 2176; x_wconf 84' lang='lat' dir='ltr'>Supersunt</span> <span class='ocrx_word' id='word_1_279' title='bbox 634 2123 746 2164; x_wconf 87' lang='lat' dir='ltr'>haec.</span> <span class='ocrx_word' id='word_1_280' title='bbox 779 2121 841 2163; x_wconf 91' lang='lat' dir='ltr'>De</span> <span class='ocrx_word' id='word_1_281' title='bbox 861 2121 900 2162; x_wconf 92' lang='lat' dir='ltr'>b.</span> <span class='ocrx_word' id='word_1_282' title='bbox 927 2123 1048 2162; x_wconf 67' lang='lat' dir='ltr'>Alex.</span> <span class='ocrx_word' id='word_1_283' title='bbox 1075 2123 1144 2174; x_wconf 78' lang='lat'>74,</span> <span class='ocrx_word' id='word_1_284' title='bbox 1170 2122 1211 2175; x_wconf 87' lang='grc'>3,</span> <span class='ocrx_word' id='word_1_285' title='bbox 1236 2125 1302 2165; x_wconf 91' lang='lat' dir='ltr'>ubi</span> <span class='ocrx_word' id='word_1_286' title='bbox 1325 2125 1372 2165; x_wconf 91' lang='lat' dir='ltr'>de</span> <span class='ocrx_word' id='word_1_287' title='bbox 1394 2124 1544 2178; x_wconf 91' lang='lat' dir='ltr'>proelio</span> <span class='ocrx_word' id='word_1_288' title='bbox 1568 2139 1659 2164; x_wconf 63' lang='lat' dir='ltr'>cuna</span> 
     </span>
     <span class='ocr_line' id='line_1_30' title="bbox 159 2188 1658 2245; baseline 0.003 -15"><span class='ocrx_word' id='word_1_289' title='bbox 159 2188 364 2230; x_wconf 86' lang='lat' dir='ltr'>Pharnace</span> <span class='ocrx_word' id='word_1_290' title='bbox 387 2205 409 2231; x_wconf 87' lang='lat' dir='ltr'>a</span> <span class='ocrx_word' id='word_1_291' title='bbox 432 2188 610 2232; x_wconf 87' lang='lat' dir='ltr'>Caesare</span> <span class='ocrx_word' id='word_1_292' title='bbox 633 2192 737 2231; x_wconf 87' lang='lat' dir='ltr'>facto</span> <span class='ocrx_word' id='word_1_293' title='bbox 761 2192 918 2242; x_wconf 86' lang='lat' dir='ltr'>dicitur,</span> <span class='ocrx_word' id='word_1_294' title='bbox 944 2191 999 2232; x_wconf 86' lang='lat' dir='ltr'>ita</span> <span class='ocrx_word' id='word_1_295' title='bbox 1019 2192 1210 2245; x_wconf 90' lang='lat' dir='ltr'>scriptum</span> <span class='ocrx_word' id='word_1_296' title='bbox 1241 2200 1325 2233; x_wconf 88' lang='lat' dir='ltr'>est:</span> <span class='ocrx_word' id='word_1_297' title='bbox 1374 2198 1384 2216; x_wconf 75' lang='lat'><strong><em>⁶</em></strong></span> <span class='ocrx_word' id='word_1_298' title='bbox 1399 2193 1455 2233; x_wconf 89' lang='lat' dir='ltr'>At</span> <span class='ocrx_word' id='word_1_299' title='bbox 1475 2192 1658 2235; x_wconf 82' lang='lat' dir='ltr'>Pharna-</span> 
     </span>
     <span class='ocr_line' id='line_1_31' title="bbox 161 2258 1656 2315; baseline 0.002 -16"><span class='ocrx_word' id='word_1_300' title='bbox 161 2272 227 2299; x_wconf 90' lang='lat' dir='ltr'>ces</span> <span class='ocrx_word' id='word_1_301' title='bbox 248 2258 437 2313; x_wconf 89' lang='lat' dir='ltr'>impulsus</span> <span class='ocrx_word' id='word_1_302' title='bbox 460 2259 546 2300; x_wconf 91' lang='lat' dir='ltr'>siue</span> <span class='ocrx_word' id='word_1_303' title='bbox 575 2259 652 2299; x_wconf 92' lang='lat' dir='ltr'>loci</span> <span class='ocrx_word' id='word_1_304' title='bbox 685 2260 870 2300; x_wconf 90' lang='lat' dir='ltr'>felicitate</span> <span class='ocrx_word' id='word_1_305' title='bbox 903 2260 989 2301; x_wconf 90' lang='lat' dir='ltr'>siue</span> <span class='ocrx_word' id='word_1_306' title='bbox 1019 2260 1205 2314; x_wconf 89' lang='lat' dir='ltr'>auspiciis</span> <span class='ocrx_word' id='word_1_307' title='bbox 1238 2268 1277 2301; x_wconf 88' lang='lat' dir='ltr'>et</span> <span class='ocrx_word' id='word_1_308' title='bbox 1307 2261 1568 2315; x_wconf 82' lang='lat' dir='ltr'>religionibus</span> <span class='ocrx_word' id='word_1_309' title='bbox 1596 2262 1656 2302; x_wconf 91' lang='lat' dir='ltr'>in-</span> 
     </span>
     <span class='ocr_line' id='line_1_32' title="bbox 161 2327 1655 2384; baseline 0.002 -17"><span class='ocrx_word' id='word_1_310' title='bbox 161 2327 317 2377; x_wconf 87' lang='lat' dir='ltr'>ductus,</span> <span class='ocrx_word' id='word_1_311' title='bbox 343 2327 481 2380; x_wconf 88' lang='lat' dir='ltr'>quibus</span> <span class='ocrx_word' id='word_1_312' title='bbox 505 2328 798 2382; x_wconf 88' lang='lat' dir='ltr'>obtemperasse</span> <span class='ocrx_word' id='word_1_313' title='bbox 821 2343 909 2369; x_wconf 90' lang='lat' dir='ltr'>eum</span> <span class='ocrx_word' id='word_1_314' title='bbox 931 2337 1069 2383; x_wconf 88' lang='lat' dir='ltr'>postea</span> <span class='ocrx_word' id='word_1_315' title='bbox 1091 2329 1365 2371; x_wconf 84' lang='lat' dir='ltr'>audiebamus&#39;</span> <span class='ocrx_word' id='word_1_316' title='bbox 1407 2338 1502 2371; x_wconf 89' lang='lat' dir='ltr'>cett.</span> <span class='ocrx_word' id='word_1_317' title='bbox 1520 2361 1531 2381; x_wconf 88' lang='lat'>,</span> <span class='ocrx_word' id='word_1_318' title='bbox 1557 2345 1655 2384; x_wconf 86' lang='lat' dir='ltr'>quae</span> 
     </span>
     <span class='ocr_line' id='line_1_33' title="bbox 159 2396 1655 2452; baseline 0.003 -17"><span class='ocrx_word' id='word_1_319' title='bbox 159 2396 280 2436; x_wconf 85' lang='lat' dir='ltr'>scribi</span> <span class='ocrx_word' id='word_1_320' title='bbox 303 2411 379 2436; x_wconf 87' lang='lat' dir='ltr'>non</span> <span class='ocrx_word' id='word_1_321' title='bbox 403 2403 615 2449; x_wconf 90' lang='lat' dir='ltr'>potuerunt</span> <span class='ocrx_word' id='word_1_322' title='bbox 648 2397 727 2437; x_wconf 80' lang='lat' dir='ltr'>nisi</span> <span class='ocrx_word' id='word_1_323' title='bbox 756 2396 803 2437; x_wconf 88' lang='lat' dir='ltr'>ab</span> <span class='ocrx_word' id='word_1_324' title='bbox 826 2411 899 2447; x_wconf 92' lang='lat' dir='ltr'>eo,</span> <span class='ocrx_word' id='word_1_325' title='bbox 934 2397 999 2450; x_wconf 88' lang='lat' dir='ltr'>qui</span> <span class='ocrx_word' id='word_1_326' title='bbox 1032 2411 1183 2452; x_wconf 84' lang='lat' dir='ltr'>pugnae</span> <span class='ocrx_word' id='word_1_327' title='bbox 1213 2398 1464 2440; x_wconf 83' lang='lat' dir='ltr'>interfuisset</span> <span class='ocrx_word' id='word_1_328' title='bbox 1493 2413 1655 2452; x_wconf 89' lang='lat' dir='ltr'>eamque</span> 
     </span>
     <span class='ocr_line' id='line_1_34' title="bbox 159 2464 1655 2522; baseline 0.003 -18"><span class='ocrx_word' id='word_1_329' title='bbox 159 2477 242 2504; x_wconf 81' lang='lat' dir='ltr'>rem</span> <span class='ocrx_word' id='word_1_330' title='bbox 265 2478 317 2505; x_wconf 82' lang='lat' dir='ltr'>ex</span> <span class='ocrx_word' id='word_1_331' title='bbox 345 2466 509 2518; x_wconf 86' lang='lat' dir='ltr'>captiuis</span> <span class='ocrx_word' id='word_1_332' title='bbox 540 2472 767 2518; x_wconf 84' lang='lat' dir='ltr'>cognosset.</span> <span class='ocrx_word' id='word_1_333' title='bbox 825 2464 930 2505; x_wconf 88' lang='lat' dir='ltr'>Nam</span> <span class='ocrx_word' id='word_1_334' title='bbox 963 2466 1126 2518; x_wconf 87' lang='lat' dir='ltr'>quinon</span> <span class='ocrx_word' id='word_1_335' title='bbox 1160 2467 1363 2517; x_wconf 84' lang='lat' dir='ltr'>affuisset,</span> <span class='ocrx_word' id='word_1_336' title='bbox 1399 2467 1530 2522; x_wconf 88' lang='lat' dir='ltr'>inepte</span> <span class='ocrx_word' id='word_1_337' title='bbox 1552 2482 1596 2508; x_wconf 86' lang='lat' dir='ltr'>se</span> <span class='ocrx_word' id='word_1_338' title='bbox 1616 2468 1655 2507; x_wconf 86' lang='lat' dir='ltr'>id</span> 
     </span>
     <span class='ocr_line' id='line_1_35' title="bbox 160 2533 1654 2588; baseline 0.001 -16"><span class='ocrx_word' id='word_1_339' title='bbox 160 2540 295 2585; x_wconf 85' lang='lat' dir='ltr'>postea</span> <span class='ocrx_word' id='word_1_340' title='bbox 319 2533 474 2574; x_wconf 85' lang='lat' dir='ltr'>audisse</span> <span class='ocrx_word' id='word_1_341' title='bbox 497 2534 662 2581; x_wconf 85' lang='lat' dir='ltr'>diceret,</span> <span class='ocrx_word' id='word_1_342' title='bbox 689 2534 792 2587; x_wconf 91' lang='lat' dir='ltr'>quod</span> <span class='ocrx_word' id='word_1_343' title='bbox 814 2541 931 2573; x_wconf 89' lang='lat' dir='ltr'>antea</span> <span class='ocrx_word' id='word_1_344' title='bbox 953 2535 1090 2575; x_wconf 89' lang='lat' dir='ltr'>audire</span> <span class='ocrx_word' id='word_1_345' title='bbox 1114 2534 1272 2575; x_wconf 87' lang='lat' dir='ltr'>omnino</span> <span class='ocrx_word' id='word_1_346' title='bbox 1296 2535 1514 2588; x_wconf 88' lang='lat' dir='ltr'>nequisset.</span> <span class='ocrx_word' id='word_1_347' title='bbox 1557 2534 1654 2576; x_wconf 85' lang='lat' dir='ltr'>Item</span> 
     </span>
     <span class='ocr_line' id='line_1_36' title="bbox 162 2600 1654 2659; baseline 0.003 -19"><span class='ocrx_word' id='word_1_348' title='bbox 162 2600 227 2653; x_wconf 92' lang='lat' dir='ltr'>qui</span> <span class='ocrx_word' id='word_1_349' title='bbox 249 2601 389 2641; x_wconf 90' lang='lat' dir='ltr'>librum</span> <span class='ocrx_word' id='word_1_350' title='bbox 412 2602 458 2642; x_wconf 92' lang='lat' dir='ltr'>de</span> <span class='ocrx_word' id='word_1_351' title='bbox 480 2602 519 2642; x_wconf 92' lang='lat' dir='ltr'>b.</span> <span class='ocrx_word' id='word_1_352' title='bbox 544 2601 660 2656; x_wconf 88' lang='lat' dir='ltr'>Hisp.</span> <span class='ocrx_word' id='word_1_353' title='bbox 699 2601 920 2655; x_wconf 89' lang='lat' dir='ltr'>composuit</span> <span class='ocrx_word' id='word_1_354' title='bbox 952 2609 992 2642; x_wconf 91' lang='lat' dir='ltr'>et</span> <span class='ocrx_word' id='word_1_355' title='bbox 1021 2610 1111 2643; x_wconf 86' lang='lat' dir='ltr'>ante</span> <span class='ocrx_word' id='word_1_356' title='bbox 1134 2601 1396 2644; x_wconf 86' lang='lat' dir='ltr'>Mundensem</span> <span class='ocrx_word' id='word_1_357' title='bbox 1420 2618 1588 2659; x_wconf 85' lang='lat' dir='ltr'>pugnam</span> <span class='ocrx_word' id='word_1_358' title='bbox 1611 2618 1654 2644; x_wconf 88' lang='lat' dir='ltr'>se</span> 
     </span>
     <span class='ocr_line' id='line_1_37' title="bbox 163 2669 1656 2724; baseline 0.003 -18"><span class='ocrx_word' id='word_1_359' title='bbox 163 2669 323 2710; x_wconf 86' lang='lat' dir='ltr'>affuisse</span> <span class='ocrx_word' id='word_1_360' title='bbox 345 2671 590 2710; x_wconf 89' lang='lat' dir='ltr'>demonstrat</span> <span class='ocrx_word' id='word_1_361' title='bbox 614 2669 692 2720; x_wconf 83' lang='lat'>11,</span> <span class='ocrx_word' id='word_1_362' title='bbox 726 2675 751 2712; x_wconf 82' lang='grc'>2</span> <span class='ocrx_word' id='word_1_363' title='bbox 786 2671 946 2711; x_wconf 80' lang='lat' dir='ltr'>‘eodem</span> <span class='ocrx_word' id='word_1_364' title='bbox 976 2672 1037 2711; x_wconf 88' lang='lat' dir='ltr'>die</span> <span class='ocrx_word' id='word_1_365' title='bbox 1061 2669 1113 2724; x_wconf 89' lang='lat' dir='ltr'>Q.</span> <span class='ocrx_word' id='word_1_366' title='bbox 1138 2670 1318 2712; x_wconf 85' lang='lat' dir='ltr'>Marcius</span> <span class='ocrx_word' id='word_1_367' title='bbox 1351 2673 1531 2713; x_wconf 89' lang='lat' dir='ltr'>tribunus</span> <span class='ocrx_word' id='word_1_368' title='bbox 1553 2672 1656 2713; x_wconf 91' lang='lat' dir='ltr'>mili-</span> 
     </span>
     <span class='ocr_line' id='line_1_38' title="bbox 163 2737 1652 2795; baseline 0.003 -21"><span class='ocrx_word' id='word_1_369' title='bbox 163 2742 259 2786; x_wconf 83' lang='lat' dir='ltr'>tum,</span> <span class='ocrx_word' id='word_1_370' title='bbox 285 2738 349 2790; x_wconf 91' lang='lat' dir='ltr'>qui</span> <span class='ocrx_word' id='word_1_371' title='bbox 372 2738 511 2779; x_wconf 83' lang='lat' dir='ltr'>fuisset</span> <span class='ocrx_word' id='word_1_372' title='bbox 532 2737 726 2792; x_wconf 90' lang='lat' dir='ltr'>Pompeii,</span> <span class='ocrx_word' id='word_1_373' title='bbox 751 2739 800 2779; x_wconf 85' lang='lat' dir='ltr'>ad</span> <span class='ocrx_word' id='word_1_374' title='bbox 822 2753 894 2779; x_wconf 89' lang='lat' dir='ltr'>nos</span> <span class='ocrx_word' id='word_1_375' title='bbox 918 2740 1172 2794; x_wconf 83' lang='lat' dir='ltr'>transfugit&#39;,</span> <span class='ocrx_word' id='word_1_376' title='bbox 1199 2742 1237 2794; x_wconf 64' lang='grc' dir='ltr'>ἓ.</span> <span class='ocrx_word' id='word_1_377' title='bbox 1262 2738 1288 2779; x_wconf 82' lang='grc'><strong>3</strong></span> <span class='ocrx_word' id='word_1_378' title='bbox 1314 2741 1411 2781; x_wconf 79' lang='lat' dir='ltr'>‘hoc</span> <span class='ocrx_word' id='word_1_379' title='bbox 1434 2740 1652 2795; x_wconf 88' lang='lat' dir='ltr'>praeterito</span> 
     </span>
     <span class='ocr_line' id='line_1_39' title="bbox 163 2803 1653 2861; baseline 0.003 -20"><span class='ocrx_word' id='word_1_380' title='bbox 163 2809 337 2856; x_wconf 91' lang='lat' dir='ltr'>tempore</span> <span class='ocrx_word' id='word_1_381' title='bbox 360 2803 409 2846; x_wconf 90' lang='lat' dir='ltr'>C.</span> <span class='ocrx_word' id='word_1_382' title='bbox 434 2805 664 2848; x_wconf 89' lang='lat' dir='ltr'>Fundanius</span> <span class='ocrx_word' id='word_1_383' title='bbox 697 2821 816 2861; x_wconf 88' lang='lat' dir='ltr'>eques</span> <span class='ocrx_word' id='word_1_384' title='bbox 840 2806 1044 2849; x_wconf 83' lang='lat' dir='ltr'>Romanus</span> <span class='ocrx_word' id='word_1_385' title='bbox 1077 2822 1130 2848; x_wconf 76' lang='lat' dir='ltr'>ex</span> <span class='ocrx_word' id='word_1_386' title='bbox 1159 2808 1300 2849; x_wconf 88' lang='lat' dir='ltr'>castris</span> <span class='ocrx_word' id='word_1_387' title='bbox 1331 2809 1653 2849; x_wconf 86' lang='lat' dir='ltr'>aduersariorum</span> 
     </span>
     <span class='ocr_line' id='line_1_40' title="bbox 164 2872 1650 2933; baseline 0.003 -22"><span class='ocrx_word' id='word_1_388' title='bbox 164 2872 210 2912; x_wconf 89' lang='lat' dir='ltr'>ad</span> <span class='ocrx_word' id='word_1_389' title='bbox 232 2885 304 2912; x_wconf 85' lang='lat' dir='ltr'>nos</span> <span class='ocrx_word' id='word_1_390' title='bbox 327 2874 540 2927; x_wconf 83' lang='lat' dir='ltr'>confugit⁷,</span> <span class='ocrx_word' id='word_1_391' title='bbox 576 2874 628 2916; x_wconf 88' lang='lat'>15</span> <span class='ocrx_word' id='word_1_392' title='bbox 661 2883 768 2917; x_wconf 74' lang='lat' dir='ltr'>extr.</span> <span class='ocrx_word' id='word_1_393' title='bbox 805 2876 870 2917; x_wconf 84' lang='lat' dir='ltr'>‘in</span> <span class='ocrx_word' id='word_1_394' title='bbox 902 2883 1118 2933; x_wconf 87' lang='lat' dir='ltr'>conspectu</span> <span class='ocrx_word' id='word_1_395' title='bbox 1139 2883 1276 2918; x_wconf 87' lang='lat' dir='ltr'>nostro</span> <span class='ocrx_word' id='word_1_396' title='bbox 1300 2877 1473 2932; x_wconf 90' lang='lat' dir='ltr'>hospites</span> <span class='ocrx_word' id='word_1_397' title='bbox 1489 2908 1499 2927; x_wconf 85' lang='lat'>,</span> <span class='ocrx_word' id='word_1_398' title='bbox 1525 2875 1590 2930; x_wconf 89' lang='lat' dir='ltr'>qui</span> <span class='ocrx_word' id='word_1_399' title='bbox 1610 2875 1650 2916; x_wconf 93' lang='lat' dir='ltr'>in</span> 
     </span>
    </p>
   </div>
  </div>
 </body>
</html>
