1835 3240
712 170 825 176 -—
888 145 966 186 ‘147
1027 170 1141 176 ———

179 260 392 316 superioris
415 258 556 300 aetatis
579 271 663 298 cum
685 258 820 300 liberis
850 267 966 312 atque
989 259 1180 300 uxoribus
1213 260 1453 315 publicisque
1475 266 1663 307 custodiis

177 337 243 371 aut
274 342 325 369 ex
356 341 467 367 muro
498 327 544 366 ad
568 326 716 367 caelum
740 341 878 368 manus
901 327 1123 376 tenderent,
1150 335 1219 367 aut
1240 330 1383 382 templa
1406 331 1565 372 deorum
1588 334 1659 373 im—

178 396 396 438 mortalium
420 395 577 436 adirent
598 401 637 434 et
658 401 750 434 ante
773 395 983 435 simulacra
1003 395 1168 449 proiecti
1191 396 1394 436 uictoriam
1428 398 1473 437 ab
1496 400 1569 439 diis
1594 415 1663 441 ex-

177 463 416 519 poscerent'.
460 462 646 503 Publicae
668 462 769 502 enim
793 463 993 503 custodiae
1023 463 1078 503 ita
1101 463 1252 503 demum
1276 465 1436 505 senibus
1460 474 1568 506 recte
1597 469 1664 508 ad-

176 533 458 586 iungerentur,
491 532 524 571 si
553 531 811 584 magistratus
843 531 985 581 ueriti,
1025 545 1073 571 ne
1112 532 1354 585 effugerent,
1398 534 1582 574 custodes
1614 535 1661 575 iis

174 600 466 654 apposuissent.
499 597 641 651 Neque
664 611 759 638 uero
783 598 877 639 haec
900 599 938 638 in
960 599 1072 639 codd.
1098 599 1153 639 ita
1177 600 1320 653 scripta
1345 608 1453 640 sunt.
1496 599 1543 641 In
1566 603 1663 656 ‘ple-

174 666 435 720 risque'enim
457 667 538 707 suis
550 663 851 720 Oudendorpius
875 666 970 707 baec
993 667 1071 721 legi
1091 667 1161 707 ait:
1191 673 1257 707 ‘ex
1283 668 1448 721 publicis
1472 671 1660 712 custodiis

174 749 273 789 quae
300 742 368 776 aut
398 733 538 784 muro’3
570 734 610 773 in
630 732 726 774 Par.
752 747 834 773 sec.
870 731 1082 788 Beyerlius
1113 734 1167 774 ita
1198 736 1386 789 scriptum
1410 750 1498 778 csse
1520 740 1657 780 refert:

177 803 355 857 ‘publicis
379 802 644 855 custodiisque
677 808 744 841 aut
765 801 907 849 muro⁷‚
940 802 1079 843 deinde
1101 810 1230 843 autem
1266 807 1433 845 ‘manus'
1455 806 1495 846 in
1519 820 1565 847 eo
1597 822 1662 847 co-

174 871 259 911 dice
283 869 510 911 desiderari.
544 868 612 909 Ex
633 869 698 917 iis,
723 883 822 922 quae
836 867 1139 924 Oudendorpius
1163 872 1330 921 notauit,
1355 880 1519 927 apparet
1540 874 1662 916 uerba

175 938 357 991 ‘publicis
380 935 581 978 custodiis'
604 936 644 976 in
665 937 843 990 margine
866 937 1037 991 ascripta
1060 938 1180 978 fuisse
1202 939 1326 992 iisque
1348 941 1540 982 adiectum
1555 944 1661 996 prius

171 1006 218 1045 ad
241 1006 360 1046 uerba
395 1011 463 1046 ‘ex
486 1005 625 1054 mum',
660 1005 856 1057 posterius
878 1006 924 1045 ad
946 1005 1011 1045 illa
1038 1012 1152 1059 ‘quae
1174 1007 1215 1046 iu
1238 1009 1377 1062 oppido
1399 1014 1661 1053 remanserat'

172 1074 387 1127 pertinere.
421 1072 557 1125 Itaque
582 1073 677 1113 haec
698 1073 756 1112 sic
780 1073 1047 1114 constituenda
1073 1074 1268 1115 arbitror:
1297 1080 1354 1116 ‘ut
1375 1077 1502 1118 omnis
1524 1079 1663 1121 iuuen-

174 1148 250 1191 tus,
275 1155 375 1194 quae
397 1141 584 1182 custodiis
605 1142 644 1181 in
668 1141 807 1195 oppido
830 1149 1095 1192 remanserat,
1122 1157 1335 1197 omnesque
1358 1147 1573 1198 superioris
1596 1162 1662 1189 ae-

174 1209 261 1249 tatis
285 1223 369 1249 cum
393 1209 528 1249 liberis
550 1216 669 1262 atque
692 1209 883 1249 uxoribus
906 1216 973 1249 aut
998 1210 1184 1264 supplicis
1215 1224 1266 1251 ex
1299 1226 1410 1252 muro
1441 1214 1488 1254 ad
1511 1216 1661 1256 caelum

173 1290 309 1315 manus
333 1277 557 1326 tenderent,
584 1284 650 1317 aut
672 1278 815 1331 templa
838 1277 999 1317 deorum
1022 1278 1297 1320 immortalium
1328 1281 1482 1322 adirent
1513 1290 1551 1324 et
1571 1293 1662 1326 ante

171 1346 383 1386 simulacra
404 1344 567 1398 proiecti
590 1345 798 1385 uictoriam
821 1345 867 1384 ab
892 1345 964 1385 diis
987 1348 1281 1398 exposcerent'.
1328 1346 1556 1404 Peruagata
1571 1360 1663 1393 sunt

173 1413 394 1453 ‘custodiae
415 1411 652 1461 remanere',
680 1411 897 1465 ‘relinqui',
933 1413 1025 1463 alia,
1052 1428 1136 1452 cum
1159 1416 1206 1454 ad
1230 1416 1448 1457 custodiam
1470 1420 1661 1472 agendam

171 1482 206 1521 id
232 1482 375 1521 factum
397 1493 485 1520 esse
506 1479 777 1532 significatur:
813 1480 973 1534 pluralis
996 1481 1148 1521 numeri
1171 1483 1392 1536 exemplum
1416 1499 1494 1525 non
1518 1486 1657 1528 babeo.

173 1549 281 1589 Nihil
303 1556 434 1587 tamen
457 1546 603 1595 obstat,
628 1559 704 1598 quo
725 1546 853 1587 minus
875 1555 982 1588 recte
1005 1556 1186 1601 ponatur.
1240 1549 1309 1591 Ex
1334 1552 1525 1605 ‘publicis'
1549 1555 1661 1596 effeci

172 1614 388 1669 ‘supplicis'
410 1613 634 1669 retinuique
656 1614 923 1654 accusatiuum
938 1645 950 1664 ,
987 1615 1077 1667 quia
1108 1624 1147 1656 et
1168 1618 1338 1671 supplex
1360 1620 1499 1673 aliquis
1522 1637 1659 1664 manus

170 1684 330 1724 tendere
353 1688 391 1722 et
413 1681 605 1735 supplices
628 1694 764 1722 manus
789 1683 951 1722 tendere
974 1683 1131 1723 dicitur.
1167 1684 1253 1725 Hoc
1276 1687 1390 1727 modo
1404 1689 1505 1729 dixit
1518 1688 1660 1732 Cicero

171 1763 241 1805 pro
263 1748 382 1789 Font.
411 1748 485 1798 16,
525 1746 577 1789 38
602 1749 754 1789 ‘tendit
783 1750 831 1790 ad
865 1764 936 1790 uos
969 1751 1082 1805 uirgo
1105 1751 1282 1794 Vestalis
1305 1769 1445 1797 manus
1467 1759 1660 1813 supplices

168 1819 341 1866 easdem,
367 1830 461 1870 quas
484 1830 554 1870 pro
576 1816 687 1856 uobis
711 1817 783 1858 diis
806 1818 1090 1859 immortalibus
1113 1822 1275 1862 tendere
1303 1826 1539 1866 consueuit'.
1583 1825 1660 1868 Ce-

168 1894 296 1927 terum
327 1899 380 1925 ex
411 1884 624 1925 enuntiatis
658 1885 754 1925 ‘aut'
784 1886 975 1940 particula
1007 1887 1187 1928 discretis
1217 1890 1324 1943 prius
1346 1892 1392 1932 ad
1415 1893 1660 1936 iuuentutem

169 1954 384 2008 pertinere,
409 1953 576 1993 alterum
601 1953 647 1992 ad
670 1967 786 1994 senes
803 1968 890 1995 cum
908 1954 1042 1995 liberis
1056 1962 1172 2009 atque
1184 1958 1376 2000 uxoribus
1390 1969 1567 2014 apertum
1581 1971 1657 2004 est.

282 2018 331 2061 C.
356 2019 397 2070 6,
421 2019 449 2060 2
472 2020 566 2061 baec
589 2020 829 2062 edebantur:
867 2029 877 2045 ⁵
894 2023 1139 2077 diductisque
1170 2027 1318 2068 nostris
1341 2029 1526 2082 paulatim
1548 2032 1660 2072 naui-

167 2089 239 2128 bus
263 2095 301 2129 et
322 2088 487 2129 artificio
510 2089 819 2142 gubernatorum
841 2091 1047 2132 mobilitati
1071 2092 1229 2133 nauium
1252 2095 1362 2136 locus
1385 2097 1565 2147 dabatur,
1602 2106 1656 2150 et,

168 2157 202 2196 si
233 2157 385 2209 quando
413 2157 539 2197 nostri
571 2156 796 2197 facultatem
827 2159 932 2198 nacti
961 2160 1104 2201 ferreis
1136 2162 1315 2203 manibus
1337 2164 1493 2207 iniectis
1517 2181 1657 2209 nauem

167 2224 446 2279 religaueraut‚
471 2224 640 2277 undique
662 2225 743 2266 suis
765 2225 1036 2269 laborantibus
1059 2230 1375 2272 succurrebant'.
1412 2232 1560 2275 Verum
1577 2251 1658 2276 mo-

166 2291 307 2332 bilitati
341 2292 498 2333 nauium
525 2307 605 2334 non
636 2293 803 2334 artificio
830 2294 1140 2348 gubernatorum
1170 2297 1280 2339 locus
1305 2300 1482 2353 dabatur,
1509 2305 1578 2344 sed
1601 2304 1658 2344 di-

168 2360 294 2400 ductis
309 2360 473 2401 nauibus
488 2359 838 2410 Caesarianorum,
864 2377 939 2416 qua
964 2377 1008 2403 re
1024 2362 1302 2408 Massilienses
1327 2370 1495 2423 spatium
1517 2373 1655 2412 nanci-

167 2428 394 2469 scebantur.
420 2426 531 2481 Quod
547 2430 581 2469 si
603 2430 690 2483 quis
704 2430 850 2470 obiciet
862 2437 991 2471 tamen
1005 2433 1171 2473 artificio
1184 2435 1490 2487 gubernatorum
1504 2439 1542 2479 id
1565 2440 1656 2480 effe-

167 2502 270 2535 ctum
285 2510 390 2546 esse,
405 2497 544 2551 quippe
558 2511 632 2550 quo
646 2511 767 2538 naues
781 2498 960 2539 diductae
973 2500 1067 2550 sint,
1082 2501 1204 2542 uerba
1220 2504 1403 2545 ‘artificio
1416 2506 1655 2559 gubernato-

166 2564 266 2602 rum'
289 2564 344 2604 ita
357 2578 378 2604 a
392 2565 662 2618 superioribus
675 2573 859 2620 separata
871 2574 978 2617 sunt,
994 2574 1038 2608 ut
1049 2572 1276 2611 necessario
1290 2572 1497 2614 artificium
1512 2575 1655 2628 guber-

169 2637 348 2671 natorum
363 2631 531 2673 diductis
547 2633 698 2673 demum
711 2634 874 2674 nauibus
889 2643 1143 2677 consecutum
1156 2652 1246 2680 esse
1264 2640 1565 2695 intellegendum
1584 2643 1649 2682 sit.

168 2694 497 2755 ItaqueLeid.pr.
516 2702 663 2742 etduos
678 2701 896 2742 deteriores
912 2704 1006 2743 codo¹
1071 2713 1198 2747 :cutus
1213 2708 1322 2761 prius
1339 2709 1406 2749 ‘et'
1418 2710 1560 2763 deleui,
1578 2724 1652 2762 quo

171 2765 271 2804 facto
293 2780 413 2808 naues
436 2766 706 2810 Caesarianae
728 2769 895 2810 artificio
913 2771 1223 2824 gubernatorum
1245 2776 1426 2817 diductae
1451 2778 1648 2817 dicuntur.

284 2830 396 2883 Quae
418 2849 453 2875 c.
479 2835 547 2887 10,
571 2837 598 2878 2
620 2838 666 2877 de
688 2839 864 2878 musculo
887 2836 1178 2882 aCaesarianis
1201 2843 1382 2884 instituto
1409 2846 1650 2894 reseruntur,

1297 2909 1377 2949 10*
