1835 3240
584 169 769 214 COMM.
794 168 874 214 VII
895 166 1017 211 CAP.
1039 166 1237 210 37—38.
1641 166 1725 212 427

169 292 436 340 hortaturque,
462 293 505 327 ut
525 299 568 327 se
589 285 736 326 liberos
759 293 798 326 et
819 283 982 339 imperio
1000 290 1112 324 natos
1127 280 1390 322 meminerint.
1415 279 1544 321 Vnam
1560 295 1647 322 esse
1668 280 1693 321 3

168 355 420 397 Haeduorum
438 354 652 403 ciuitatem,
677 366 777 407 quae
790 352 1051 393 certissimam
1064 349 1218 391 Galliae
1231 347 1434 389 uictoriam
1449 347 1645 399 detineat3

168 424 253 465 eius
269 423 505 463 auctoritate
522 423 694 475 reliquas
708 420 929 471 contineri3
955 434 1031 473 qua
1052 418 1231 458 traducta
1254 417 1383 456 locum
1406 416 1649 455 consistendi

167 491 359 533 Romanis
381 491 421 531 in
443 489 573 531 Gallia
596 504 675 530 non
698 490 797 529 fore.
852 486 956 528 Esse
978 487 1166 527 nonnullo
1188 500 1230 526 se
1253 482 1440 525 Caesaris
1463 482 1651 524 beneficio
1674 482 1699 522 4

123 568 141 600 5
173 559 376 608 affectum,
402 558 459 598 sic
482 566 611 598 tamen
626 588 637 607 ,
661 563 702 596 ut
722 555 979 597 iustissimam
1001 555 1099 609 apud
1123 568 1207 595 eum
1231 566 1390 594 causam
1412 550 1652 600 obtinuerit3

170 627 239 668 sed
261 627 345 680 plus
378 625 573 667 communi
604 624 778 665 libertati
817 624 1005 664 tribuere.
1051 620 1135 662 Cur
1156 622 1258 662 enim
1282 621 1409 675 potius
1432 617 1587 659 Haedui
1609 618 1654 658 de
1677 615 1702 658 5

171 708 242 735 suo
260 695 347 735 iure
369 701 408 735 et
429 695 475 734 de
497 693 650 747 legibus
674 692 719 732 ad
744 689 958 732 Caesarem
983 690 1285 744 disceptatorem
1301 720 1311 739 ,
1346 701 1460 742 quam
1481 685 1656 726 Romani

173 763 221 804 ad
242 761 428 803 Haeduos
450 761 642 802 ueniant?
683 758 882 801 Celeriter
912 758 1229 799 adulescentibus
1262 764 1302 798 et
1332 756 1513 797 oratione
1536 753 1655 808 magi-
1678 751 1706 793 6

172 838 321 871 stratus
346 837 383 870 et
403 829 574 884 praemio
597 828 790 878 deductis,
815 842 902 868 cum
925 840 968 868 se
989 826 1054 867 uel
1075 826 1272 880 principes
1295 825 1379 865 eius
1402 823 1556 864 consilii
1574 823 1657 862 fore

99 906 139 939 10
172 900 465 953 profiterentur,
489 897 590 937 ratio
613 897 839 951 perficiendi
861 894 1138 949 quaerebatur,
1164 894 1265 946 quod
1288 893 1487 933 ciuitatem
1511 898 1659 932 temere

174 968 222 1007 ad
243 965 534 1019 suscipiendum
567 965 711 1006 bellum
743 964 883 1005 adduci
914 976 1031 1018 posse
1062 976 1141 1002 non
1164 961 1425 1001 confidebant.
1488 958 1658 1009 Placuit,
1681 955 1708 998 7

172 1041 216 1075 ut
236 1032 445 1074 Litauicus
468 1033 601 1074 decem
623 1033 700 1074 illis
724 1033 894 1082 milibus,
920 1045 1020 1085 quae
1034 1028 1202 1071 Caesari
1226 1030 1273 1070 ad
1295 1029 1437 1069 bellum
1456 1027 1662 1067 mitteren-

173 1109 261 1152 tur,
295 1101 578 1155 praeficeretur
608 1108 724 1155 atque
756 1114 802 1141 ea
831 1100 1007 1141 ducenda
1029 1105 1212 1148 curaret,
1248 1098 1468 1150 fratresque
1500 1095 1585 1136 eius
1615 1094 1664 1135 ad

176 1167 392 1210 Caesarem
416 1177 734 1223 praecurrerent.
771 1168 941 1222 Reliqua
963 1181 1039 1222 qua
1061 1166 1216 1207 ratione
1239 1165 1301 1220 agi
1324 1165 1493 1219 placeat,
1519 1161 1666 1203 consti-

103 1246 143 1279 15
178 1245 305 1278 tuunt.
357 1235 566 1278 Litauicus
594 1245 755 1292 accepto
788 1237 991 1286 exercitu,
1031 1249 1118 1276 cum
1147 1234 1253 1274 milia
1283 1246 1469 1287 passuum
1501 1231 1661 1271 circiter
1680 1228 1739 1274 38

177 1312 279 1346 XXX
300 1305 347 1346 ab
371 1303 575 1358 Gergouia
596 1306 781 1355 abesset,
819 1304 1048 1346 conuocatis
1071 1303 1200 1344 subito
1223 1301 1410 1342 militibus
1433 1300 1661 1349 lacrimans,

184 1371 290 1425 ‘Quo
323 1373 645 1427 proficiscimur⁷,
678 1373 827 1427 inquit,
856 1372 1055 1413 ‘milites?
1106 1369 1245 1412 Omnis
1277 1376 1414 1410 noster
1442 1368 1664 1422 equitatus,
1687 1365 1715 1406 2

181 1442 307 1481 omnis
331 1441 513 1481 nobilitas
535 1442 713 1493 interiit,
739 1441 934 1495 principes
958 1439 1147 1489 ciuitatis,
1173 1437 1424 1492 Eporedorix
1446 1443 1484 1476 et
1510 1435 1669 1477 Virido-

180 1524 313 1549 marus
329 1540 339 1559 ,
372 1508 589 1549 insimulati
621 1510 852 1564 proditionis
874 1509 921 1550 ab
943 1507 1138 1549 Romanis
1160 1506 1306 1547 indicta
1327 1518 1447 1545 causa
1468 1502 1669 1544 interfecti

106 1584 148 1618 20
180 1585 288 1619 sunt.
334 1576 443 1618 Haec
466 1577 513 1618 ab
536 1578 629 1631 ipsis
653 1578 896 1632 cognoscite,
922 1577 987 1630 qui
1010 1591 1061 1617 ex
1084 1576 1168 1630 ipsa
1191 1575 1310 1615 caede
1332 1575 1540 1626 fugerunt:
1580 1585 1668 1612 nam
1691 1570 1716 1612 3

182 1660 256 1700 ego
272 1645 458 1686 fratribus
472 1653 587 1699 atque
610 1646 789 1686 omnibus
812 1645 908 1686 meis
931 1645 1157 1699 propinquis
1179 1642 1400 1683 interfectis
1424 1641 1559 1681 dolore
1582 1654 1672 1694 pro-

183 1713 336 1763 hibeor,
362 1727 460 1766 quae
481 1720 594 1768 gesta
617 1720 726 1763 sunt,
751 1713 1033 1767 pronuntiare'.
1076 1710 1356 1752 Producuntur
1385 1710 1447 1759 hi,
1486 1722 1584 1762 quos
1606 1708 1670 1748 ille
1692 1706 1719 1747 4

184 1782 412 1831 edocuerat,
439 1795 538 1835 quae
560 1781 635 1821 dici
658 1781 792 1832 uellet,
817 1789 935 1834 atque
958 1782 1091 1822 eadem
1110 1812 1120 1831 ,
1146 1793 1245 1834 quae
1266 1777 1474 1819 Litauicus
1497 1790 1672 1830 pronun-

187 1850 380 1900 tiauerat,
413 1849 652 1890 multitudini
685 1856 913 1904 exponunt:
950 1850 1102 1904 equites
1137 1848 1392 1888 Haeduorum
1421 1846 1669 1894 interfectos,
1695 1841 1719 1883 5

109 1925 150 1959 25
184 1918 283 1970 quod
306 1917 501 1958 conlocuti
524 1932 610 1957 cum
633 1917 829 1958 Aruernis
853 1918 1105 1968 dicerentur,
1142 1917 1248 1971 ipsos
1271 1929 1314 1956 se
1336 1917 1439 1954 inter
1458 1912 1675 1953 multitudi-

189 1999 275 2025 nem
298 1985 461 2026 militum
493 1986 715 2027 occultasse
745 1994 862 2040 atque
895 2000 949 2027 ex
976 1986 1103 2027 media
1135 1985 1253 2026 caede
1276 1984 1438 2038 fugisse.
1504 1978 1675 2022 Concla-
1695 1978 1722 2019 6

188 2061 295 2094 mant
315 2052 472 2095 Haedui
504 2061 545 2096 et
573 2053 800 2096 Litauicum
832 2055 1068 2105 obsecrant,
1103 2060 1146 2094 ut
1175 2052 1250 2093 sibi
1281 2051 1478 2093 consulat.
1525 2046 1676 2101 ‘Quasi
1697 2047 1723 2090 7

332 2214 344 2246 1
368 2214 605 2256 hortaturque,
625 2219 662 2246 ut
679 2215 752 2246 AB
767 2215 858 2254 CD‚·
879 2215 1105 2256 hortaturque
1126 2223 1195 2254 eos,
1216 2217 1300 2244 ute.
1484 2210 1505 2245 2
1524 2209 1680 2242 detineat

192 2264 299 2305 ‘aniz
330 2264 540 2297 dedistineat
555 2266 628 2298 AB
643 2266 735 2305 CD,·
765 2266 930 2297 distineat
948 2276 1011 2297 en.
1160 2264 1179 2297 3
1199 2263 1350 2304 reliquos
1371 2262 1430 2294 be.
1571 2262 1589 2294 7
1610 2260 1679 2292 dis-

189 2321 400 2359 ceptatorum
418 2316 453 2348 d.
639 2319 659 2349 ὅ
678 2316 958 2348 adulescentibus
977 2316 1019 2347 B.
1184 2315 1202 2347 9
1223 2315 1312 2347 forte
1330 2313 1376 2345 A.
1545 2312 1583 2345 10
1604 2323 1679 2355 pro-

192 2368 332 2399 fitentur
351 2369 382 2401 b.
525 2368 566 2402 12
583 2368 633 2399 uti
652 2367 715 2409 (B)
728 2371 743 2400 ?
760 2372 796 2399 et
813 2379 891 2400 cum
909 2368 983 2400 solo
1005 2367 1120 2399 Ooeon.
1141 2377 1177 2398 u.
1342 2365 1542 2398 Litauiccus
1561 2366 1604 2404 B,·
1624 2364 1680 2396 Li—

193 2420 378 2453 ctouitaius
398 2431 472 2453 cum
494 2420 523 2460 b,
546 2419 833 2452 Conuictolitaius
854 2430 884 2451 c.
1026 2418 1210 2450 Caesarem
1228 2428 1276 2450 m.
1291 2427 1351 2458 pr.
1371 2417 1414 2448 B.
1571 2417 1612 2450 ⁴14
1631 2416 1681 2448 in—

194 2470 305 2502 stituit
319 2472 349 2503 b.
493 2472 532 2504 15
544 2471 745 2503 Litauiccus
758 2472 800 2503 B.
943 2480 1064 2513 passus
1081 2471 1112 2502 b.
1255 2469 1398 2502 circiter
1408 2480 1450 2501 XL
1470 2470 1488 2500 b
1502 2469 1536 2501 d.

198 2521 238 2554 18
257 2521 460 2564 Eporidorix
479 2535 509 2556 c.
701 2523 744 2557 20
762 2523 803 2554 ab
823 2523 905 2565 ipsis
924 2523 954 2554 B
975 2523 1072 2553 ίιηεςς.
1092 2522 1178 2564 sere
1196 2519 1349 2560 omnes‘,·
1378 2520 1419 2552 ab
1440 2520 1490 2552 bis
1509 2530 1526 2551 e
1543 2518 1677 2559 Aldus,

196 2574 236 2604 ab
255 2574 296 2605 iis
323 2574 528 2617 Stephanus
547 2587 581 2608 u.
785 2576 829 2609 22
848 2575 880 2606 bi
899 2575 958 2607 Be
976 2573 1054 2606 edd.
1075 2576 1159 2605 ante
1176 2572 1260 2606 Ald.
1275 2598 1285 2614 ,
1308 2572 1331 2604 ii
1350 2572 1463 2604 Aldus
1478 2582 1498 2603 α
1511 2584 1522 2603 .·
1542 2571 1607 2602 duo
1626 2581 1684 2602 su-

192 2634 313 2666 prase.
333 2626 440 2658 habet
455 2628 500 2659 A.
684 2626 726 2659 23
746 2627 911 2658 docuerat
931 2626 961 2657 b,
1125 2624 1323 2656 Litauiccus
1344 2624 1386 2656 B.
1527 2624 1570 2657 24
1589 2622 1682 2664 equi—

196 2680 248 2707 tes
268 2676 464 2716 liminius,-
483 2678 608 2710 multos
628 2678 763 2720 equites
782 2679 812 2711 B
833 2675 1019 2721 ‘plurimi‘
1040 2681 1074 2709 et
1091 2688 1159 2709 see.
1179 2688 1227 2710 m.
1247 2688 1286 2718 a,
1316 2687 1430 2708 omues
1450 2675 1582 2717 equites
1601 2674 1683 2706 ade

198 2730 232 2758 et
247 2737 312 2768 pro
333 2738 410 2760 ιιαν.
431 2729 512 2761 lect.
533 2739 561 2760 c.
586 2729 623 2761 P.
645 2730 700 2762 66.
854 2731 896 2764 25
917 2729 1089 2761 conlocuti
1107 2729 1150 2761 B.
1305 2729 1348 2763 26
1369 2727 1495 2768 fugisse
1514 2726 1544 2757 B
1565 2725 1685 2766 ‘pler-z·-

199 2780 290 2821 qzte'5
310 2779 502 2822 perfugisse
525 2781 554 2822 b,
576 2781 772 2824 profugisse
792 2793 825 2814 ll.
1035 2782 1077 2816 27
1098 2780 1313 2812 Litauiccum
1331 2780 1375 2812 B.
1586 2777 1685 2809 obse-

199 2837 310 2873 crant,
330 2837 368 2864 ut
385 2832 449 2864 sibi
469 2833 624 2866 consulat
642 2834 672 2866 B
689 2844 704 2865 c
724 2834 802 2868 edd.
823 2837 906 2866 onte
924 2844 966 2874 u,-
988 2838 1023 2866 ut
1043 2833 1107 2865 sibi
1127 2832 1307 2874 consulat,
1328 2831 1510 2864 obsecrant
1527 2830 1605 2861 sine
1623 2839 1685 2861 αη-

201 2886 384 2916 notate'one
402 2894 437 2916 u.
