1835 3240
101 171 182 212 548
660 168 735 210 DE
769 167 958 210 BELLO
992 167 1166 211 CIVILI

178 297 309 324 sarem
331 282 448 323 mittit
469 289 646 337 paratum
669 296 710 322 se
734 296 822 322 esse
845 282 1058 334 legionem,
1083 282 1145 322 cui
1166 282 1342 333 iusserit,
1369 284 1540 324 tradere.
1585 282 1656 324 Ille

131 352 157 393 8
179 353 226 392 ad
257 365 344 392 eum
367 348 533 392 Sextum
557 348 772 389 Caesarem
805 349 923 388 mittit
951 356 1068 402 atque
1097 349 1187 389 huie
1208 352 1307 390 tradi
1329 351 1450 391 iubet.
1493 351 1657 391 Tradita

176 420 333 474 legione
356 418 484 459 Varro
508 415 733 457 Cordubam
764 417 810 456 ad
835 415 1048 456 Caesarem
1073 417 1202 466 uenit3
1235 418 1373 458 relatis
1404 420 1450 459 ad
1482 433 1567 459 eum
1591 434 1659 472 pu-

177 488 290 528 blicis
313 501 397 527 eum
421 486 493 525 fide
525 484 746 524 rationibus
779 485 880 537 quod
911 497 1030 538 penes
1062 498 1150 525 eum
1173 491 1232 524 est
1254 486 1441 538 pecuniae
1464 487 1582 526 tradit
1603 493 1655 535 et,

100 557 149 601 21
174 557 262 609 quid
285 555 426 606 ubique
450 551 589 592 babeat
611 553 795 593 frumenti
818 559 857 593 et
879 553 1053 602 nauium,
1077 552 1262 593 ostendit.
1299 550 1452 593 Caesar
1473 554 1655 594 contione

178 624 309 664 habita
322 620 530 661 Cordubae
553 620 732 661 omnibus
754 620 971 673 generatim
985 620 1133 673 gratias
1157 621 1260 673 agit:
1287 619 1437 659 ciuibus
1451 619 1655 669 Romanis,

179 691 279 744 quod
302 688 482 742 oppidum
505 688 544 728 in
566 702 634 728 sua
658 694 854 741 potestate
876 689 1119 728 studuissent
1135 688 1304 737 habere3
1330 687 1533 741 Hispanis,
1559 690 1660 741 quod

179 757 372 812 praesidia
394 755 665 809 expulissent3
692 755 898 796 Gaditanis
915 787 925 806 ,
951 756 1053 808 quod
1076 763 1238 796 conatus
1262 755 1580 796 aduersariorum
1603 756 1662 795 in-

177 826 390 878 fregissent
411 837 578 877 seseque
598 824 638 864 in
660 824 880 864 libertatem
896 824 1188 874 uindicassent3
1214 823 1380 863 tribunis
1394 824 1558 864 militum
1572 819 1662 863 een-

180 893 496 945 turionibusque‚
523 892 585 945 qni
608 905 654 932 eo
677 892 859 945 praesidii
883 905 1003 932 causa
1026 899 1230 941 uenerant,
1255 892 1354 944 quod
1379 906 1514 932 eorum
1534 891 1662 932 consi-

132 960 158 1000 2
181 961 231 1001 lia
255 975 325 1000 sua
346 961 493 1000 uirtute
515 961 829 1001 confirmassent.
875 958 1070 1000 Pecunias
1086 991 1096 1009 7
1136 973 1231 1012 quas
1263 966 1376 999 erant
1405 959 1446 999 in
1469 959 1661 1013 publicum

177 1027 352 1070 Varroni
376 1028 483 1068 ciues
505 1027 675 1068 Romani
698 1027 884 1081 polliciti,
917 1028 1102 1076 remittit3
1136 1027 1238 1067 bona
1266 1027 1442 1068 restituit
1470 1027 1540 1077 iis,
1566 1041 1662 1080 quos

178 1097 340 1137 liberius
362 1096 515 1136 locutos
540 1096 636 1136 lianc
660 1109 822 1149 poenam
846 1095 981 1136 tulisse
1005 1102 1262 1148 cognouerat.
1307 1094 1484 1135 Trihutis
1508 1095 1664 1147 quibus-

180 1165 266 1205 dam
290 1164 453 1218 publicis
487 1163 729 1218 priuatisque
759 1164 942 1216 praemiis
972 1164 1145 1217 reliquos
1179 1163 1217 1202 in
1249 1170 1447 1216 posterum
1470 1163 1573 1202 bona
1594 1176 1662 1215 spe

134 1233 158 1273 3
182 1232 347 1285 complet
366 1233 602 1286 biduumque
625 1229 835 1271 Cordubae
857 1238 1121 1271 commoratus
1145 1229 1266 1270 Gadis
1289 1229 1576 1282 proficiscitur:
1601 1243 1666 1283 pe-

182 1300 318 1340 cunias
342 1299 657 1351 monimentaque
675 1330 684 1348 ‚
711 1313 809 1351 quae
832 1312 883 1339 ex
904 1300 995 1339 fano
1019 1298 1201 1338 Herculis
1226 1298 1366 1338 collata
1391 1303 1504 1337 erant
1524 1297 1565 1336 in
1587 1297 1664 1350 pri-

181 1375 314 1409 uatam
338 1367 490 1407 domum
506 1398 516 1416 ‚
540 1367 684 1406 rcl'erri
707 1367 745 1407 in
769 1367 951 1420 templum
974 1366 1094 1406 iubet.
1140 1364 1379 1406 Prouinciae
1403 1363 1453 1417 Ω.
1481 1362 1665 1405 Cassium

133 1436 158 1476 4
182 1436 382 1490 praeficit:
415 1435 504 1476 huic
536 1442 597 1474 1111
629 1434 804 1488 legiones
840 1435 1032 1475 attribuit.
1077 1433 1166 1488 Ipse
1188 1435 1236 1475 iis
1259 1434 1448 1482 nauibus,
1483 1446 1578 1485 quas
1602 1430 1661 1472 M.

182 1504 316 1545 Varro
346 1517 520 1557 quasque
552 1502 739 1543 Gaditani
778 1503 889 1543 iussu
925 1500 1118 1544 'Varronis
1160 1504 1362 1552 fecerant,
1395 1500 1664 1541 Tarraconem

181 1573 316 1627 paucis
341 1572 474 1612 diebus
499 1571 693 1625 peruenit.
738 1569 796 1611 Ibi
832 1571 952 1611 totius
986 1572 1067 1612 fere
1089 1571 1286 1611 citerioris
1310 1568 1539 1624 prouinciae
1560 1568 1666 1622 lega-

134 1642 158 1682 5
183 1642 308 1681 tiones
332 1638 520 1680 Caesaris
544 1639 754 1680 aduentum
779 1639 1058 1692 expectabant.
1119 1638 1271 1679 Eadem
1301 1638 1454 1678 ratione
1483 1636 1663 1690 priuatim

182 1723 227 1750 ac
250 1709 401 1763 publice
424 1707 653 1761 quibusdam
677 1707 904 1747 ciuitatibus
927 1707 1067 1747 habitis
1090 1706 1304 1746 honoribus
1327 1705 1559 1745 Tarracone
1588 1704 1663 1743 dis-

181 1778 283 1818 cedit
314 1777 550 1830 pedibusque
572 1774 804 1816 Narbonem
843 1781 959 1827 atque
990 1775 1080 1814 inde
1102 1772 1322 1814 Massiliam
1346 1772 1542 1827 peruenit.
1605 1769 1664 1811 Ibi

181 1847 307 1899 legem
340 1845 385 1885 de
418 1844 609 1884 dictatore
638 1844 755 1884 latam
780 1856 944 1895 seseque
968 1843 1196 1882 dictatorem
1220 1842 1361 1881 dictum
1384 1855 1406 1881 a
1426 1839 1487 1880 M.
1512 1838 1663 1893 Lepido

180 1920 364 1967 praetore
387 1911 606 1965 cognoscit.

105 1981 156 2025 22
291 1979 567 2020 Massilienses
590 1978 767 2018 omnibus
792 1979 936 2019 defessi
958 1979 1086 2028 malis,
1113 1977 1170 2017 rei
1193 1976 1470 2017 frumentariae
1492 1975 1539 2016 ad
1561 1989 1665 2015 sum-

181 2063 280 2088 inam
305 2048 471 2101 inopiam
495 2047 672 2097 adducti,
698 2047 756 2086 bis
780 2047 912 2087 nauali
934 2046 1083 2099 proelio
1106 2046 1296 2098 superati,
1321 2043 1469 2084 crebris
1492 2043 1664 2096 eruptio-

180 2117 296 2157 nibus
320 2116 410 2165 susi,
435 2116 549 2168 graui
572 2115 687 2155 etiam
702 2115 926 2169 pestilentia
948 2114 1159 2154 conflictati
1182 2127 1232 2153 ex
1247 2112 1395 2152 diutina
1410 2111 1663 2151 conclusione

182 2192 221 2225 et
242 2185 458 2225 mutatione
493 2184 618 2224 uictus
651 2184 818 2237 (panico
851 2183 954 2224 enim
996 2189 1129 2222 uetere
1168 2188 1284 2234 atque
1324 2179 1444 2220 ordeo
1477 2184 1661 2231 corrupto

325 2311 340 2342 1
363 2320 437 2341 sese
457 2319 489 2341 α.
632 2309 727 2340 euius
747 2310 812 2340 erit
829 2319 863 2340 α.
1005 2308 1023 2338 2
1038 2307 1176 2339 Sextum
1195 2316 1228 2348 a,
1251 2305 1332 2337 Sex.
1347 2315 1383 2337 u.
1524 2303 1662 2334 tradere

182 2362 277 2394 iubet
298 2362 328 2393 b.
471 2362 489 2392 5
511 2360 587 2402 quid
608 2361 730 2401 ubique
750 2361 814 2400 ab,
836 2360 925 2402 quod
942 2359 1065 2401 ubique
1078 2369 1113 2390 ιι.
1255 2361 1290 2388 et
1309 2355 1443 2388 nauium
1463 2354 1525 2391 ab,
1549 2363 1587 2384 ac
1608 2363 1666 2384 na-

182 2414 273 2445 uium
292 2423 327 2445 11.
492 2411 656 2442 concione
676 2413 737 2451 (αὶ
898 2410 916 2441 6
936 2410 989 2450 agi
1007 2420 1041 2442 ιι.
1183 2408 1201 2441 7
1221 2407 1393 2449 Hispaniis
1415 2407 1444 2444 b,
1467 2405 1615 2446 Hispalis
1634 2415 1662 2435 c.

327 2463 344 2495 9
365 2463 398 2493 in
419 2472 487 2494 om.
508 2472 542 2493 α.
710 2462 744 2494 11
769 2461 1065 2492 confirmauissent
1085 2459 1115 2490 b.
1281 2458 1322 2491 12
1340 2456 1466 2489 remitti
1486 2465 1519 2486 α.

182 2514 235 2546 his
253 2524 287 2546 α.
450 2513 488 2545 13
509 2512 669 2551 cognouit
688 2513 719 2544 b.
885 2512 1084 2554 quibusdam
1104 2508 1223 2552 popl'is
1243 2520 1272 2541 e.
1449 2508 1486 2540 15
1507 2506 1610 2539 Gadis
1629 2517 1663 2538 a.

328 2565 367 2598 ‘16
386 2565 659 2605 monimentaque
678 2575 698 2596 a
713 2565 742 2603 b,
764 2575 831 2595 ηοη
852 2573 999 2596 monum.
1166 2563 1203 2595 17
1225 2561 1490 2603 prouinciaeque
1511 2558 1665 2590 Cassium

184 2629 216 2659 a,
237 2617 502 2660 prouinciaeque
524 2616 563 2656 Ω.
587 2615 744 2647 Cassium
765 2616 795 2646 b.
962 2614 1003 2646 *18
1022 2613 1073 2644 his
1091 2623 1125 2644 α.
1292 2612 1331 2644 19
1351 2611 1582 2642 Tarraconam
1600 2621 1664 2642 ae.

328 2669 370 2703 20
391 2667 461 2698 fere
481 2677 548 2697 om.
572 2667 602 2697 b.
784 2666 820 2697 21
845 2664 1073 2708 expectabant
1090 2673 1124 2694 (ι.
1289 2663 1330 2697 22
1351 2661 1615 2704 quibusquedam
1634 2672 1663 2701 e,

188 2720 309 2763 quibus
329 2718 493 2761 quaedam
511 2728 552 2755 α,·
573 2716 759 2758 quibusque
779 2727 808 2748 e.
973 2715 1014 2748 23
1034 2713 1227 2746 Narbonam
1247 2714 1277 2745 b.
1436 2714 1480 2748 24
1499 2713 1538 2744 de
1558 2713 1665 2744 dicta—

187 2771 276 2814 tore]
297 2769 502 2802 dedictionis
520 2779 553 2809 α,
577 2768 760 2800 deditionis
783 2769 800 2799 b
816 2779 844 2800 c.
1008 2765 1136 2809 Lepido
1160 2766 1195 2797 P.
1216 2765 1256 2797 R.
1276 2776 1309 2797 a.
1487 2765 1531 2800 27
1550 2765 1665 2796 nauali

188 2824 317 2867 proelio
336 2834 370 2864 a,
391 2822 520 2865 proelio
541 2820 655 2852 nauali
674 2819 751 2851 add.
895 2817 1008 2850 crebis
1025 2828 1058 2850 a.
1198 2818 1242 2853 28
1261 2817 1317 2860 ex]
1338 2822 1372 2849 et
1386 2817 1417 2849 b.
1556 2817 1598 2853 29
1613 2827 1667 2848 or·
1693 2857 1697 2860 .

190 2878 250 2908 deo
272 2876 393 2917 ‘mss.',
416 2874 541 2907 hordeo
561 2871 658 2914 (u)u.

1699 898 1736 930 10

1700 1236 1738 1269 15

1698 1575 1740 1610 20

1697 1913 1739 1948 25
