1835 3240
88 893 129 925 10

87 1232 126 1265 15

83 1571 126 1605 20

556 158 742 208 COMM.
767 157 866 204 VIII
887 155 1013 205 CAP.
1034 157 1090 203 23
1105 157 1238 206 -25.
1631 158 1715 206 475

270 273 590 317 Bellicosissimis
613 274 795 328 gentibus
818 272 983 315 deuictis
1007 268 1184 321 Caesar,
1211 284 1295 311 cum
1318 270 1470 312 uideret
1491 273 1636 315 nnllam
1658 273 1715 318 24

158 345 234 385 iam
257 356 347 383 esse
369 342 597 392 ciuitatem,
623 357 722 396 quae
741 343 883 383 bellum
907 348 1083 395 pararet,
1108 354 1183 394 quo
1206 339 1279 379 sibi
1302 338 1533 389 resisteret,
1572 341 1641 381 sed

160 410 371 453 nonnullos
393 424 446 454 ex
477 411 626 464 oppidis
658 410 902 464 demigrare,
938 423 990 453 ex
1020 409 1126 462 agris
1157 408 1345 460 diffugere
1374 406 1420 445 ad
1454 420 1640 460 praesens

159 478 364 532 imperium
387 478 612 520 euitandum
627 510 637 528 ,
663 480 795 532 plures
818 478 855 516 in
878 484 1010 531 partes
1033 476 1249 517 exercitum
1274 474 1472 515 dimittere
1494 474 1641 513 consti-

161 547 250 587 tuit.
292 544 353 586 Μ.
378 546 596 587 Antonium
628 552 879 602 quaestorem
913 559 1000 585 cum
1031 544 1186 597 legione
1208 542 1434 588 duodecima
1457 541 1529 582 sibi
1552 555 1646 580 con-
1665 540 1693 581 2

158 615 300 668 iungit.
345 612 394 655 C.
418 613 584 655 Fabium
615 614 786 667 legatum
819 628 906 654 cum
944 612 1171 653 cohortibus
1192 617 1290 652 XXV
1311 610 1431 650 mittit
1451 610 1491 650 in
1513 609 1644 649 diuer-

158 683 355 724 sissimam
378 691 528 736 partem
542 681 710 731 Galliae,
736 682 837 735 quod
859 681 911 721 ibi
934 681 1122 734 quasdam
1147 680 1327 720 ciuitates
1350 680 1387 718 in
1411 677 1532 717 armis
1555 689 1644 717 esse

159 751 344 791 audiebat
365 764 493 804 neque
516 749 564 792 C.
592 747 801 790 Caninium
824 748 1008 789 Rebilum
1031 749 1229 802 legatum,
1269 747 1331 800 qui
1354 747 1392 787 in
1416 746 1491 786 illis
1512 743 1645 798 regio-

160 818 274 859 nibus
297 826 397 869 erat,
423 818 519 860 satis
541 818 673 858 firmas
697 818 792 857 duas
815 817 992 871 legiones
1015 815 1162 857 habere
1183 814 1465 856 existumabat.
1508 810 1641 853 Titum
1665 810 1690 852 3

159 884 383 927 Labienum
407 887 453 926 ad
476 900 520 927 se
541 892 707 936 euocat3
739 885 933 939 legionem
957 891 1085 925 autem
1108 890 1187 933 XV,
1213 896 1313 936 quae
1335 897 1420 922 cnm
1445 896 1491 922 eo
1514 882 1646 921 fuerat

158 954 197 994 in
220 954 394 994 hibernis
410 985 420 1004 ‚
452 955 493 994 in
527 961 696 1009 togatam
720 951 887 993 Galliam
920 952 1039 992 mittit
1060 953 1107 993 ad
1130 951 1306 992 colonias
1330 950 1474 990 ciuium
1497 948 1645 989 Roma-

161 1035 297 1061 norum
321 1022 486 1062 tuendas
501 1051 512 1071 ‚
537 1035 586 1062 ne
609 1021 708 1075 quod
731 1021 859 1061 simile
881 1020 1167 1061 incommodum
1190 1019 1389 1060 accideret
1412 1016 1645 1058 decursione

158 1089 415 1130 barbarorum
431 1119 442 1139 ‚
475 1103 522 1129 ac
551 1089 758 1144 superiore
779 1096 933 1131 aestate
956 1088 1208 1144 Tergestinis
1231 1087 1454 1136 acciderat,
1488 1085 1553 1139 qui
1581 1098 1645 1125 re-

160 1157 321 1211 pentino
343 1157 554 1199 latrocinio
584 1165 702 1211 atque
731 1158 877 1212 impetu
907 1158 1064 1198 illorum
1097 1163 1214 1198 erant
1248 1155 1441 1210 oppressi.
1486 1152 1576 1208 Ipse
1597 1153 1645 1193 ad
1665 1151 1694 1197 4.

160 1226 376 1266 uastandos
408 1226 776 1280 depopulandosque
808 1227 907 1267 fines
928 1226 1173 1280 Ambiorigis
1208 1223 1496 1279 proficiscitur3
1533 1235 1645 1275 quem

160 1294 415 1347 perterritum
445 1308 491 1335 ac
523 1294 738 1349 fugientem
773 1309 860 1335 cum
891 1294 1019 1348 redigi
1051 1307 1167 1347 posse
1194 1293 1235 1334 in
1268 1307 1377 1333 suam
1410 1296 1644 1345 potestatem

161 1361 437 1415 desperasset,
472 1363 694 1416 proximum
727 1376 823 1403 suae
856 1362 1059 1417 dignitatis
1083 1375 1172 1403 esse
1194 1361 1383 1410 ducebat,
1419 1359 1515 1399 adeo
1549 1359 1646 1397 lines

162 1430 245 1469 eius
269 1438 431 1471 uastare
453 1431 621 1481 ciuibus,
646 1431 850 1481 aedificiis,
876 1444 1032 1485 pecore,
1058 1437 1102 1471 ut
1123 1430 1211 1470 odio
1233 1442 1393 1469 suorum
1417 1425 1643 1474 Ambiorix,

160 1498 193 1537 si
216 1511 313 1550 quos
336 1500 493 1540 fortuna
523 1499 695 1552 reliquos
725 1499 909 1548 fecisset,
944 1498 1091 1539 nullum
1124 1486 1294 1539 reditum
1326 1502 1485 1550 propter
1517 1498 1646 1534 tantas

160 1565 404 1607 calamitates
436 1567 599 1608 haberet
626 1567 667 1607 in
699 1567 913 1607 ciuitatem.
972 1564 1071 1608 Cum
1111 1567 1151 1606 in
1182 1579 1318 1606 omnes
1351 1570 1481 1618 partes
1511 1561 1643 1602 linium
1665 1558 1723 1607 25

157 1632 400 1688 Ambiorigis
422 1642 490 1675 aut
510 1636 690 1688 legiones
713 1643 780 1675 ant
809 1635 958 1675 auxilia
991 1635 1206 1675 dimisisset
1226 1641 1342 1686 atque
1366 1631 1493 1673 onmia
1517 1628 1648 1670 caediq

157 1700 245 1749 hus,
269 1702 489 1753 incendiis,
521 1703 671 1758 rapinis
704 1711 926 1753 uastasset‚
952 1717 1094 1757 magno
1118 1716 1281 1744 numero
1305 1701 1501 1741 hominum
1524 1698 1646 1738 inter-

303 1873 318 1905 1
339 1873 444 1907 uictis
465 1875 523 1907 be.
665 1877 685 1910 2
704 1876 769 1908 iam
788 1886 856 1909 om.
879 1876 939 1908 be.
1089 1875 1214 1907 bellum
1236 1878 1376 1917 pararet
1393 1872 1557 1912 Abede,
1579 1869 1650 1902 bel-

160 1924 225 1956 lum
245 1924 276 1956 id
299 1930 435 1966 pararet
452 1927 483 1958 B
505 1927 598 1959 ‘ms-5.
622 1927 686 1960 11’.
829 1939 892 1970 quo
911 1927 985 1961 ΑΒ
1000 1927 1061 1969 de,
1083 1928 1170 1971 quod
1192 1926 1375 1969 ‘plurimi’
1395 1928 1432 1956 et
1446 1935 1515 1955 see.
1536 1933 1584 1954 m.
1604 1923 1648 1955 B.

303 1977 322 2009 3
342 1977 506 2018 diffugere
525 1978 556 2010 B
575 1979 672 2010 ‘mss.
697 1979 760 2020 14¹,
781 1980 945 2021 defugere
964 1981 996 2012 A
1007 1990 1036 2011 e.
1215 1981 1232 2011 5
1252 1978 1297 2010 M.
1317 1976 1533 2019 superducta
1553 1975 1648 2006 linea

158 2027 199 2068 B,
221 2038 290 2059 om.
310 2028 355 2060 A.
499 2029 700 2062 duodecima
713 2031 741 2062 B
760 2035 795 2062 et
811 2034 863 2063 sic
884 2032 955 2063 ‘uel
971 2042 1019 2063 x11
1037 2041 1120 2062 mss.
1143 2034 1287 2062 tantum
1305 2040 1375 2061 non
1394 2028 1524 2060 omnes'
1541 2038 1567 2067 e,
1588 2036 1650 2056 un-

158 2078 290 2110 decima
308 2079 347 2111 P.
367 2079 557 2112 Manutius
576 2091 610 2124 u.
753 2082 772 2113 6
792 2080 830 2113 G.
853 2082 1070 2124 superducta
1089 2082 1184 2113 linea
1203 2082 1245 2113 B.
1389 2080 1406 2112 7
1420 2078 1554 2110 Galliae
1573 2087 1650 2119 par-

157 2136 225 2164 tem
244 2142 320 2163 eum
342 2133 360 2165 b
381 2132 493 2165 03:072.
514 2144 548 2165 u.
689 2134 709 2166 S
729 2133 768 2166 G.
791 2135 887 2166 linea
903 2135 1120 2177 superducta
1139 2135 1180 2166 B.
1338 2132 1371 2164 in
1391 2131 1459 2163 illis
1479 2141 1551 2171 reg.
1572 2133 1650 2161 erat

155 2184 329 2225 ABCD,
350 2185 382 2216 iu
403 2185 471 2218 illis
491 2196 562 2227 reg.
584 2192 744 2229 praeerat
762 2187 785 2218 d
803 2190 837 2218 et
855 2190 984 2219 omisso
1004 2187 1037 2219 in
1059 2187 1145 2218 bee-
1288 2185 1306 2217 9
1326 2183 1559 2217 existumabat
1575 2181 1648 2213 AB

159 2237 205 2275 (is
224 2236 368 2278 exhist.)
391 2237 431 2269 C.
572 2237 685 2270 Titum
706 2238 780 2279 (B),
800 2237 841 2270 T.
863 2249 898 2271 u.
1042 2239 1082 2271 10
1101 2243 1203 2269 uocat
1223 2238 1254 2268 b.
1402 2235 1569 2275 legionem
1589 2243 1649 2264 an-

157 2290 224 2318 tem
243 2287 274 2319 B
292 2291 329 2319 et
343 2287 489 2330 reliqui,
510 2288 747 2332 legionemque
769 2288 888 2321 bede.
1031 2300 1077 2322 xv
1096 2299 1180 2331 θείη
1201 2299 1247 2320 xii
1268 2287 1389 2327 codd.‚
1409 2286 1472 2318 sed
1489 2283 1650 2316 duodeci-

157 2346 243 2369 mam
263 2338 335 2380 (B).
355 2338 395 2370 P.
418 2339 495 2371 117.
637 2339 752 2372 fuerat
770 2340 921 2372 hibernis
940 2341 983 2373 A.
1135 2341 1176 2375 12
1195 2340 1399 2371 decursione
1418 2337 1524 2378 A(B)
1539 2336 1595 2368 Ce
1614 2338 1650 2366 et

160 2387 282 2420 ‘multi
298 2399 344 2420 ea:
360 2389 474 2431 meis'‚
495 2390 535 2422 de
555 2390 753 2422 incursione
774 2391 868 2423 bed.
1011 2391 1050 2424 13
1071 2391 1241 2433 superiori
1256 2390 1331 2422 Ab.
1471 2388 1649 2420 acciderat

159 2440 189 2472 B
209 2441 304 2474 ‘mss.
318 2442 511 2485 plerique',
532 2443 709 2476 accideret
725 2444 782 2484 D,·
802 2443 990 2476 accidisset
1007 2444 1123 2476 Aldus
1142 2454 1177 2475 u.
1402 2441 1474 2485 qni]
1494 2441 1582 2484 quod
1599 2441 1646 2472 D.

302 2493 340 2525 14
360 2495 543 2526 latronicio
563 2495 604 2526 B.
748 2496 875 2537 impetu
893 2495 1030 2526 illorum
1044 2494 1290 2533 Vascosanas;
1311 2495 1437 2537 impetu
1456 2493 1590 2525 incolae
1609 2492 1650 2524 il·

157 2542 265 2575 torum
284 2545 314 2576 B
331 2548 436 2578 etsie
456 2547 536 2578 ‘uel
558 2548 590 2578 in
611 2548 699 2579 colle
717 2548 777 2579 uel
794 2548 906 2579 incole
927 2548 1072 2588 ceteri',
1101 2549 1227 2591 impetu
1248 2558 1360 2579 eorum
1382 2549 1399 2579 b
1413 2547 1499 2578 cde.
1522 2546 1646 2578 P.114.

302 2596 342 2629 15
361 2597 702 2642 depopulandosque]
732 2600 1039 2643 oppugnandosque
1061 2601 1126 2640 be,
1149 2600 1459 2642 oppugnandosque
1479 2607 1648 2640 occupan-

159 2646 218 2678 dos
233 2647 265 2679 d.
387 2648 427 2681 16
446 2652 690 2692 praeterritum
709 2652 753 2684 A.
872 2662 911 2684 ac
932 2652 1029 2684 ‘mss.
1047 2656 1187 2684 tantum
1202 2663 1271 2684 non
1289 2650 1433 2692 omnes',
1456 2656 1557 2692 atque
1569 2648 1645 2690 (B).

303 2698 344 2731 17
363 2700 532 2733 educebat
549 2703 593 2734 A.
739 2703 777 2736 19
799 2703 952 2745 reliquos
972 2703 1113 2736 fecisset
1129 2704 1160 2736 B
1178 2704 1256 2736 edd.
1277 2707 1360 2735 unte
1379 2703 1484 2742 Alci„
1509 2701 1650 2733 fecisset

161 2748 313 2791 reliquos
333 2750 447 2782 Aldus
465 2762 500 2783 u.
648 2754 692 2787 20
711 2754 837 2786 habeat
857 2755 887 2786 b.
1054 2756 1162 2787 omnis
1181 2766 1226 2787 ea:
1244 2766 1312 2787 uno
1334 2756 1448 2788 Oxou.
1469 2765 1504 2785 u.

161 2805 278 2841 partes
297 2800 413 2832 finium
431 2802 463 2833 A
476 2803 493 2834 b
506 2803 603 2844 σάος
632 2809 749 2847 partes
768 2805 850 2837 fines
869 2806 982 2838 BCD
1000 2807 1047 2847 (z's
1065 2806 1181 2847 finis),
1203 2806 1287 2838 fines
1308 2806 1451 2848 partium
1471 2816 1503 2836 a.

163 2851 202 2886 21
225 2851 431 2884 dimississet
447 2853 490 2885 B.
631 2860 733 2898 atque
753 2867 821 2889 om.
844 2857 900 2889 be.
