1835 3240
719 180 946 222 ——94

179 309 270 336 num
293 294 460 348 speciem
484 294 735 348 praeberent.
798 291 879 335 Iam
912 309 998 335 cnm
1030 295 1070 335 in
1093 308 1325 348 unaquaque
1348 294 1503 347 legione
1525 301 1662 336 essent

178 363 366 417 manipuli
390 363 563 415 triginta,
588 363 626 403 in
649 363 811 403 cohorte
834 370 929 413 tres,
955 377 1008 403 ex
1030 370 1213 416 quattuor
1229 363 1450 417 legionibus
1471 363 1555 404 siue
1571 377 1662 403 cen-

179 439 258 472 tum
281 439 317 472 et
341 431 478 485 uiginti
503 431 708 484 manipulis
732 444 807 469 uno
831 431 943 469 modo
966 445 1040 470 sex
1062 432 1237 479 legiones
1261 431 1364 470 effici
1386 438 1594 484 poterant,
1620 438 1663 470 ut

179 499 346 553 singulis
368 498 586 553 legionibus
610 513 679 551 pro
702 498 864 537 tricenis
888 498 1094 551 manipulis
1118 498 1244 538 uiceni
1264 498 1543 537 tribuerentur.
1575 497 1662 537 Hoc

180 575 309 608 autem
331 567 384 607 ita
407 567 523 606 tiebat
543 566 744 619 aptissime
760 596 770 615 ,
806 572 848 605 ut
879 565 1042 618 singulis
1065 565 1290 604 cohortibus
1313 565 1455 618 singuli
1476 564 1663 618 manipuli

180 636 506 676 detraherentur:
550 634 603 674 ita
639 634 742 673 enim
774 631 991 672 cohortium
1033 645 1183 684 quoque
1223 645 1408 671 uumerus
1442 632 1661 672 constabat.

180 701 317 756 Itaque
340 700 556 742 Caesarem
579 701 630 740 ita
652 700 862 753 scripsisse
893 698 1085 738 arbitror:
1124 703 1238 738 ‘cum
1268 699 1414 739 duabus
1445 699 1664 753 legionibus

181 771 222 811 in
245 770 399 810 occulto
422 768 592 817 restitit,
618 767 789 820 reliquas
813 765 943 820 copias
968 780 1053 806 cum
1077 766 1256 807 omnibus
1278 767 1564 820 impedimentis
1580 797 1590 816 ‚
1624 773 1668 806 ut

182 844 407 885 consuerat,
433 835 733 888 misitmam‘plis
755 834 922 887 singulis
946 834 1115 888 demptis
1136 834 1378 884 cohortibus,
1400 834 1455 874 uti
1478 846 1666 874 numerus

182 907 377 959 legionum
403 910 588 942 constare
610 901 852 942 uideretur':
879 915 924 941 ea
946 909 1074 941 autem
1093 932 1103 951 ,
1128 915 1226 954 quae
1248 901 1289 941 in
1310 901 1509 942 codicibus
1532 902 1669 954 legun-

183 981 269 1023 tur,
308 980 316 997 ⁶
335 971 457 1024 captis
481 970 709 1022 quibusdam
733 969 981 1010 cohortibus'
1013 970 1067 1010 ita
1089 983 1141 1009 ex
1163 969 1239 1010 illis
1274 977 1284 994 ⁶
1299 970 1479 1024 maniplis
1500 969 1667 1022 singulis

182 1041 352 1095 demptis
371 1037 609 1079 cohortibus'
633 1044 719 1077 orta
738 1037 939 1086 existimo,
959 1044 1001 1077 ut
1017 1037 1176 1077 extritis
1196 1037 1370 1090 syllabis,
1397 1052 1491 1090 quas
1511 1038 1667 1077 diuerso

181 1108 401 1149 litterarum
424 1119 572 1158 genere
594 1105 791 1157 expressi,
816 1106 992 1159 reliquae
1009 1105 1049 1145 in
1072 1106 1234 1145 formam
1263 1106 1453 1158 quandam
1478 1105 1668 1145 orationis

183 1181 546 1229 corrumperentur.
594 1171 765 1226 ‘Captis'
787 1181 916 1214 antem
951 1173 1196 1226 ‘quibusdam
1220 1173 1460 1214 cohortibus'
1482 1174 1522 1213 in
1544 1173 1670 1213 omni-

181 1245 254 1284 bus
277 1242 472 1283 codicibus
495 1241 682 1295 scriptum
705 1247 766 1280 est
787 1249 943 1295 praeter
964 1240 1079 1281 Leid.
1106 1248 1197 1281 tert.
1223 1239 1348 1281 Doru.
1374 1240 1496 1291 Duk„
1524 1242 1563 1281 in
1586 1241 1670 1294 qui-

183 1312 256 1352 hus
280 1319 340 1352 est
364 1310 544 1363 ‘demptis
568 1309 794 1362 quibusdam
819 1309 1074 1359 cohortibus⁷‚
1101 1316 1140 1349 et
1157 1309 1261 1349 And.
1289 1317 1328 1349 et
1344 1308 1498 1357 Oxon.,
1524 1309 1563 1349 in
1587 1309 1670 1361 qui—

182 1380 255 1420 bus
281 1379 421 1432 ‘captis
445 1379 593 1430 quartis
617 1377 842 1430 quibusque'
866 1376 928 1431 (in
947 1375 1084 1418 Oxou.
1106 1376 1309 1430 ‘quidem')
1336 1377 1592 1417 ‘cohortibus‘
1615 1377 1671 1416 le-

184 1448 310 1502 gitur:
350 1445 549 1499 ‘quartis'
574 1445 690 1485 etiam
713 1445 752 1484 iu
776 1443 892 1484 Leid.
918 1458 1000 1484 sec.
1025 1444 1213 1497 scriptum
1236 1451 1310 1484 est.
1375 1443 1457 1483 Hos
1480 1443 1671 1497 pessimos

183 1522 224 1556 et
246 1514 390 1554 nullius
413 1513 659 1553 auctoritatis
683 1513 840 1552 codices
862 1512 987 1552 secuti
1010 1512 1186 1564 plerique
1219 1512 1416 1565 ‘demptis'
1440 1518 1508 1551 aut
1532 1511 1672 1564 ‘captis

184 1583 333 1636 quartis
357 1582 574 1634 quibusque
598 1580 845 1620 cohortibus'
877 1580 1107 1619 ediderunt:
1143 1579 1282 1632 quibus
1305 1579 1535 1619 enarrandis
1557 1577 1672 1618 Feld-

186 1650 395 1690 bauschius
420 1649 488 1697 (in
512 1649 664 1701 ephem.
689 1647 877 1687 scholast.
903 1659 939 1685 a.
969 1645 1076 1686 1830
1105 1644 1143 1686 II
1159 1678 1168 1696 ‚
1203 1646 1285 1699 13)
1307 1660 1464 1700 operam
1488 1645 1668 1699 perdidit.

300 1714 350 1756 C.
375 1715 445 1765 46,
474 1715 493 1754 l
520 1716 613 1755 haec
637 1716 829 1755 eduntur:
867 1719 877 1738 ⁶
892 1711 1033 1767 Oppidi
1055 1728 1191 1754 murus
1213 1714 1260 1755 ab
1283 1715 1439 1768 planitie
1462 1721 1578 1766 atque
1599 1712 1673 1752 ini-

186 1785 241 1825 tio
264 1798 454 1825 ascensus
478 1790 585 1823 recta
608 1783 787 1835 regione,
811 1782 845 1822 si
867 1782 996 1821 nullus
1019 1783 1230 1823 amfractus
1252 1782 1532 1830 intercederet,
1551 1777 1672 1821 MCC

187 1867 325 1907 passus
348 1852 497 1892 aberat.
543 1848 739 1903 Quidquid
771 1850 858 1889 huic
890 1849 1077 1889 circuitus
1100 1850 1146 1889 ad
1169 1849 1418 1889 molliendum
1443 1850 1587 1889 cliuum
1609 1862 1674 1889 ac-

187 1927 381 1969 cesserat,
408 1919 442 1959 id
466 1919 631 1973 spatium
655 1918 810 1958 itineris
841 1916 1038 1970 augebat'.
1099 1915 1145 1956 In
1180 1918 1237 1958 his
1269 1917 1401 1958 uerbis
1434 1917 1580 1957 nullum
1613 1923 1675 1957 est

189 1989 445 2037 uocabulum,
472 2002 546 2040 quo
570 2000 787 2041 pronomen
812 1985 943 2025 ‘huic'
967 1985 1105 2025 referri
1130 1985 1267 2038 possit.
1331 1983 1538 2026 Sententia
1571 1984 1673 2024 enim

191 2056 287 2096 haec
311 2062 385 2096 est.
431 2052 473 2095 Si
497 2063 606 2095 reeta
628 2055 791 2109 regione
813 2054 979 2094 aduerso
1003 2053 1100 2092 colle
1123 2055 1168 2093 ad
1201 2054 1379 2107 oppidum
1411 2052 1607 2105 proficisci
1628 2051 1674 2091 li-

190 2126 366 2173 cuisset,
401 2122 564 2176 spatium
596 2122 752 2162 itineris
775 2118 893 2161 MCC
929 2134 1065 2173 passus
1089 2121 1242 2161 fuisset.
1305 2118 1386 2161 Sed
1416 2120 1527 2160 collis
1558 2119 1674 2159 nimis

189 2199 279 2232 erat
300 2192 463 2240 arduus,
488 2205 563 2243 quo
585 2191 713 2230 minus
736 2190 772 2229 id
795 2189 878 2229 lieri
901 2195 1049 2242 posset.
1094 2186 1231 2241 Itaque
1252 2195 1295 2228 ut
1316 2188 1495 2228 molliore
1518 2187 1676 2227 accliui-

191 2266 272 2299 tate
294 2259 434 2307 iretur,
459 2258 624 2311 primum
647 2257 801 2310 obliquo
824 2257 923 2297 colle
945 2256 1217 2296 sinistrorsum
1243 2256 1568 2310 proficiscendum
1591 2261 1678 2294 erat

188 2328 310 2380 (nam
334 2340 355 2365 a
378 2326 518 2365 dextra
542 2333 650 2380 parte
672 2324 826 2365 Haedui
848 2324 1125 2374 mittebantur,
1161 2340 1196 2365 c.
1221 2324 1274 2365 45
1297 2327 1435 2376 extr.)
1468 2330 1507 2363 et
1538 2322 1677 2363 deinde

194 2395 297 2434 flexo
320 2395 359 2434 in
382 2395 543 2434 alteram
568 2400 716 2447 partem
738 2393 879 2433 itinere
901 2393 948 2432 ad
971 2393 1147 2445 oppidum
1172 2393 1494 2447 perueniendum.
1552 2389 1678 2443 Igitur

194 2463 295 2516 quod
319 2460 458 2502 Morus
492 2461 626 2501 ‘huic'
657 2460 705 2499 ad
727 2473 932 2499 ascensum
956 2460 1096 2500 referri
1119 2460 1189 2510 ait,
1215 2460 1326 2500 collis
1359 2460 1421 2509 (is
1453 2465 1584 2498 autem
1615 2457 1676 2497 hic

195 2531 336 2571 dicitur
357 2532 565 2581 aseensus)
580 2542 704 2581 neque
727 2527 909 2567 breuiore
932 2528 1073 2568 itinere
1090 2528 1340 2568 minuebatur
1355 2540 1480 2579 neque
1497 2525 1675 2577 longiore

195 2598 427 2652 augebatur,
453 2598 519 2637 sed
541 2597 658 2645 idem,
684 2602 799 2647 atque
822 2602 924 2644 erat,
950 2596 1147 2636 manebat.
1201 2597 1332 2650 Atque
1355 2601 1396 2634 ut
1417 2594 1575 2633 omniuo
1599 2593 1676 2633 cir-

158 2660 165 2665 *
195 2667 321 2707 cuitus
345 2665 434 2705 colli
456 2665 645 2705 accedere
668 2663 743 2702 dici
766 2662 903 2715 possit,
931 2663 990 2702 liic
1006 2671 1113 2703 certe
1135 2663 1171 2702 id
1195 2662 1277 2702 lieri
1301 2676 1377 2701 non
1396 2668 1561 2715 poterat,
1588 2675 1674 2700 cum

193 2735 491 2789 proficiscentes
513 2732 718 2772 circuitum
740 2730 780 2769 in
803 2729 885 2783 ipso
909 2730 1005 2770 colle
1029 2732 1217 2770 facerent.
1264 2727 1342 2769 Sed
1366 2743 1414 2769 ne
1435 2736 1570 2769 rectae
1592 2728 1692 2781 qui-x

196 2804 281 2842 dem
306 2800 460 2855 regioni
483 2799 626 2852 aliquid
649 2798 834 2838 circuitus
857 2799 1046 2838 accedere
1068 2804 1211 2851 potest,
1237 2811 1323 2836 cum
1348 2796 1472 2849 regio,
1497 2809 1596 2849 quae
1618 2801 1678 2835 est

196 2869 299 2911 linea
321 2876 452 2910 mente
473 2867 578 2909 iuter
599 2867 694 2908 duas
715 2880 780 2908 res
803 2866 939 2917 ducta,
965 2865 1071 2906 nulla
1093 2865 1217 2919 possit
1236 2864 1403 2906 circuitu
1425 2864 1540 2904 ducta
1561 2862 1676 2903 intel-
