1835 3240
71 911 111 945 10

69 1250 108 1282 15

65 1590 109 1624 20

680 177 872 221 CAPVT
903 177 958 220 65
969 201 1023 208 ——
1037 176 1106 219 67.
1628 181 1712 224 659

152 293 355 349 cognoscit
374 305 420 332 ac
441 291 604 343 statuit3
639 306 756 346 reges
772 323 782 343 ‚
818 299 1033 347 tyrannos,
1058 290 1246 345 dynastas
1269 292 1494 345 prouinciae
1517 295 1635 336 finiti·
1657 296 1681 336 5

147 377 232 404 mos
247 393 258 412 ‚
283 360 347 414 qui
370 374 505 401 omnes
528 360 576 400 ad
597 374 686 401 eum
708 367 1017 410 concurrerant,
1040 365 1220 413 receptos
1242 359 1282 398 in
1303 359 1417 399 fidem
1440 362 1638 404 condicio-

148 431 262 472 nibus
293 428 475 482 inpositis
507 429 735 482 prouinciae
769 428 935 468 tuendae
965 442 1010 468 ac
1033 427 1301 468 defendendae
1324 427 1480 468 dimittit
1502 437 1540 469 et
1561 430 1636 471 sibi

145 504 185 538 et
214 497 355 551 populo
392 495 575 537 Romano
607 496 882 536 amicissimos.
944 494 1089 536 Paucis
1121 495 1258 536 diebus
1287 494 1329 535 in
1358 508 1405 535 ea
1436 495 1637 549 prouincia
1650 498 1709 542 66

149 564 390 619 consumptis
415 562 586 605 Sextum
610 561 827 604 Caesarem
843 594 853 614 ,
878 563 1043 603 amicum
1067 571 1107 604 et
1128 559 1395 604 necessarium
1416 577 1530 604 suum
1545 595 1556 615 ‚
1580 564 1636 605 le-

146 633 330 688 gionibus
362 630 582 687 Syriaeque
613 631 828 685 praefecit3
872 631 956 685 ipse
989 632 1124 672 eadem
1156 631 1308 681 classe,
1343 645 1417 684 qua
1449 639 1633 682 uenerat,
1657 632 1684 673 2

144 701 408 754 proficiscitur
426 700 468 740 in
492 697 690 740 Ciliciam.
731 697 856 740 Cuius
880 700 1108 753 prouinciae
1131 700 1314 740 ciuitates
1338 712 1474 740 omnes
1497 707 1638 740 euocat

145 768 316 809 Tarsum
334 800 344 819 ‚
379 768 482 821 quod
516 767 696 823 oppidum
719 768 802 808 fere
826 767 946 807 totius
970 764 1137 807 Ciliciae
1159 766 1443 808 nobilissimum
1465 767 1636 812 fortissi-

145 850 326 890 mumque
358 843 433 876 est.
475 835 535 876 Ibi
565 836 685 876 rebus
708 835 887 875 omnibus
910 835 1140 889 prouinciae
1163 841 1202 874 et
1224 836 1476 876 finitimarum
1498 834 1638 875 ciuita-
1658 834 1683 875 3

143 911 222 944 tum
257 904 482 944 constitutis
515 904 728 958 cupiditate
757 903 1031 957 proficiscendi
1061 903 1110 943 ad
1137 902 1281 943 bellum
1312 904 1525 956 gerendum
1556 917 1637 944 non

143 972 288 1012 diutius
320 979 498 1012 moratur
528 972 762 1027 magnisque
791 971 1001 1011 itineribus
1033 985 1103 1024 per
1124 967 1415 1024 Cappadociam
1444 971 1634 1012 confectis
1656 970 1684 1010 4

141 1039 299 1079 biduum
331 1038 528 1080 Mazacae
567 1046 832 1080 commoratus
866 1036 1044 1080 Comana
1074 1040 1209 1088 uenit,
1252 1039 1565 1079 uetustissimum
1597 1046 1636 1079 et

143 1106 434 1147 sanctissimum
466 1107 507 1148 in
531 1105 780 1161 Cappadocia
803 1105 994 1147 Bellonae
1025 1107 1233 1160 templum,
1265 1106 1366 1159 quod
1400 1113 1509 1146 tanta
1540 1106 1634 1147 reli-

140 1175 257 1228 gione
279 1175 443 1225 colitur,
466 1182 522 1225 ⁴ut
542 1176 728 1216 sacerdos
752 1175 836 1215 eius
861 1175 957 1215 deae
978 1175 1209 1224 maiestate,
1242 1174 1408 1228 imperio
1423 1204 1433 1224 ,
1460 1175 1637 1228 potentia

141 1243 336 1283 secundus
359 1258 381 1282 a
402 1257 497 1297 rege
520 1256 716 1283 consensu
740 1243 868 1296 gentis
891 1242 996 1283 illius
1021 1242 1228 1283 habeatur.
1285 1240 1329 1282 Id
1353 1242 1498 1282 homini
1522 1242 1633 1282 nobi·
1655 1241 1680 1282 5

143 1311 291 1350 lissimo
323 1309 541 1365 Lycomedi
569 1309 757 1366 Bithynio
800 1310 1066 1360 adiudicauit3
1111 1310 1173 1363 qui
1213 1310 1324 1363 regio
1357 1308 1634 1364 Cappadocum

142 1392 291 1432 genere
325 1386 435 1419 ortus
468 1385 627 1433 propter
657 1379 864 1419 aduersam
888 1379 1087 1418 fortunam
1108 1378 1302 1418 maiorum
1325 1392 1485 1418 suorum
1507 1385 1636 1419 muta-

146 1447 375 1499 tionemque>
402 1448 559 1501 generis
592 1447 678 1488 iure
709 1446 870 1486 minime
892 1445 1009 1486 dubio
1031 1452 1230 1486 uetustate
1253 1452 1383 1486 tamen
1404 1446 1633 1486 intermisso

141 1515 403 1556 sacerdotium
434 1516 472 1555 id
502 1515 721 1569 repetebat.
765 1513 901 1555 Fratri
933 1520 1063 1554 autem
1093 1512 1380 1555 Ariobarzanis
1410 1514 1630 1566 Ariarathi‚
1654 1513 1681 1555 6

142 1597 229 1624 cum
251 1583 351 1623 bene
373 1583 537 1623 meritus
562 1590 724 1636 uterque
747 1597 880 1623 eorum
904 1583 950 1623 de
972 1582 1172 1636 republica
1195 1589 1325 1633 esset,
1359 1596 1410 1622 ne
1431 1589 1498 1623 aut
1519 1582 1634 1638 regni

141 1651 361 1692 haereditas
376 1651 620 1691 Ariarathen
642 1651 889 1699 sollicitaret,
910 1657 978 1691 aut
999 1650 1139 1691 haeres
1161 1651 1275 1704 regni
1297 1657 1468 1691 terreret
1483 1681 1631 1691 ......

138 1718 408 1759 Ariobarzani
430 1719 637 1770 adtribuit,
664 1719 727 1772 qui
748 1719 819 1759 sub
843 1719 926 1759 eius
949 1719 1112 1772 imperio
1134 1733 1180 1759 ac
1202 1719 1357 1760 dicione
1379 1725 1500 1759 esset.
1543 1717 1634 1773 Ipse

138 1787 216 1827 iter
236 1787 432 1840 inceptum
457 1787 575 1827 simili
597 1787 807 1828 uelocitate
831 1787 1024 1826 conficere
1048 1787 1191 1840 coepit.
1228 1784 1328 1826 Cum
1350 1786 1509 1840 propius
1525 1785 1633 1828 Pon·
1651 1788 1708 1833 67

140 1862 219 1895 tum
242 1856 416 1909 finesque
439 1853 740 1908 Gallograeciae
761 1854 1016 1904 accessisset,
1041 1852 1272 1904 Deiotarus,
1297 1853 1517 1895 tetrarches
1538 1854 1632 1897 Gal-

91 1931 104 1938 *
139 1922 363 1976 lograeciae
386 1930 476 1963 tunc
499 1923 652 1976 quidem
675 1937 798 1977 paene
820 1923 940 1962 totius
955 1953 966 1972 ,
1002 1922 1103 1975 quod
1127 1922 1161 1962 ei
1184 1936 1310 1976 neque
1332 1922 1483 1976 legibus
1507 1937 1634 1977 neque

141 1991 315 2031 moribus
339 2004 571 2031 concessum
594 2004 683 2031 esse
706 1991 827 2030 ceteri
846 1990 1069 2031 tetrarchae
1089 1990 1394 2041 contendebant,
1412 1991 1498 2031 sine
1516 1991 1632 2032 dubio

140 2066 270 2099 autem
292 2071 370 2099 rex
391 2058 606 2099 Armeniae
628 2058 790 2098 minoris
814 2057 860 2098 ab
883 2065 1024 2098 senatu
1046 2058 1280 2112 appellatus,
1299 2058 1489 2112 depositis
1511 2059 1632 2113 regiis

139 2126 359 2180 insignibus
382 2140 510 2181 neque
533 2134 682 2167 tantum
706 2125 859 2179 priuato
881 2126 1027 2166 uestitu
1043 2156 1054 2176 ,
1086 2126 1155 2166 sed
1179 2126 1296 2167 etiam
1318 2140 1475 2167 reorum
1499 2126 1632 2168 habitu

139 2195 305 2250 supplex
327 2196 376 2236 ad
399 2192 613 2236 Caesarem
635 2195 746 2236 uenit
767 2201 945 2247 oratum,
969 2201 1013 2234 ut
1034 2194 1109 2235 sibi
1130 2193 1373 2248 ignosceret,
1399 2196 1501 2248 quod
1521 2195 1563 2236 in
1584 2208 1632 2236 ea

283 2321 298 2354 1
320 2321 475 2352 tirannos
496 2320 649 2353 dinastas
669 2332 702 2353 α.
913 2320 1073 2352 finitimos
1096 2320 1380 2362 Ouclenclm'pius,
1402 2320 1632 2364 finitimosque

139 2370 240 2404 codd.
396 2371 417 2405 2
436 2377 684 2404 concurrerent
700 2373 731 2404 b.
882 2371 1137 2403 conditionibus
1157 2370 1223 2413 (α).
1379 2371 1398 2403 3
1418 2372 1575 2414 inpositis
1594 2383 1629 2405 α.

281 2424 299 2456 5
320 2423 460 2456 Sextum
479 2435 512 2465 α,
535 2424 615 2456 Sex.
636 2434 671 2456 u.
814 2423 832 2456 6
846 2423 1015 2466 praefecit
1031 2434 1052 2455 α
1074 2424 1169 2456 ‘mss.
1190 2426 1225 2455 et
1242 2423 1321 2456 edd.
1341 2423 1451 2466 qdcl.’‚
1473 2425 1632 2467 praeficit

138 2483 176 2505 u.
314 2475 334 2507 8
348 2474 505 2517 oppidum
524 2480 576 2507 est
597 2474 668 2507 fere
686 2486 720 2507 α.
863 2475 881 2507 9
898 2473 1090 2516 ciuitatum]
1110 2474 1286 2516 regionum
1306 2474 1339 2505 b.
1482 2475 1522 2508 1⁴2
1535 2476 1632 2507 uenit

137 2526 221 2565 post
237 2523 384 2556 Comana
408 2528 537 2567 posui,
559 2536 628 2558 om.
649 2536 669 2557 a
690 2526 708 2557 b
728 2535 745 2557 c
761 2526 781 2560 2
800 2525 915 2564 del-t.‚·
935 2529 1019 2557 ante
1039 2525 1189 2557 Comana
1204 2527 1311 2568 ponit
1328 2535 1364 2557 u.
1507 2526 1548 2558 14
1560 2536 1630 2558 ma-

139 2575 281 2614 iestate]
297 2576 402 2616 magis
421 2587 442 2608 a
463 2577 480 2608 b
499 2587 517 2608 e
534 2577 554 2609 4
573 2577 662 2609 dett.
853 2577 892 2609 15
912 2577 1040 2609 homini
1059 2587 1130 2608 om.
1151 2578 1183 2608 b.
1365 2576 1404 2609 16
1423 2576 1573 2609 Bithinio
1591 2588 1625 2609 a.

281 2624 449 2658 iudicauit
467 2627 499 2659 b.
671 2626 909 2670 Cappadociae
927 2637 1087 2669 suprase.
1110 2637 1185 2659 oum
1204 2637 1239 2658 α.
1406 2627 1445 2660 19
1466 2626 1567 2659 sratri
1584 2645 1628 2650 —

138 2675 313 2708 Ariarathi
339 2686 361 2708 a
388 2677 472 2709 ‘mei
494 2678 623 2710 omnes'
643 2683 794 2722 praeter
817 2680 838 2715 2
856 2679 969 2720 dett„
1000 2679 1144 2711 fratrem
1163 2697 1203 2702 —
1220 2677 1427 2710 Ariarathen
1447 2689 1482 2711 u.

139 2726 180 2761 21
201 2726 398 2758 haereditas
415 2728 480 2769 (a),
500 2739 569 2762 non
589 2730 706 2762 hered.
893 2729 1030 2770 (haeres
1049 2730 1116 2773 (a))
1135 2729 1289 2762 homines
1310 2729 1341 2760 b.
1510 2728 1625 2761 Lacu-

138 2788 221 2809 nam
240 2788 304 2820 ego
323 2780 462 2810 notaui.
482 2779 524 2811 Ρ.
543 2780 622 2812 200.
754 2780 976 2815 22adtribuit
992 2791 1027 2813 α.
1167 2780 1297 2812 ditione
1317 2778 1380 2821 (a).
1512 2778 1556 2814 23
1574 2778 1626 2810 in-

138 2834 271 2872 ceptum
288 2839 305 2860 c
321 2830 339 2861 5
359 2830 472 2872 dett.‚·
492 2835 627 2874 ceptum
645 2842 678 2872 a,
699 2836 856 2875 coeptum
874 2832 940 2876 (b).
1107 2836 1210 2874 ponte
1229 2833 1313 2863 ante
1331 2838 1423 2861 corr.
1444 2839 1478 2861 a.

137 2881 180 2914 24
199 2880 404 2913 tetriarches
421 2889 454 2913 α.
597 2882 640 2917 25
657 2892 743 2924 pene
763 2893 796 2914 a.
939 2881 983 2917 27
995 2881 1117 2924 regiis]
1135 2881 1225 2923 regis
1245 2891 1279 2913 α.
1417 2880 1459 2914 28
1472 2884 1568 2913 tanto
1586 2890 1625 2914 α.

1308 2933 1394 2974 42*
