1835 3240
128 180 210 223 350
651 177 724 219 DE
756 177 944 220 BELLO
977 177 1226 221 GALLICO

203 292 326 341 iubet,
352 304 426 344 quo
449 305 499 332 ex
522 297 633 344 portu
656 291 1010 331 commodissimum
1033 291 1073 330 in
1094 289 1337 332 Britanniam
1363 293 1568 334 traiectum
1590 308 1678 335 esse

204 366 471 414 cognouerat,
496 359 655 398 circiter
676 359 824 397 milium
846 371 1029 410 passuum
1049 365 1151 397 XXX
1173 359 1484 416 [transmissum]
1509 377 1531 403 a
1554 363 1678 403 eonti-

155 429 181 469 4
203 427 337 468 nenti:
370 427 459 466 huie
490 426 547 465 rei
580 426 678 477 quod
712 425 807 464 satis
831 439 917 465 esse
942 425 1065 465 uisum
1090 432 1152 465 est
1173 426 1336 466 militum
1357 429 1528 482 reliquit.
1590 428 1678 484 Ipse

202 510 289 536 cum
316 493 536 547 legionibus
568 492 763 545 expeditis
795 499 855 531 1111
888 499 924 532 et
948 493 1141 545 equitibus
1164 500 1274 533 DCCC
1297 494 1336 533 in
1357 495 1453 535 fines
1477 496 1678 538 Treuero-

200 577 287 603 rum
310 560 592 615 profieiscitur,
625 559 726 611 quod
756 559 794 599 hi
816 573 939 612 neque
968 560 1016 600 ad
1039 561 1203 601 concilia
1228 560 1438 602 ueniebant
1460 577 1583 616 neque
1604 565 1674 604 im-

201 630 310 683 perio
324 627 513 682 parebant
528 624 825 681 Germanosque
839 626 1173 668 Transrhenanos
1196 628 1411 669 sollicitare
1433 629 1675 671 dicebantur.

154 697 182 742 3
203 696 310 737 Haeo
334 695 472 735 ciuitas
495 694 611 747 longe
632 694 837 747 plurimum
860 695 980 735 totius
1004 693 1157 735 Galliae
1180 696 1355 748 equitatu
1377 696 1483 736 ualet
1498 711 1679 750 magnas-

202 778 275 817 que
298 762 414 803 habet
435 762 566 814 copias
589 762 758 814 peditum
781 762 1036 815 Rhenumque
1052 794 1062 812 ,
1095 770 1136 803 ut
1165 777 1281 816 supra
1304 764 1675 814 demonstrauimus,

153 831 181 872 2
205 830 345 883 tangit.
406 827 451 867 Iu
485 842 531 868 ea
562 829 722 869 ciuitate
754 830 827 869 duo
862 831 907 870 de
940 831 1158 884 principatu
1181 831 1285 870 inter
1306 845 1348 871 se
1372 830 1676 882 contendebant,

156 897 180 938 3
202 896 465 938 Idutiomarus
489 902 526 936 et
548 893 811 949 Cingetorix,
838 911 858 937 e
880 897 1016 950 quibus
1039 897 1153 947 alter,
1180 898 1411 950 simulatque
1435 899 1480 939 de
1494 895 1679 939 Caesaris

201 964 475 1018 legionumque
510 963 681 1004 aduentu
717 964 914 1017 cognitum
953 972 1027 1012 est,
1067 966 1115 1005 ad
1151 979 1237 1006 eum
1270 966 1400 1015 uenit,
1434 980 1477 1006 se
1508 980 1679 1019 suosque

201 1046 336 1072 omues
358 1031 398 1071 in
421 1031 545 1071 officio
575 1032 726 1072 futuros
755 1046 880 1085 neque
902 1033 948 1072 ab
972 1033 1140 1073 amicitia
1165 1034 1293 1087 populi
1315 1033 1483 1074 Romani
1507 1034 1681 1074 defeetu-

153 1099 179 1139 4
200 1112 265 1140 ros
289 1099 534 1139 confirmauit
554 1113 728 1152 quaeque
757 1100 796 1139 in
818 1099 1007 1140 Treueris
1038 1108 1272 1155 gererentur
1293 1101 1480 1142 ostendit.
1540 1102 1594 1141 At
1613 1099 1680 1141 In-

201 1167 441 1206 dutiomarus
455 1166 664 1219 equitatum
688 1168 980 1220 peditatumque
1002 1182 1144 1222 eogere
1166 1169 1308 1221 iisque,
1333 1169 1395 1221 qui
1418 1181 1487 1221 per
1509 1175 1679 1208 aetatem

201 1234 243 1274 in
264 1233 382 1274 armis
405 1247 491 1274 esse
515 1247 593 1273 non
615 1241 798 1287 poterant
814 1265 824 1283 ‚
859 1234 900 1274 in
931 1235 1071 1275 siluam
1093 1235 1349 1275 Arduennam
1383 1236 1546 1286 abditis,
1582 1249 1681 1289 quae

200 1302 351 1355 ingenti
373 1301 641 1354 magnitudine
673 1315 743 1354 per
763 1302 911 1342 medios
935 1302 1031 1341 fines
1054 1301 1327 1343 Treuerorum
1349 1316 1371 1342 a
1393 1303 1550 1342 flumine
1570 1302 1679 1343 Rhe-

153 1368 178 1409 5
200 1383 250 1409 no
282 1368 329 1408 ad
359 1368 514 1408 initium
536 1367 753 1408 Remorum
786 1369 982 1422 pertinet,
1013 1368 1154 1409 bellum
1188 1384 1330 1424 parare
1352 1369 1537 1409 instituit.
1600 1367 1681 1410 Sed

200 1443 452 1491 posteaquam
477 1436 653 1476 nonnulli
683 1436 877 1490 principes
910 1451 963 1477 ex
985 1451 1030 1477 ea
1053 1437 1212 1478 ciuitate
1236 1444 1275 1477 et
1296 1437 1560 1477 familiaritate
1584 1433 1681 1477 Cin-

199 1504 391 1560 getorigis
415 1504 572 1544 adducti
605 1510 644 1544 et
675 1504 845 1545 aduentu
868 1505 993 1545 nostri
1016 1505 1217 1545 exercitus
1240 1505 1438 1558 perterriti
1461 1505 1507 1545 ad
1531 1502 1680 1546 Caesa-

198 1588 282 1614 rem
303 1578 499 1612 ueuerunt
529 1578 567 1612 et
596 1571 642 1612 de
672 1571 753 1612 suis
786 1572 966 1626 priuatim
996 1573 1116 1613 rebus
1149 1573 1196 1613 ab
1226 1587 1272 1613 eo
1294 1580 1427 1627 petere
1450 1579 1678 1627 coeperunt,

200 1640 383 1695 quoniam
406 1639 556 1680 ciuitati
579 1640 785 1680 consulere
817 1655 895 1680 non
917 1648 1103 1694 possent,
1135 1640 1308 1690 ueritus,
1344 1655 1393 1680 ne
1423 1641 1469 1680 ab
1501 1640 1680 1680 omnibus

152 1710 179 1751 6
202 1711 476 1757 desereretur,
500 1706 792 1748 Indutiomarus
824 1707 976 1761 legatos
1010 1709 1057 1748 ad
1081 1706 1296 1748 Caesarem
1327 1708 1467 1748 mittit:
1502 1705 1601 1748 Sese
1623 1707 1680 1747 id-

201 1778 306 1817 eirco
329 1775 376 1815 ab
398 1775 480 1815 suis
505 1775 704 1814 discedere
727 1781 843 1827 atque
866 1776 913 1815 ad
935 1789 1021 1815 eum
1044 1776 1180 1816 uenire
1204 1775 1400 1825 noluisse,
1432 1789 1505 1828 quo
1529 1774 1680 1815 facilius

201 1844 401 1884 ciuitatem
423 1843 463 1882 in
486 1842 612 1882 officio
635 1842 881 1892 contineret,
917 1857 965 1883 ne
988 1843 1112 1883 omnis
1137 1843 1350 1883 nobilitatis
1373 1843 1550 1883 discessu
1572 1841 1679 1895 plebs

155 1912 180 1953 7
202 1917 365 1966 propter
385 1909 674 1964 inprudentiam
697 1909 921 1950 laberetur:
954 1911 1085 1963 itaque
1117 1924 1205 1951 esse
1240 1911 1437 1951 ciuitatem
1460 1910 1501 1950 in
1523 1923 1594 1950 sua
1615 1923 1683 1962 po-

202 1984 371 2029 testate,
424 1991 590 2031 seseque
605 2008 616 2028 ,
659 1978 693 2018 si
734 1973 887 2019 Caesar
926 1979 1200 2032 permitteret,
1254 1979 1301 2019 ad
1342 1992 1428 2019 eum
1468 1977 1508 2018 in
1550 1983 1680 2017 eastra

344 2098 359 2131 1
381 2098 566 2130 Britaniam
586 2099 628 2130 B.
797 2099 818 2131 2
836 2097 927 2129 mille
946 2108 1066 2140 passus
1086 2109 1114 2130 e.
1300 2097 1440 2138 triginta
1460 2096 1532 2138 (B).

199 2150 439 2183 transmissum
458 2148 647 2180 delendum
664 2148 761 2180 uidit
776 2149 938 2180 Faitrnus
957 2149 1168 2187 (tramissum
1187 2150 1232 2187 e).
1374 2149 1393 2180 3
1412 2148 1488 2178 huie
1505 2147 1575 2187 regi
1593 2150 1678 2177 aute

199 2215 292 2238 corr.
316 2205 358 2236 Β.
500 2203 641 2244 reliquit
656 2202 689 2234 A
704 2202 731 2235 C
744 2203 762 2234 b
775 2213 810 2243 e,
832 2202 995 2244 relinquit
1012 2203 1055 2234 B.
1194 2203 1216 2234 4
1235 2212 1268 2233 1v
1286 2201 1360 2242 (B).
1507 2200 1679 2232 Treuero-

200 2268 273 2291 rum
291 2257 321 2289 B
342 2257 438 2288 ‘ms-9.
454 2254 644 2297 plerique&
830 2255 871 2287 10
891 2253 1146 2286 induciomarus
1164 2255 1220 2285 Be
1241 2254 1336 2284 ‘ms-s.
1353 2253 1510 2294 plurimi
1526 2255 1559 2283 et
1577 2255 1674 2282 uetu-

198 2307 339 2340 stiores'
358 2317 402 2346 u,·
421 2310 528 2348 atque
547 2308 600 2338 ita
620 2306 755 2348 legitur
770 2306 867 2349 apud
879 2306 954 2337 Cic.
972 2317 1008 2347 p.
1028 2306 1131 2338 Font.
1152 2306 1185 2346 8,
1208 2305 1261 2338 17.
1284 2305 1338 2341 12,
1357 2304 1412 2336 26.
1438 2304 1489 2341 17,
1510 2304 1552 2335 36
1572 2307 1618 2343 et,
1639 2304 1680 2335 de

202 2364 304 2393 cuins
330 2359 430 2391 codd.
463 2369 532 2390 non
559 2361 649 2390 satis
676 2362 841 2399 constat,
868 2358 967 2391 Flor.
986 2359 1058 2399 ΙΙΙ,
1088 2357 1151 2399 10,
1172 2357 1204 2390 7.
1237 2358 1288 2389 At
1305 2357 1470 2388 Caesaris
1488 2355 1588 2387 codd.
1608 2356 1681 2387 sibi

201 2422 269 2444 non
288 2414 451 2442 constare
468 2410 499 2441 B
516 2410 760 2450 demonstrat,
779 2413 816 2441 et
832 2409 1096 2441 Indutiomarum
1116 2411 1237 2440 tuetur
1257 2408 1357 2440 Cass.
1377 2408 1445 2438 Dio
1463 2406 1540 2444 XL,
1563 2406 1614 2438 ll.
1635 2406 1675 2438 31

201 2466 238 2495 et
256 2463 354 2495 Oros.
377 2461 444 2501 Vl,
469 2461 522 2492 10.
664 2471 681 2492 e
701 2461 820 2502 quibus
838 2461 912 2492 AB
925 2461 1013 2501 CD,
1034 2471 1075 2492 ex
1093 2460 1213 2502 quibus
1230 2469 1266 2490 u.
1394 2457 1434 2489 13
1453 2456 1614 2488 Treueris
1634 2457 1676 2489 B.

346 2511 594 2543 indutiomarus
614 2511 693 2552 (B),
715 2511 970 2542 induciomarus
988 2521 1024 2542 τι.
1167 2510 1206 2541 15
1225 2509 1449 2540 Arduemnam
1469 2508 1555 2539 AD.

206 2566 245 2598 16
264 2564 495 2596 Treuerorum
512 2562 554 2593 B.
714 2563 754 2594 18
775 2561 1025 2603 familiaritate]
1046 2561 1252 2593 auctoritate
1272 2561 1289 2591 b
1302 2571 1318 2589 a
1332 2560 1392 2591 (Ie.
1556 2559 1679 2600 Cinge—

201 2615 300 2649 toriis
318 2625 365 2646 m.
383 2623 438 2655 pr.
460 2613 503 2644 Β.
678 2612 722 2645 20
741 2613 886 2655 priuatis
907 2612 997 2643 bde.
1160 2611 1200 2642 ab
1223 2610 1275 2652 eo]
1297 2611 1403 2642 habeo
1421 2610 1468 2649 B,
1490 2610 1531 2641 ad
1551 2620 1625 2641 euin
1645 2611 1675 2642 b.

344 2664 383 2697 21
405 2667 544 2705 possent
563 2662 632 2702 bd,
653 2668 765 2705 posset
783 2664 842 2695 Be
864 2664 986 2694 ‘ceteri
1002 2662 1144 2693 omnes’.
1286 2662 1435 2697 ueritus,
1456 2671 1496 2692 ne
1515 2661 1555 2692 ab
1575 2661 1680 2692 omni-

203 2720 264 2750 bus
284 2718 526 2754 desereretur,
553 2713 803 2746 Indutiomarus
821 2715 851 2746 B
870 2718 903 2746 et
920 2714 1054 2754 reliqui
1066 2717 1216 2754 praeter
1236 2714 1252 2744 b
1266 2713 1307 2752 d,
1338 2715 1401 2754 qai
1427 2711 1678 2744 Indutiomarus

200 2772 283 2801 onte
301 2768 432 2799 ueritus
446 2769 589 2807 ponunt
607 2765 871 2804 (Indutiomarus
890 2766 948 2796 liic
966 2766 1099 2797 diserto
1120 2767 1249 2796 testim.
1271 2765 1300 2796 B
1313 2789 1322 2804 ,
1351 2764 1605 2796 induciomarus
1624 2764 1675 2803 u).

345 2818 387 2852 25
406 2815 653 2858 inprudentiam
674 2816 714 2846 B.
848 2815 891 2849 26
910 2825 1053 2857 seseque
1072 2816 1122 2856 B,
1144 2818 1234 2848 ‘sese
1253 2815 1309 2847 uel
1324 2825 1466 2857 seseque
1485 2825 1567 2847 mss.
1590 2824 1677 2846 non-

202 2867 324 2910 nulli',¹
345 2876 448 2910 seque
466 2876 500 2898 u.

1715 906 1753 939 10

1714 1244 1752 1276 15

1711 1916 1754 1950 25
