1835 3240
158 768 193 801 ln
219 771 407 812 scripturae
433 770 660 814 discrepantia
686 770 799 803 uerbis
823 770 1001 813 scriptoris
1026 770 1179 802 subiecta

199 827 232 858 A
261 826 430 867 significat
465 828 610 860 codicem
643 828 910 869 Bongarsianum
936 827 1075 869 primum
1102 826 1190 869 (A‹p
1217 835 1256 857 ex
1292 825 1473 858 collatione
1499 825 1639 859 Gruteri

647 886 679 917 in
707 885 890 927 exemplari
914 883 1134 923 Fabriciano,
1160 882 1218 914 Ao
1245 893 1287 914 ex
1310 883 1488 914 collatione
1508 883 1638 916 Ouden-

648 942 771 984 dorpii,
798 942 862 973 Απ
887 951 928 972 ex
954 941 1135 972 collatione
1159 939 1376 981 Plueschkii),

647 998 836 1030 Parisinum
863 998 1017 1040 primum,

648 1054 849 1087 Vossianum
881 1054 1024 1097 primum
1067 1053 1143 1096 (οφ
1177 1063 1217 1085 ex
1249 1053 1433 1085 collatione
1469 1053 1570 1086 Gudii
1605 1056 1638 1086 iu

647 1112 788 1154 exempl.
816 1110 934 1149 Febr„
965 1110 1014 1142 Co
1041 1120 1082 1141 ex
1107 1110 1287 1142 collatione
1313 1110 1569 1153 Oudendorpii),

645 1168 912 1209 Egmondanum,

644 1224 950 1257 Vratislauiensem
977 1223 1132 1266 primum,

644 1281 834 1313 Parisinum
863 1280 1056 1320 secundum,

644 1337 843 1370 Leidensem
869 1337 1026 1379 primum,

644 1394 915 1434 Scaligeranum,

641 1450 874 1489 Cuiaeianum,

640 1507 866 1539 Hauniensem
892 1507 1047 1548 primum,

642 1563 935 1596 vindobonensem
960 1563 1116 1606 primum.
1161 1562 1255 1605 Quae
1282 1567 1380 1595 notae
1405 1573 1478 1596 cum
1508 1564 1559 1596 his
1577 1575 1636 1596 un-

151 1620 238 1661 cis(
284 1621 296 1663 )
329 1621 603 1664 circumscriptae
639 1626 738 1661 sunt,
774 1620 956 1652 secundum
992 1620 1163 1651 silentium
1192 1620 1278 1659 eius,
1322 1620 1377 1661 qui
1404 1620 1570 1662 contulit,
1597 1621 1636 1653 de

151 1678 265 1710 codice
291 1678 413 1710 referri
439 1678 632 1718 indicatur3
667 1688 741 1709 cum
779 1678 898 1709 iisdem
932 1677 1162 1717 interrogandi
1196 1676 1327 1717 signum
1361 1677 1543 1720 ascriptum
1571 1682 1634 1716 est,

151 1735 192 1766 de
218 1735 280 1766 fide
307 1736 360 1767 uel
385 1736 513 1767 silentii
546 1735 601 1767 uel
635 1734 754 1766 diserti
781 1734 965 1766 testimonii
993 1734 1211 1765 dubitandum
1238 1735 1362 1766 uideri.
1412 1733 1489 1765 Vid.
1517 1745 1574 1776 qu.
1602 1745 1632 1777 p.

152 1790 299 1824 37—50.
339 1791 470 1824 Littera
495 1803 517 1824 u
544 1793 661 1824 notaui
687 1792 888 1834 scripturam
915 1791 1101 1831 uulgatam‚
1127 1791 1160 1821 id
1186 1795 1238 1822 est
1262 1790 1422 1822 editionis
1441 1790 1637 1822 Oudendor-

151 1848 270 1890 pianae
282 1859 312 1880 a.
332 1849 428 1888 1737,
452 1850 548 1881 cuius
570 1854 682 1881 tamen
701 1849 927 1892 discrepantia
949 1847 995 1879 ibi
1017 1852 1145 1879 tantum
1166 1847 1275 1879 relata
1295 1852 1358 1885 est,
1385 1847 1442 1878 ubi
1462 1847 1636 1889 perspicu-

152 1905 247 1936 itatis
281 1915 383 1937 causa
411 1906 442 1938 id
471 1905 662 1938 faciendum
689 1906 882 1938 uidebatur.
944 1904 1103 1937 Eiusdem
1143 1904 1373 1946 Oudendorpii
1407 1903 1513 1936 uerba
1543 1907 1633 1944 sunt,

151 1971 238 2004 quae
264 1962 353 1994 nullo
381 1963 512 1994 nomine
542 1964 672 1995 adiecto
698 1964 751 1995 his
781 1963 886 2003 signis
913 1965 922 1978 ‘
970 1962 978 1977 ’
1007 1961 1143 1993 inclusi.
1193 1960 1325 1992 Littera
1349 1962 1390 1993 P.
1417 1970 1553 1993 numero
1579 1970 1636 2002 ap—

153 2020 258 2061 posito
285 2020 458 2052 iudicatur
481 2021 601 2064 pagina
627 2021 876 2062 quaestionum.

202 1053 231 1085 ἢ
198 997 229 1028 02

330 1016 373 1022 i

534 1016 577 1022 Ι

332 1071 375 1078 l

535 1073 579 1078 Ι

319 1186 372 1587 ΙΙΙΙΙΙΙΙ

524 1188 576 1588 ΙΙΙΙΙΙΙΙ

169 1168 230 1605 Ἁωῆοε-ῇιῐῃξ,
