1835 3240
629 149 813 192 COMM.
839 150 917 194 VII
939 149 1063 193 CAP.
1089 152 1229 193 4-7,
1658 154 1741 197 409

181 267 254 307 bus
270 263 436 304 desectis
459 270 524 303 aut
546 264 712 318 singulis
735 266 888 306 effossis
911 266 1033 306 oculis
1057 266 1212 306 domum
1235 263 1414 314 remittit,
1442 273 1482 305 ut
1503 268 1582 308 sint
1597 283 1660 309 re-

181 332 297 385 liquis
330 332 562 372 documento
597 341 635 373 et
665 334 932 386 magnitudine
962 347 1111 388 poenae
1143 340 1391 387 perterreant
1412 335 1524 374 alios.
1588 335 1662 376 His
1684 337 1711 381 5

181 399 380 453 suppliciis
404 400 588 441 celeriter
608 409 744 441 coacto
768 402 949 442 exercitu
972 400 1201 442 Lucterium
1225 398 1462 451 Cadurcum,
1490 415 1664 444 summac

181 467 377 506 hominem
400 469 604 519 audaciae,
631 484 716 509 cum
741 477 849 522 parte
872 471 1071 522 copiarum
1094 471 1133 509 in
1150 468 1330 509 Rutenos
1354 470 1496 519 mittit3
1522 470 1604 522 ipse
1626 471 1664 510 in

133 544 151 574 5
182 533 382 588 Bituriges
405 537 679 589 proficiscitur.
723 536 821 576 Eius
844 538 1015 578 aduentu
1036 536 1237 591 Bituriges
1260 538 1307 577 ad
1332 536 1538 587 Haeduos,
1573 552 1667 590 quo·
1688 538 1715 577 2

181 617 266 642 rum
291 610 404 643 erant
424 604 463 644 in
486 605 573 654 fide,
599 604 750 657 legatos
773 605 931 644 mittunt
953 605 1167 645 subsidium
1194 613 1389 659 rogatum,
1415 619 1489 658 quo
1514 605 1666 645 facilius

182 671 351 711 bostium
376 672 507 725 copias
530 672 727 712 sustinere
750 673 916 725 possint.
980 671 1136 712 Haedui
1171 674 1216 712 de
1240 673 1405 713 consilio
1428 673 1664 728 legatorum,
1689 672 1714 713 3

183 754 279 792 quos
304 738 456 780 Caesar
477 740 522 779 ad
547 740 764 780 exercitum
789 740 1030 793 reliquerat,
1069 741 1202 794 copias
1237 741 1430 793 equitatus
1454 741 1668 795 peditatus-

183 821 257 859 que
279 807 452 848 subsidio
469 805 714 860 Biturigibus
738 808 911 848 mittunt.
957 806 1035 860 Qui
1058 823 1142 848 cum
1166 809 1212 848 ad
1236 809 1376 848 flumen
1399 808 1575 863 Ligerim
1602 823 1667 850 ue·
1689 809 1716 849 4

109 882 150 914 10
184 876 351 926 nissent,
378 877 477 928 quod
500 874 702 928 Bituriges
726 876 772 915 ab
797 875 972 916 Haeduis
996 876 1150 925 diuidit,
1180 891 1324 930 paucos
1348 878 1429 917 dies
1452 877 1503 918 ibi
1526 878 1670 918 morati

184 957 310 996 neque
332 944 473 984 flumen
507 944 678 983 transire
709 943 792 984 ausi
827 944 980 983 domuin
1004 951 1260 984 reuertuntur
1282 946 1497 999 legatisque
1520 946 1667 986 nostris
1691 944 1715 986 5

180 1012 412 1051 renuntiant
443 1025 485 1051 se
516 1010 740 1064 Biturigum
776 1012 973 1065 perfidiam
1007 1013 1157 1053 ueritos
1190 1013 1432 1063 reuertisse,
1465 1014 1602 1067 quibus
1631 1013 1670 1053 id

182 1079 336 1120 consilii
360 1081 480 1119 fuisse
504 1080 778 1133 cognouerint,
805 1086 860 1130 ut,
887 1080 919 1120 si
944 1080 1084 1121 flumen
1109 1080 1363 1131 transissent,
1388 1095 1464 1121 una
1484 1095 1536 1121 ex
1559 1088 1669 1135 parte

181 1148 281 1200 ipsi,
315 1148 440 1188 altera
462 1147 637 1188 Aruerni
660 1161 702 1188 se
724 1149 1077 1189 circumsisterent.
1123 1148 1165 1189 Id
1190 1163 1288 1190 eane
1310 1150 1356 1189 de
1379 1163 1497 1190 causa
1514 1180 1523 1198 ,
1556 1163 1670 1201 quam
1690 1147 1718 1189 6

108 1223 148 1255 15
181 1216 321 1270 legatis
344 1217 666 1270 pronuntiarunt,
692 1231 741 1256 an
765 1217 926 1270 pertidia
949 1218 1105 1257 adducti
1127 1218 1310 1268 fecerint,
1336 1217 1545 1271 quodniliil
1556 1216 1668 1257 nobis

183 1291 362 1334 constat,
388 1299 466 1324 non
489 1285 646 1325 uidetur
668 1299 736 1338 pro
760 1293 868 1326 certo
892 1300 981 1326 esse
1004 1287 1312 1340 proponendum.
1377 1284 1581 1339 Bituriges
1604 1299 1670 1326 eo·
1689 1283 1716 1325 7

181 1367 267 1392 rum
291 1352 468 1393 discessu
491 1353 620 1392 statim
644 1367 730 1392 cum
754 1353 951 1394 Aruernis
973 1355 1204 1408 iunguntur.

296 1420 368 1460 llis
389 1421 507 1461 rebus
530 1421 570 1460 in
593 1419 745 1461 Italiam
770 1419 933 1462 Caesari
959 1423 1173 1473 nuntiatis,
1200 1437 1285 1462 cum
1308 1423 1382 1462 iam
1406 1422 1471 1462 ille
1495 1421 1665 1461 urbanas
1688 1420 1715 1464 6

182 1503 246 1529 res
269 1489 414 1529 uirtute
438 1486 515 1528 Cn.
542 1487 704 1541 Pompei
736 1491 1037 1530 commodiorem
1070 1491 1110 1530 in
1132 1498 1277 1531 statum
1302 1491 1530 1545 peruenisse
1552 1490 1668 1530 intel-

105 1564 148 1597 20
180 1557 345 1610 legeret,
371 1557 410 1596 in
425 1556 730 1610 Transalpinam
747 1556 915 1598 Galliam
939 1560 1138 1612 profectus
1162 1566 1234 1599 est.
1279 1558 1341 1598 Eo
1364 1573 1450 1599 cum
1473 1558 1665 1608 uenisset,
1689 1558 1717 1599 2

179 1638 321 1678 magna
344 1625 567 1664 difficultate
589 1625 857 1675 adficiebatur,
884 1641 958 1679 qua
979 1627 1191 1667 rationead
1214 1630 1433 1667 exereitum
1458 1627 1668 1680 peruenire

179 1700 327 1747 posset.
371 1691 477 1733 Nam
500 1693 534 1732 si
556 1693 732 1746 legiones
755 1694 793 1732 in
817 1695 1057 1747 prouinciam
1082 1702 1328 1745 arcesseret,
1362 1709 1404 1735 se
1436 1695 1598 1734 absente
1628 1695 1668 1734 in
1689 1691 1714 1733 3

179 1761 320 1800 itinere
344 1761 491 1814 proelio
515 1761 765 1801 dimicaturas
788 1761 1067 1816 intellegebat,
1100 1764 1133 1803 si
1155 1764 1238 1817 ipse
1261 1763 1307 1803 ad
1330 1762 1552 1802 exercitum
1574 1776 1668 1801 con-
1688 1760 1716 1801 4

182 1829 389 1879 tenderet,
423 1843 470 1868 ne
493 1828 539 1868 iis
563 1829 714 1881 quidem
738 1843 783 1869 eo
809 1837 1005 1884 tempore,
1041 1832 1103 1884 qui
1127 1831 1247 1884 quieti
1272 1831 1526 1880 uiderentur,
1560 1844 1669 1870 snam

106 1905 147 1939 25
181 1898 345 1937 salutem
377 1904 484 1936 recte
518 1898 706 1938 committi
739 1898 910 1939 uidebat.
966 1898 1129 1939 Interim
1154 1899 1363 1940 Lucterius
1386 1896 1594 1940 Cadurcus
1626 1898 1667 1938 in
1688 1898 1715 1941 ’7

180 1963 361 2004 Rutenos
386 1965 528 2004 missus
551 1978 635 2005 eam
659 1966 856 2006 ciuitatem
878 1967 1077 2008 Aruernis
1101 1968 1298 2008 conciliat.
1354 1967 1603 2021 Progressus
1627 1966 1666 2006 in
1687 1965 1715 2006 2

179 2031 427 2087 Nitiobriges
451 2032 674 2073 etGabalos
698 2034 744 2073 ab
769 2035 947 2088 utrisque
969 2036 1125 2077 obsides
1143 2037 1286 2090 accipit
1309 2044 1347 2077 et
1368 2049 1510 2090 magna
1533 2041 1669 2075 coacta

179 2114 296 2141 manu
317 2101 357 2140 in
381 2102 621 2154 prouinciam
645 2100 873 2143 Narbonem
900 2118 1038 2145 uersus
1071 2105 1315 2159 eruptionem
1350 2105 1482 2144 facere
1504 2110 1669 2144 conten-

181 2169 248 2208 dit.
285 2167 373 2221 Qna
395 2184 438 2210 re
461 2170 639 2211 nuntiata
654 2168 808 2212 Caesar
829 2173 1007 2214 omnibus
1031 2174 1207 2214 consiliis
1231 2173 1561 2214 anteuertendum
1583 2171 1668 2212 exi·
1690 2170 1714 2212 3

321 2298 341 2330 2
360 2297 558 2330 deterreant
577 2299 607 2330 b.
683 2289 692 2296 ’
740 2299 758 2331 7
779 2306 919 2341 possent
939 2302 970 2333 b.
1088 2302 1106 2334 9
1127 2301 1294 2344 subsidio]
1316 2303 1459 2334 consilio
1478 2304 1521 2335 Α.

183 2347 389 2389 Bitorigibus
409 2350 451 2380 B.
640 2350 680 2382 13
700 2352 879 2384 consilium
898 2354 942 2384 D.
1116 2360 1350 2395 eognouerunt
1368 2356 1414 2386 D.
1601 2355 1668 2396 ipsi

181 2408 220 2429 ex
239 2404 333 2441 parte
354 2401 384 2431 b.
528 2401 567 2433 15
588 2403 842 2443 pronuntiarint
860 2405 890 2435 B
911 2406 1103 2447 ‘mss-‚fere
1121 2407 1263 2447 omnes',
1290 2407 1589 2449 pronuntiauerint
1608 2407 1667 2439 be.

325 2452 365 2484 1ss
384 2454 638 2495 proponendum
658 2455 837 2496 ABCD,
860 2458 1050 2498 ponendum
1073 2459 1089 2489 b
1104 2459 1156 2490 ed
1167 2470 1196 2490 e.
1401 2460 1441 2492 17
1460 2459 1576 2491 statim
1595 2469 1669 2490 eum

184 2501 348 2534 Aruernis
375 2503 562 2544 iunguntur
594 2506 767 2546 ABCD,
804 2508 919 2539 statim
947 2519 983 2540 se
1011 2520 1085 2541 cum
1112 2510 1279 2543 Aruernis
1308 2511 1519 2552 coniungunt
1544 2510 1667 2542 bede.

327 2553 485 2586 181ta1ia
504 2557 534 2588 b.
685 2557 722 2589 19
743 2556 827 2589 Gnei
847 2569 893 2590 m.
914 2570 983 2590 See.
1004 2560 1046 2591 B.
1188 2561 1322 2603 Pompei
1342 2562 1384 2593 B.
1525 2562 1564 2594 21
1588 2561 1669 2593 adfi-

185 2602 341 2634 ciebatur
358 2605 399 2636 B.
542 2610 738 2649 peruenisse
759 2610 789 2640 I).
930 2612 973 2645 2⁴2¹
992 2611 1198 2652 prouintiam
1217 2612 1259 2643 B.
1410 2616 1606 2643 arcerseret
1624 2611 1665 2650 B,

186 2653 370 2685 arcessiret
385 2666 453 2687 see.
473 2667 520 2688 m.
541 2660 578 2690 C.
722 2661 764 2693 24
784 2671 823 2691 ne
843 2661 895 2692 his
914 2662 1049 2703 quidem
1067 2663 1110 2694 B.
1259 2672 1298 2693 eo
1319 2667 1469 2705 tempore
1489 2663 1543 2704 qui
1563 2661 1669 2703 quieti

190 2704 426 2737 ‘uetustiores'
445 2710 502 2747 et,
523 2710 559 2740 in
578 2721 647 2751 quo
665 2711 722 2753 qui
739 2722 818 2753 sup.
839 2722 933 2744 uers.
954 2716 1018 2754 est,
1041 2713 1094 2753 B‚·
1115 2713 1171 2755 qui
1191 2723 1230 2744 eo
1250 2718 1403 2755 tempore
1422 2713 1534 2755 pacati
1553 2712 1603 2743 de
1623 2712 1673 2744 ‘et

189 2757 301 2786 ceteri
318 2757 392 2787 eius
410 2758 548 2791 sectae'.
691 2762 733 2796 25
752 2762 937 2795 Lucretius
956 2764 986 2795 B
1006 2765 1102 2796 ἤνιδε.
1125 2763 1168 2796 6’.
1312 2765 1353 2796 26
1371 2765 1403 2795 in
1424 2763 1604 2804 iciobriges
1622 2763 1667 2794 A.

331 2805 373 2839 27
394 2805 539 2840 Gabales
560 2810 619 2842 bc.
760 2814 892 2856 aceepit
912 2815 942 2846 b.
1093 2815 1136 2847 28
1155 2814 1361 2856 prouintiam
1381 2815 1422 2845 B.
1586 2812 1670 2846 Nar-

189 2857 308 2888 bonam
329 2858 401 2920 ‘lzsse
416 2862 451 2890 et
467 2861 564 2901 infra
585 2862 640 2894 Cb
655 2862 696 2894 c'.
