1835 3240
72 911 112 943 10

75 1251 114 1283 15

568 174 752 218 COMM.
779 174 838 219 VI
860 173 983 217 CAP.
1008 174 1207 217 34—36.
1620 178 1700 221 401

148 292 316 344 undique
337 303 524 329 numerus
548 290 731 330 celeriter
753 290 954 330 conuenit.
999 287 1109 330 Haec
1131 289 1171 329 in
1194 287 1373 329 omnibus
1396 287 1624 332 Eburonum
1645 291 1702 336 35

148 359 318 415 partibus
340 358 606 412 gerebantur,
643 358 801 411 diesque
824 357 1034 412 adpetebat
1063 356 1274 410 septimus,
1308 369 1421 409 quem
1452 358 1498 396 ad
1528 359 1627 399 diem

148 427 299 468 Caesar
330 426 377 465 ad
408 426 672 480 inpedimenta
703 426 977 479 legionemque
1007 425 1153 466 reuerti
1195 424 1469 465 constituerat.
1534 424 1624 475 Hic,
1649 428 1676 467 2

146 502 331 549 quantum
356 495 395 534 in
415 494 515 534 bello
542 496 694 533 fortuna
720 493 844 546 possit
866 500 905 533 et
926 501 1092 546 quantos
1116 493 1268 533 adferat
1288 506 1420 541 casus,
1446 494 1630 545 cognosci

149 562 287 618 potuit.
334 561 546 616 Dissipatis
569 576 614 602 ac
637 561 857 615 perterritis
882 561 1074 610 hostibus,
1100 567 1143 600 ut
1155 560 1527 609 demonstrauimus,
1552 574 1633 600 ma-
1654 561 1679 602 3

147 645 220 671 nus
242 638 329 671 erat
351 631 472 680 nulla,
497 643 596 682 quae
618 643 776 682 paruam
801 629 912 668 modo
937 642 1094 669 causam
1118 628 1267 668 timoris
1280 629 1466 669 adserret.
1500 627 1632 669 Trans
1653 629 1679 668 4

146 698 328 739 Rhenum
351 699 398 738 ad
422 696 643 738 Germanos
666 696 847 749 peruenit
869 697 986 744 fama,
1017 696 1130 749 diripi
1152 695 1364 736 Eburones
1387 703 1503 750 atque
1525 698 1631 737 ultro

148 780 285 806 omnes
308 767 354 806 ad
377 765 559 819 praedam
583 764 756 805 euocari.
802 761 962 817 Cogunt
985 764 1158 817 equitum
1182 765 1256 803 duo
1279 764 1383 804 milia
1402 762 1628 819 Sugambri,
1656 765 1680 805 5

149 835 211 888 qni
234 841 326 875 sunt
348 833 529 887 proxumi
551 831 708 881 Rheno,
735 846 756 872 a
779 833 917 886 quibus
939 839 1121 886 receptos
1146 845 1198 872 ex
1220 834 1308 885 fuga
1328 832 1552 873 Tencteros
1574 840 1633 872 at-

146 917 220 956 que
245 899 430 955 Vsipetes
453 915 572 955 supra
596 900 814 941 docuimus.
867 900 1096 940 Transeunt
1126 899 1308 939 Rhenum
1343 901 1507 941 nauibus
1539 900 1634 941 rati·
1655 898 1682 940 6

146 970 296 1022 busque
318 970 481 1023 triginta
502 969 656 1009 milibus
679 982 863 1022 passuum
894 968 999 1008 infra
1030 982 1116 1008 eum
1138 969 1264 1008 locum
1282 1000 1292 1018 ,
1326 968 1392 1009 ubi
1421 983 1517 1022 pons
1551 975 1636 1009 erat

147 1039 346 1092 persectus
376 1037 690 1091 praesidiumque
721 1036 768 1077 ab
792 1034 970 1077 Caesare
993 1036 1196 1077 relictum:
1234 1036 1379 1090 primos
1401 1035 1634 1077 Eburonum

149 1107 245 1146 fines
268 1107 433 1155 adeunt3
467 1106 611 1145 multos
635 1118 686 1144 ex
710 1106 798 1158 fuga
822 1105 1021 1159 dispersos
1045 1104 1273 1158 excipiunt,
1309 1119 1451 1159 magno
1482 1105 1635 1158 pecoris

149 1188 327 1223 numero,
354 1174 465 1214 cuius
489 1180 581 1214 sunt
604 1173 844 1227 cupidissimi
867 1173 1041 1222 barbari,
1068 1174 1283 1226 potiuntur.
1308 1171 1469 1213 Inuitati
1492 1173 1635 1227 praeda
1656 1173 1682 1213 7

146 1243 301 1296 longius
325 1242 556 1296 procedunt.
599 1240 693 1281 Non
730 1242 799 1281 hos
834 1242 944 1296 palus
976 1241 1015 1281 in
1048 1241 1149 1281 bello
1181 1241 1479 1297 latrociniisque
1502 1248 1632 1291 natos,

150 1326 228 1350 non
250 1311 371 1351 siluae
394 1316 611 1350 morantur.
646 1307 799 1360 Quibus
821 1310 860 1349 in
884 1310 979 1349 locis
1003 1307 1234 1357 sitCaesar,
1260 1323 1311 1349 ex
1330 1309 1494 1363 captiuis
1518 1323 1637 1363 quae-

151 1386 266 1428 runt3
293 1379 505 1432 profectum
530 1378 684 1431 longius
702 1378 907 1431 reperiunt
921 1391 1153 1430 omnemque
1167 1377 1638 1418 exercitumdiscessisse

152 1453 410 1499 cognoscunt.
445 1445 576 1498 Atque
600 1459 698 1485 unns
722 1459 771 1484 ex
795 1445 960 1498 captiuis
986 1443 1107 1498 ‘Quid
1130 1445 1231 1493 uos',
1257 1445 1398 1498 inquit,
1427 1446 1543 1486 ‘hano
1565 1446 1636 1486 mi·
1657 1445 1684 1487 8

150 1528 277 1555 seram
303 1528 347 1553 ac
370 1521 525 1554 tenuem
549 1513 753 1554 sectamini
779 1514 987 1566 praedam,
1022 1513 1160 1566 quibus
1190 1513 1279 1553 licet
1302 1514 1378 1553 iam
1402 1527 1491 1554 esse
1515 1515 1638 1554 fortu-

150 1583 391 1622 natissimis?
433 1581 579 1621 Tribus
605 1582 710 1622 horis
734 1582 982 1621 Aduatucam
1007 1581 1142 1621 uenire
1165 1582 1355 1634 potestis:
1396 1581 1469 1622 huc
1502 1597 1637 1623 omnes

150 1664 242 1691 suas
276 1652 453 1690 fortunas
486 1650 686 1690 exercitus
717 1649 987 1689 Romanorum
1035 1649 1222 1689 contulit:
1268 1650 1454 1704 praesidii
1487 1657 1638 1691 tantum
1659 1649 1686 1691 9

150 1726 224 1768 est,
249 1726 292 1758 ut
314 1732 362 1758 ne
375 1731 508 1757 murus
531 1717 683 1770 quidem
705 1718 808 1771 cingi
833 1718 972 1771 possit,
998 1731 1126 1770 neque
1138 1717 1339 1770 quisquam
1364 1719 1497 1772 egredi
1521 1726 1638 1759 extra

150 1787 387 1827 munitiones
409 1786 580 1827 audeat’.
636 1783 781 1826 Oblata
813 1800 880 1839 spe
904 1783 1094 1825 Germani
1128 1799 1241 1838 quam
1264 1786 1368 1826 nacti
1391 1793 1505 1826 erant
1526 1801 1638 1841 prae·
1662 1785 1715 1827 ‘10

150 1855 235 1894 dam
258 1855 298 1894 in
321 1855 475 1894 occulto
500 1854 752 1908 relinquunt3
786 1854 858 1908 ipsi
880 1853 1130 1894 Aduatucam
1154 1855 1396 1894 contendunt
1420 1855 1478 1895 usi
1502 1855 1637 1895 eodem

99 1932 112 1939 ⁹
149 1924 270 1971 duce,
306 1923 415 1963 cuius
448 1923 542 1963 haec
574 1923 718 1962 indicio
751 1929 1033 1976 cognouerant.
1079 1919 1248 1972 Cicero,
1275 1923 1336 1975 qui
1361 1937 1497 1963 omnes
1519 1937 1633 1977 supe·
1655 1923 1714 1968 36

150 1992 275 2032 riores
298 1992 378 2031 dies
404 1992 619 2045 praeceptis
631 1989 819 2032 Caesaris
842 2005 928 2031 cum
953 2005 1102 2031 summa
1126 1990 1328 2044 diligentia
1350 1991 1491 2032 milites
1515 1991 1553 2032 in
1575 2006 1640 2033 ca-

150 2060 243 2100 stris
267 2060 525 2100 continuisset
547 2073 593 2100 ac
617 2073 664 2099 ne
688 2059 864 2100 calonem
888 2059 1040 2112 quidem
1064 2073 1293 2112 quemquam
1317 2066 1433 2099 extra
1455 2061 1640 2101 munitio-

151 2143 238 2169 ncm
262 2128 395 2182 egredi
418 2142 556 2182 passus
580 2135 711 2178 esset,
748 2128 913 2182 septimo
947 2127 1007 2167 die
1030 2128 1204 2167 diffidens
1236 2127 1282 2167 de
1305 2141 1468 2168 numero
1492 2129 1640 2169 dierum

293 2271 313 2302 ‘2
333 2271 529 2314 (adpetebat
547 2271 591 2312 B)
611 2271 798 2303 accedebat
818 2271 848 2302 b.
989 2271 1007 2302 3
1028 2271 1256 2313 inpedimenta
1279 2272 1318 2303 Β.
1466 2272 1483 2303 4
1505 2271 1642 2304 adferat

153 2322 226 2363 (Β).
389 2324 407 2355 6
428 2322 584 2354 adferret
601 2323 643 2353 B.
808 2322 827 2354 7
847 2322 887 2353 ad
908 2321 1093 2353 Germanos
1116 2332 1186 2354 om.
1208 2323 1237 2353 Ι).
1403 2322 1586 2364 diripiendi
1607 2325 1639 2355 b.

294 2376 314 2407 8
333 2376 502 2416 Sigambri
521 2375 579 2415 (B)
593 2385 627 2405 ee.
776 2375 794 2406 9
814 2374 968 2416 proxumi
987 2375 1019 2405 A
1032 2374 1062 2404 B
1077 2374 1104 2405 C
1117 2374 1162 2405 D.
1327 2373 1566 2406 Thenctheros
1586 2375 1638 2415 B,

156 2423 389 2457 Tenchthcros
410 2437 443 2457 u.
592 2425 630 2456 10
651 2429 831 2456 transeunt
848 2425 910 2457 Ab
924 2435 990 2464 ee,-
1010 2424 1205 2455 transeunti
1224 2424 1304 2462 BC,
1327 2429 1509 2457 transeunt
1528 2425 1574 2456 hii
1592 2426 1637 2458 Ι).

296 2478 427 2509 ratibus
447 2478 578 2508 omissa
599 2476 723 2517 copula
743 2476 787 2507 D.
962 2476 1002 2507 12
1020 2474 1196 2517 perfectus
1218 2475 1288 2507 AB
1303 2476 1373 2508 CD
1388 2477 1405 2507 b
1421 2487 1457 2516 e,
1481 2476 1641 2518 imperfe-

156 2533 230 2559 rtns
250 2539 282 2560 ιι.
424 2530 462 2562 17
479 2529 676 2571 repperiunt
692 2528 734 2559 Β.
879 2527 919 2559 18
940 2528 1025 2558 hanc
1044 2538 1112 2558 om.
1133 2528 1178 2559 A.
1346 2528 1384 2560 19
1406 2527 1642 2559 fortunatissi-

159 2581 218 2610 mis
242 2581 266 2611 B
284 2581 497 2621 (seeundum
514 2582 698 2612 silentium
717 2580 899 2622 Beyerlii‚
932 2581 1180 2611 testimonium
1207 2579 1443 2620 Achaintrli)
1463 2590 1480 2610 e
1493 2580 1516 2611 cl
1533 2583 1571 2611 et
1591 2591 1637 2612 771.

156 2641 214 2671 pr.
241 2630 279 2670 C,
304 2630 593 2663 fortunatissimos
613 2641 629 2661 e
649 2631 799 2671 ‘relique'
815 2629 910 2660 ΜΒΓ.
1050 2629 1095 2661 20
1114 2630 1300 2661 conuenire
1321 2630 1351 2661 h.
1483 2631 1527 2663 22
1545 2635 1581 2662 ut
1602 2642 1641 2662 ne

161 2692 275 2712 murus
295 2682 425 2722 quidem
445 2683 489 2712 be
503 2682 543 2721 d,
566 2686 603 2712 ut
621 2691 780 2712 numerus
800 2681 935 2722 quidem
955 2680 985 2711 B
1005 2680 1176 2721 ‘relz‘qui⁷.
1338 2690 1378 2711 ne
1398 2681 1575 2722 quisquam
1594 2682 1638 2712 A.

301 2733 343 2764 23
363 2731 536 2773 Germani]
559 2732 689 2763 romani
708 2742 754 2763 m.
772 2741 830 2773 pr.
851 2732 892 2762 B.
1068 2732 1111 2764 24
1128 2731 1301 2772 relinqunt
1319 2731 1360 2761 Β.
1525 2733 1565 2765 25
1586 2733 1642 2773 qui

161 2793 276 2814 omnes
295 2784 324 2813 B
343 2786 378 2813 et·
392 2783 546 2824 reliqui,
578 2784 633 2824 qni
652 2793 712 2825 per
729 2793 843 2814 omnes
864 2783 881 2813 b
895 2782 974 2813 ede
993 2782 1054 2823 (in
1077 2783 1165 2813 eud.
1187 2785 1272 2813 nola
1290 2783 1382 2814 male
1403 2783 1644 2825 ‘praepositio

160 2837 199 2867 ad
219 2835 280 2866 est'
299 2837 470 2876 seriptum
491 2838 556 2875 est,
577 2846 653 2866 eum
672 2835 813 2866 deberet
831 2836 1064 2877 ‘praepositio
1083 2834 1225 2874 πάθεϊ).
1360 2834 1402 2867 26
1422 2844 1495 2865 cum
1515 2845 1642 2867 summa

164 2889 190 2919 Β
206 2888 275 2918 (Ἰ)
296 2886 439 2927 reliqui,
460 2895 585 2917 summa
608 2886 624 2917 b
638 2885 727 2917 ede.
868 2886 911 2918 27
931 2886 1169 2917 contenuisset
1190 2886 1232 2917 B.

183 2955 301 2982 Cacsar,
318 2951 362 2977 rd.
380 2950 517 2986 Nipprrtl.
1360 2937 1414 2978 '26
