1835 3240
117 198 200 241 688
705 198 876 241 BELLI
908 195 1157 240 AFRICAE

195 311 242 352 ab
271 311 430 352 residua
459 312 588 352 classe
617 325 701 351 cum
733 310 950 351 errauisset
980 311 1186 363 delataque
1225 317 1329 351 esset
1359 318 1476 351 uento
1499 311 1546 351 ad
1566 309 1674 350 Tha-

194 393 310 433 pson,
336 392 359 419 a
380 378 560 433 Vergilio
589 377 742 431 scaphis
765 377 1034 431 nauiculisque
1056 377 1244 418 actuariis
1275 385 1443 432 excepta
1464 385 1526 419 est
1548 386 1588 419 et
1608 377 1674 417 ab·

146 446 174 487 2
195 447 323 487 ducta.
385 444 484 486 Item
516 445 640 484 altera
671 444 785 485 nauis
818 445 951 485 trieris
984 458 1037 485 ex
1069 445 1204 485 eadem
1237 445 1363 485 classe
1385 445 1607 485 errabunda
1629 459 1674 485 ac

196 521 431 568 tempestate
463 512 592 552 delata
620 512 668 551 ad
689 511 947 564 Aegimurum
980 526 1002 552 a
1034 513 1160 553 classe
1182 511 1280 553 Vari
1304 518 1344 552 et
1362 509 1423 551 M.
1449 509 1593 552 Octaui
1616 518 1676 552 est

196 589 325 636 capta,
344 582 384 621 in
403 593 477 633 qua
498 579 642 620 milites
664 579 845 620 ueterani
862 593 947 619 cum
970 594 1048 621 uno
1065 580 1296 621 centurione
1319 586 1358 619 et
1379 579 1556 619 nonnulli
1577 580 1672 619 tiro-

195 663 265 690 nes
297 650 477 697 fuerunt3
512 661 608 699 quos
631 645 764 688 Varus
795 647 1028 687 adseruatos
1059 648 1144 688 sine
1171 647 1408 688 contumelia
1430 646 1675 686 deducendos

148 715 173 756 3
196 716 350 757 curauit
371 715 418 754 ad
440 712 681 768 Scipionem.
736 712 813 766 Qui
837 721 1037 768 postquam
1059 716 1105 757 ad
1129 729 1215 755 eum
1239 720 1506 768 peruenerunt
1527 720 1567 753 et
1587 720 1678 753 ante

197 789 424 836 suggestum
458 782 743 831 constiterunt,
780 780 892 821 ‘Non
913 784 1076 832 uestra'‚
1110 783 1262 835 inquit,
1298 787 1455 836 ‘sponte
1476 794 1547 821 uos
1570 787 1678 820 certo

196 851 295 898 scio,
329 850 398 890 sed
420 849 525 890 illius
549 849 730 890 scelerati
752 849 876 890 uestri
897 849 1147 904 imperatoris
1168 850 1323 904 inpulsu
1345 856 1382 889 et
1405 848 1567 902 imperio
1589 861 1680 887 coa-

148 918 175 959 4
196 925 281 958 ctos
304 916 412 958 ciues
434 924 474 957 et
495 918 678 971 optimum
704 931 895 971 quemque
917 918 1067 958 nefarie
1089 917 1325 958 consectari.
1366 914 1477 969 Quos
1500 915 1681 968 quoniam

195 986 355 1026 fortuna
376 985 417 1025 in
440 991 615 1025 nostram
638 985 776 1025 detulit
797 992 1047 1039 potestatem,
1092 985 1141 1035 si,
1177 985 1215 1025 id
1237 984 1338 1037 quod
1359 984 1491 1024 facere
1512 981 1679 1032 debetis,

195 1051 478 1107 rempublicam
511 1067 597 1092 cum
638 1052 784 1106 optimo
815 1066 968 1106 quoque
1000 1052 1241 1100 defendetis,
1289 1058 1438 1091 certum
1479 1056 1540 1090 est
1569 1049 1682 1089 uobis

194 1121 316 1161 uitam
339 1127 378 1160 et
401 1121 604 1174 pecuniam
626 1120 788 1160 donare.
851 1118 1117 1174 Quapropter,
1152 1119 1241 1172 quid
1265 1119 1460 1167 sentiatis,
1487 1116 1682 1172 proloqui-

119 1188 177 1233 45
199 1188 322 1228 mini'.
385 1186 471 1227 Hac
493 1188 625 1228 habita
647 1188 824 1228 oratione
847 1186 997 1240 Scipio,
1032 1201 1117 1227 cum
1140 1187 1411 1227 existimasset
1432 1199 1502 1239 pro
1524 1198 1595 1224 suo
1617 1183 1683 1224 be-

196 1256 337 1297 neficio
369 1255 455 1295 sine
487 1255 600 1295 dubio
624 1255 671 1295 ab
695 1255 753 1295 his
776 1255 925 1307 gratias
948 1254 1020 1294 sibi
1043 1261 1171 1294 actum
1192 1254 1267 1302 iri,
1300 1259 1535 1307 potestatem
1556 1252 1604 1291 iis
1627 1252 1682 1291 di-

149 1323 177 1364 2
199 1323 310 1363 cendi
343 1321 449 1361 fecit.
512 1321 580 1362 Ex
611 1323 667 1363 eis
699 1322 878 1362 centurio
909 1321 1078 1375 legionis
1108 1328 1229 1371 XIIII,
1277 1320 1373 1361 ‘Pro
1402 1319 1500 1369 tuo'‚
1543 1318 1682 1372 inquit,

204 1396 371 1432 ‘summo
392 1390 601 1439 beneficio,
628 1389 777 1444 Scipio,
803 1390 871 1429 tibi
894 1389 1041 1443 gratias
1063 1403 1138 1442 ago
1162 1392 1258 1440 (non
1282 1388 1386 1429 enim
1406 1388 1685 1442 imperatorem

195 1466 236 1499 te
258 1458 444 1512 appello),
470 1458 569 1510 quod
592 1458 685 1497 mihi
706 1458 825 1498 uitam
847 1457 1233 1510 incolumitatemque
1255 1456 1346 1496 belli
1367 1457 1451 1496 iure
1473 1462 1585 1509 capto
1603 1453 1686 1509 pol-

195 1526 352 1573 liceris,
386 1532 426 1565 et
456 1526 591 1565 forsan
620 1533 754 1566 uterer
782 1526 858 1566 isto
879 1525 1094 1575 beneficio,
1127 1525 1161 1565 si
1183 1538 1260 1564 non
1284 1524 1319 1565 ei
1342 1538 1532 1564 summum
1554 1522 1686 1564 scelus

151 1595 176 1637 3
198 1594 492 1647 adiungeretur.
536 1592 677 1647 Egone
700 1600 839 1633 contra
863 1591 1096 1642 Caesarem,
1120 1593 1397 1647 imperatorem
1419 1605 1562 1641 meum,
1587 1590 1687 1645 apud

198 1675 311 1716 quem
334 1661 510 1701 ordinem
533 1660 644 1710 duxi,
679 1661 840 1714 eiusque
862 1662 1098 1708 exercitum,
1127 1675 1196 1715 pro
1219 1660 1329 1700 cuius
1352 1660 1540 1713 dignitate
1562 1659 1686 1698 uicto-

195 1730 333 1782 riaque
364 1729 527 1781 amplius
549 1730 578 1781 †
600 1735 748 1769 XXXVI
771 1729 886 1769 annis
919 1730 1164 1782 depugnaui‚
1199 1729 1388 1769 aduersus
1429 1733 1682 1778 armatusque

198 1797 444 1837 consistam?
483 1795 627 1848 Neque
662 1810 734 1849 ego
761 1797 866 1836 istud
888 1797 1062 1836 facturus
1086 1810 1170 1835 sum
1187 1827 1197 1844 ‚
1231 1802 1269 1835 et
1291 1802 1330 1835 te
1352 1807 1611 1849 magnopere,
1645 1800 1686 1832 ut

153 1864 180 1905 4
202 1864 249 1904 de
271 1864 430 1916 negotio
445 1863 625 1912 desistas,
643 1864 843 1903 adhortor.
880 1861 1156 1917 Contra-cuius
1179 1863 1281 1903 enim
1297 1863 1427 1916 copias
1450 1862 1682 1909 contendas,

202 1932 237 1972 si
258 1933 386 1971 minus
409 1937 526 1971 antea
549 1938 740 1984 expertus
763 1945 820 1981 es,
855 1931 947 1971 licet
970 1946 1072 1971 nunc
1096 1944 1329 1984 cognoscas.
1377 1929 1494 1984 Elige
1527 1943 1580 1969 ex
1608 1928 1685 1968 tuis

200 1999 403 2039 cohortem
425 2011 557 2048 unam,
583 2013 696 2051 quam
719 2006 831 2051 putas
854 2012 945 2039 esse
968 1998 1244 2048 firmissimam,
1269 2005 1309 2037 et
1330 1997 1524 2037 constitue
1546 2002 1685 2037 contra

198 2080 373 2120 me3ego
395 2072 524 2106 autem
548 2079 599 2105 ex
620 2066 718 2106 meis
741 2067 1086 2115 commilitonibus,
1104 2080 1200 2119 quos
1223 2066 1385 2106 nuncin
1409 2072 1474 2105 tua
1491 2071 1685 2119 potestate

203 2142 341 2185 tenes,
374 2148 452 2174 non
482 2134 648 2188 amplius
676 2140 710 2174 X
731 2147 896 2175 sumam.
937 2133 1051 2174 Tunc
1073 2135 1281 2188 intelleges
1310 2147 1361 2174 ex
1383 2133 1526 2173 uirtute
1548 2138 1684 2172 nostra

347 2272 361 2303 1
384 2272 600 2303 errauisseot
616 2281 636 2302 a
656 2281 684 2310 ο,
706 2276 858 2302 errasset
877 2271 909 2302 b.
1110 2268 1268 2313 Thapson
1290 2270 1306 2301 b
1327 2279 1355 2310 c,
1374 2268 1532 2301 Thabson
1551 2278 1684 2307 a;710n

201 2323 387 2366 Thapsum.
542 2324 563 2355 2
582 2322 735 2364 Vergilio
754 2334 788 2364 a,
807 2323 953 2364 Virgilio
971 2333 1007 2354 u.
1165 2323 1310 2354 abducta
1330 2323 1359 2363 b,
1380 2321 1527 2353 adducta
1545 2331 1566 2352 a
1585 2332 1622 2359 (τ,-
1643 2321 1684 2352 ad

202 2376 394 2419 Scipionem
414 2376 560 2407 deducta
578 2386 613 2407 u.
752 2377 773 2409 4
793 2376 908 2407 delata
927 2375 968 2406 ad
985 2375 1202 2416 Aegimurum
1222 2385 1254 2415 a,
1277 2374 1317 2405 ad
1336 2373 1550 2413 Aegimurum
1569 2372 1684 2404 delata

202 2427 280 2459 edd.
444 2426 566 2458 Octaui
584 2437 618 2458 α.
788 2427 806 2458 5
825 2426 934 2458 ueteri
953 2436 987 2457 α.
1150 2430 1291 2468 tyrones
1311 2435 1345 2455 a.
1509 2424 1527 2456 6
1547 2433 1629 2465 quas
1648 2433 1681 2455 α,

346 2479 549 2511 adseruatos
563 2489 598 2510 α.
724 2479 1010 2520 deducendosque
1025 2488 1045 2509 a
1060 2478 1090 2508 b.
1216 2477 1236 2509 8
1247 2480 1443 2517 suggestum
1461 2486 1481 2506 a
1494 2475 1511 2506 b
1522 2486 1550 2515 e,
1564 2485 1685 2515 sugge-

205 2536 293 2564 stum
309 2531 382 2562 eius
401 2541 436 2561 u.
579 2530 681 2562 9scio
701 2540 768 2562 om.
783 2540 817 2562 α.
958 2529 1140 2571 inpulsua.
1284 2528 1373 2560 15ab
1393 2528 1445 2559 his
1465 2537 1485 2558 α
1504 2527 1581 2559 edd.
1603 2531 1684 2559 ante

204 2583 300 2623 Atld.J
321 2582 361 2613 ab
381 2581 423 2613 iis
442 2581 556 2613 Aldus
575 2592 610 2613 u.
804 2582 934 2623 gratias
953 2580 1145 2614 subacturis
1163 2583 1289 2622 potest.
1309 2589 1329 2610 a
1346 2590 1362 2609 c
1380 2582 1425 2619 et,
1447 2581 1511 2620 qui
1526 2579 1685 2612 subactu-

204 2645 273 2676 ros,
296 2634 327 2665 b.
523 2632 562 2664 19
582 2632 726 2664 forsitan
746 2634 776 2664 b.
971 2636 1088 2663 uterer
1105 2631 1169 2662 isto
1188 2640 1220 2670 α,
1243 2630 1308 2661 isto
1327 2635 1444 2661 uterer
1461 2629 1539 2661 edd.

204 2686 246 2721 20
259 2693 383 2725 ergone
396 2683 426 2714 b.
560 2683 688 2725 meum]
703 2688 855 2715 nostrum
873 2693 894 2715 a
908 2682 1023 2714 altero
1040 2690 1200 2722 suprasc.
1334 2681 1377 2715 22
1388 2680 1411 2721 -ξ-
1423 2680 1681 2723 xxxv1]P.213.

349 2732 414 2767 anfi
433 2745 462 2766 c.
682 2736 849 2767 aduersus
869 2739 1015 2767 armatos
1034 2744 1054 2764 α
1074 2744 1102 2773 ε,
1124 2733 1303 2764 aduersum
1323 2739 1488 2766 armatum
1509 2734 1540 2765 b.

205 2789 249 2823 24
259 2787 399 2818 adortor
416 2795 450 2816 α.
589 2786 631 2818 ‘25
645 2788 749 2824 nunc]
768 2797 815 2818 sc.
833 2786 863 2818 b.
1003 2784 1044 2817 26
1057 2783 1273 2815 fortissimam
1293 2784 1322 2814 b.
1459 2784 1503 2819 27
1515 2789 1686 2826 potestate

204 2845 303 2871 tenes
321 2847 356 2877 α,
375 2841 472 2868 tenes
491 2840 659 2878 potestate
678 2836 756 2868 edd.
896 2836 940 2870 28
953 2835 1134 2875 intelleges
1153 2845 1194 2867 ex
1213 2835 1338 2867 uirtute
1359 2840 1477 2867 nostra
1495 2846 1529 2877 a,
1544 2830 1683 2870 exuirt.

205 2895 310 2922 nostr.
332 2887 441 2921 intell,
463 2886 539 2920 edd.

1714 920 1755 954 10

1715 1258 1756 1291 15

1717 1595 1760 1629 20

1715 1934 1757 1967 25
