1835 3240
110 173 193 215 432
450 202 453 206 s
637 172 711 214 DE
743 171 931 215 BELLO
966 171 1218 216 GALL'ICO

189 285 368 341 signibus
390 299 546 326 suorum
582 287 864 339 occultatisque
886 286 1010 340 signis
1033 287 1264 328 militaribus
1286 301 1398 328 raros
1420 287 1587 339 milites,
1620 302 1669 329 ne

190 369 241 396 ex
265 354 403 408 oppido
425 354 858 404 animaduerterentur,
884 368 932 394 ex
958 354 1170 394 maioribus
1193 356 1333 395 castris
1354 356 1393 396 in
1417 357 1567 396 minora
1591 364 1671 396 tra-

141 423 168 464 8
190 423 294 463 ducit
315 422 556 475 legatisque,
590 435 686 473 quos
717 421 882 475 singulis
911 422 1132 475 legionibus
1163 424 1428 476 praefecerat,
1464 424 1552 478 quid
1586 423 1671 464 fieri

190 491 313 540 uelit,
339 489 535 530 ostendit:
571 488 749 542 inprimis
771 497 929 540 monet,
954 497 996 530 ut
1017 490 1247 530 contineant
1269 490 1435 540 milites,
1470 506 1519 532 ne
1540 491 1670 532 studio

140 558 169 600 9
190 557 387 614 pugnandi
419 563 486 596 aut
515 569 583 609 spe
615 557 782 610 praedae
813 557 968 612 longius
1002 558 1330 612 progrediantur3
1364 559 1454 611 quid
1483 559 1668 612 iniquitas

190 627 266 666 loci
289 625 429 666 babeat
450 623 700 674 incommodi,
726 626 931 679 proponit:
959 625 1030 665 boc
1052 640 1127 665 una
1150 625 1356 666 celeritate
1379 639 1494 680 posse
1506 627 1671 676 mutari,

116 693 171 736 10
192 692 414 735 occasionis
437 705 525 732 esse
548 706 655 743 rem,
680 707 758 733 non
782 693 936 747 proelii.
982 693 1054 734 His
1077 694 1196 734 rebus
1219 693 1412 747 expositis
1434 693 1587 747 signum
1609 695 1676 734 dat

194 769 234 802 et
264 761 310 801 ab
344 760 485 800 dextra
516 767 627 814 parte
659 761 735 801 alio
767 774 936 801 ascensu
969 762 1102 802 eodem
1136 768 1311 815 tempore
1342 760 1527 802 Haeduos
1558 762 1690 801 mittit.

116 830 174 875 46
199 827 338 883 Oppidi
361 842 496 869 murus
529 827 575 868 ab
598 829 764 882 planicie
787 830 911 882 adque
933 829 1047 870 initio
1070 843 1260 870 ascensus
1283 836 1391 869 recta
1412 830 1577 882 regione
1593 861 1603 880 ,
1643 830 1676 870 si

143 896 169 938 2
193 897 321 937 nullus
344 896 556 936 amfractus
579 896 865 949 intercederet,
904 904 993 937 MCC
1028 912 1165 951 passus
1197 897 1355 938 aberat:
1392 897 1576 950 quidquid
1607 898 1679 938 huc

194 964 378 1005 circuitus
401 964 447 1005 ad
471 964 723 1004 molliendum
748 965 891 1005 cliuum
913 973 1157 1015 accesserat,
1182 965 1219 1005 id
1242 966 1409 1019 spatium
1430 965 1586 1006 itineris
1609 979 1678 1005 au-

144 1032 170 1073 3
193 1032 321 1087 gebat.
358 1032 395 1072 A
419 1032 544 1073 medio
568 1033 648 1072 fere
672 1033 771 1073 colle
793 1034 830 1073 in
856 1033 1154 1087 longitudinem,
1180 1041 1222 1073 ut
1242 1041 1383 1073 natura
1405 1034 1549 1074 montis
1575 1034 1677 1074 fere-

193 1101 283 1151 bat,
308 1114 360 1140 ex
382 1100 593 1154 grandibus
616 1101 726 1141 saxis
749 1115 820 1141 sex
845 1102 980 1154 pedum
1005 1116 1154 1141 murum
1171 1133 1181 1151 ,
1216 1101 1278 1155 qui
1311 1108 1535 1142 nostrorum
1560 1102 1679 1156 impe-

195 1176 275 1209 tum
298 1169 496 1215 tardaret,
531 1169 825 1222 praeduxerant
848 1167 949 1209 Galli
983 1177 1100 1223 atque
1130 1169 1315 1209 inferiore
1339 1170 1442 1209 omni
1465 1170 1590 1223 spatio
1613 1183 1681 1209 ua-

196 1251 269 1277 cuo
291 1236 428 1277 relicto
462 1237 704 1290 superiorem
738 1244 886 1290 partem
912 1237 1022 1277 collis
1045 1251 1167 1290 usque
1190 1237 1234 1276 ad
1259 1251 1411 1276 murum
1436 1237 1565 1290 oppidi
1588 1238 1681 1276 den-

146 1304 174 1346 4
195 1304 364 1345 sissimis
388 1304 529 1343 castris
555 1305 862 1358 compleuerant.
898 1304 1050 1345 Milites
1074 1306 1163 1344 dato
1187 1305 1300 1357 signo
1323 1304 1508 1344 celeriter
1529 1304 1576 1344 ad
1598 1318 1682 1344 mu-

196 1373 384 1412 nitionem
418 1372 655 1425 perueniunt
687 1386 851 1426 eamque
883 1373 1123 1426 transgressi
1147 1372 1263 1412 trinis
1287 1372 1428 1412 castris
1452 1372 1679 1426 potiuntur,

147 1442 171 1482 5
193 1455 239 1481 ac
272 1448 381 1480 tanta
415 1440 487 1479 suit
518 1440 555 1479 in
580 1440 720 1480 castris
744 1441 943 1494 capiendis
967 1441 1175 1490 celeritas,
1212 1447 1254 1480 ut
1285 1439 1573 1488 Teutomatus,
1607 1453 1684 1480 rex

195 1508 482 1561 Nitiobrigum,
508 1508 638 1548 subito
661 1508 699 1549 in
724 1508 976 1549 tabernaculo
1001 1523 1226 1563 oppreSSUS‚
1252 1515 1294 1548 ut
1316 1508 1478 1549 meridie
1498 1508 1683 1561 conquie-

195 1584 333 1627 uerat,
367 1576 570 1630 superiore
603 1577 780 1631 corporis
813 1584 924 1631 parte
956 1578 1100 1618 nudata
1124 1577 1331 1618 uulnerato
1355 1591 1455 1630 equo
1477 1576 1546 1616 uix
1567 1589 1610 1616 se
1633 1589 1684 1615 ex

112 1646 175 1690 47
197 1645 375 1686 manibus
400 1645 667 1699 praedantium
691 1645 856 1685 militum
880 1646 1066 1700 eriperet.
1113 1643 1366 1686 Consecutus
1388 1645 1452 1695 id,
1477 1644 1576 1697 quod
1600 1643 1683 1683 ani-

196 1729 258 1754 mo
280 1720 565 1767 proposuerat,
597 1709 751 1753 Caesar
783 1714 957 1767 receptui
988 1714 1074 1754 cani
1107 1714 1223 1754 iussit
1244 1712 1466 1767 legionique
1490 1712 1680 1761 decimae,

147 1783 173 1824 2
197 1796 359 1836 quacum
383 1788 493 1832 erat,
526 1781 777 1821 contionatus
800 1782 913 1835 signa
936 1782 1154 1822 constituit.
1216 1781 1277 1821 Ac
1298 1780 1539 1833 reliquarum
1561 1780 1684 1834 legio-

198 1864 287 1890 num
311 1849 457 1890 milites
481 1863 559 1889 non
583 1849 770 1889 exaudito
793 1863 892 1890 sono
914 1849 1046 1897 tubae,
1073 1850 1176 1903 quod
1200 1849 1296 1890 satis
1320 1862 1461 1902 magna
1478 1848 1600 1888 ualles
1626 1848 1685 1887 iu-

342 1954 353 1986 1
381 1964 421 1985 ne
441 1964 457 1984 e
471 1964 504 1993 tl,
525 1954 581 1996 qui
599 1953 632 1985 A
643 1953 673 1984 B
686 1953 767 1984 CI).
931 1955 950 1989 2
971 1954 1304 1986 animaduerteretur
1322 1964 1349 1994 e,
1371 1953 1634 1984 aduerterentur
1655 1952 1685 1983 b.

340 2007 360 2037 4
380 2005 465 2037 uelit
482 2005 514 2036 Α
526 2006 593 2045 Ce,
616 2004 723 2036 uellet
742 2004 815 2035 Bu.
956 2005 988 2036 in
1009 2005 1125 2047 primis
1146 2004 1217 2047 (B).
1361 2005 1380 2037 (3
1398 2003 1525 2036 mutari
1539 2004 1569 2035 B
1587 2004 1684 2035 ‘mm-

200 2057 265 2098 tt',
286 2057 390 2089 uitari
409 2067 425 2087 e
439 2067 473 2089 ll.
616 2056 636 2088 8
655 2056 776 2087 dextra
795 2056 869 2088 AB
885 2057 912 2087 C
923 2067 951 2097 e,
974 2058 1116 2089 dextera
1136 2068 1170 2089 u.
1336 2066 1480 2089 ascensu
1502 2055 1541 2088 B.

199 2109 359 2141 Haeduos
380 2108 498 2148 bede,
519 2108 559 2138 ad
582 2107 740 2139 Haeduos
760 2108 791 2139 B
809 2108 994 2150 ‘reliquit
1181 2110 1286 2142 mittit
1305 2110 1347 2141 ad
1367 2109 1478 2152 oppidi
1496 2108 1541 2140 A.

197 2162 216 2193 9
236 2172 348 2192 muros
368 2161 441 2193 AB
456 2160 537 2199 CD,
558 2160 663 2191 muris
684 2161 715 2191 b.
858 2161 898 2192 ab
917 2161 978 2201 (B)
992 2171 1025 2202 u,
1047 2166 1083 2193 at
1101 2162 1153 2201 A,-
1174 2172 1191 2193 a
1213 2161 1364 2193 ‘mullz'’.
1522 2160 1686 2202 planitiae

198 2211 228 2242 B
246 2211 371 2241 silente
391 2210 432 2242 (le
450 2215 463 2241 t
482 2210 661 2253 Beyerlio.
804 2211 913 2253 adque
933 2211 975 2242 B.
1118 2221 1283 2243 ascensus
1302 2212 1343 2244 B.
1492 2213 1576 2242 ante
1593 2215 1686 2241 recta

198 2264 281 2295 add.
302 2273 319 2295 a
342 2264 372 2295 b.
562 2262 602 2295 10
620 2262 808 2294 amfractus
826 2263 900 2295 AB
914 2263 942 2295 C
955 2263 986 2304 b,
1007 2273 1077 2294 non
1096 2263 1286 2295 anfractus.
1463 2261 1622 2304 quicquid
1642 2261 1683 2293 B.

343 2315 407 2345 huc
427 2324 503 2355 ego,
526 2314 602 2345 huic
623 2314 722 2345 codd.
743 2314 782 2345 P.
805 2314 858 2346 94.
1073 2314 1107 2346 11
1131 2314 1241 2356 spatio
1260 2314 1395 2345 itineris
1415 2313 1606 2353 augebatur
1625 2313 1642 2343 b
1656 2324 1686 2344 e.

345 2366 385 2398 12
405 2375 423 2396 a
441 2365 551 2396 medio
570 2376 586 2396 e
610 2365 727 2396 ΙΙαιιη.
754 2375 823 2396 see.
853 2364 931 2396 edd.
959 2375 1077 2396 omnes
1095 2369 1180 2396 ante
1201 2365 1441 2397 Graeuianam
1460 2365 1609 2396 alteram
1623 2389 1631 2403 ‚
1653 2369 1689 2395 at

199 2420 310 2451 medio
330 2419 389 2459 (B)
405 2420 420 2449 ?
440 2418 568 2450 Graan.
590 2418 656 2449 alt.
676 2428 712 2451 η.
885 2417 1131 2457 longitudinem
1154 2418 1170 2448 b
1185 2418 1283 2459 ede,
1302 2418 1516 2458 longitudine
1535 2417 1565 2448 B
1584 2420 1619 2448 et
1635 2426 1688 2447 re-

201 2472 307 2512 lz‘qm'.
453 2469 491 2500 13
512 2479 574 2510 quo
595 2469 612 2499 b
626 2479 654 2499 e.
814 2473 968 2500 nostrum
988 2478 1005 2498 e
1026 2468 1119 2499 ‘mss.
1144 2468 1209 2500 11³.
1368 2468 1409 2500 14
1428 2468 1606 2499 tardarent
1625 2467 1687 2507 be,

202 2522 356 2553 traderet
374 2529 419 2550 m.
439 2529 494 2560 pr.
515 2519 557 2550 B.
707 2523 809 2560 atque
830 2518 1025 2550 inferiorem
1045 2523 1175 2560 partem
1195 2520 1336 2550 omissis
1353 2519 1480 2551 mediis
1498 2519 1543 2550 A.

204 2574 244 2607 17
264 2572 423 2615 peruiunt
440 2581 486 2602 m.
503 2581 561 2612 pr.
583 2572 625 2602 B.
772 2570 809 2602 ¹8
822 2570 1043 2602 Teutomatus
1060 2572 1076 2602 b
1090 2582 1118 2611 e,
1140 2572 1376 2602 uotomatusA
1387 2582 1419 2611 α,
1441 2572 1627 2603 uitomatus
1645 2570 1688 2611 d,-

202 2627 443 2665 uotomapatus
461 2622 491 2654 B
509 2625 544 2653 et
559 2624 611 2653 sz'c
630 2622 925 2661 ‘rzeln0t01natus,
947 2626 1202 2664 uocomapatus,
1223 2627 1472 2664 uatomapatus‚
1494 2627 1689 2663 notomapa-

204 2683 259 2709 tus
279 2674 363 2707 alii’
517 2674 560 2705 20
581 2674 669 2704 nuda
689 2674 706 2704 b
721 2684 779 2704 ce.
920 2674 962 2707 22
981 2683 1105 2705 canere
1127 2675 1155 2705 b.
1321 2675 1514 2717 legionique
1540 2675 1571 2706 B
1590 2675 1689 2705 ‘reli-

204 2726 300 2770 (μί’,
321 2725 533 2766 legionisque
553 2734 572 2755 a
586 2724 703 2755 bade.
724 2724 763 2755 P.
785 2724 840 2756 95.
1005 2724 1047 2757 23
1067 2725 1281 2757 contionatus
1300 2726 1341 2766 B,
1364 2736 1433 2757 non
1451 2725 1686 2757 concionatus.

347 2776 527 2807 constituit
545 2775 574 2806 B
594 2774 769 2815 ‘reliqui‘,·
790 2775 1018 2806 constiterunt
1036 2786 1056 2806 (ι
1071 2777 1088 2806 Ι)
1101 2786 1129 2815 e,
1152 2777 1337 2807 constitere
1358 2776 1419 2808 cd.
1560 2785 1600 2807 ac
1618 2776 1649 2807 A
1662 2775 1691 2806 B

209 2829 292 2868 CD,
307 2832 372 2859 ate
384 2837 418 2858 u.
536 2826 707 2867 legionum
721 2825 846 2857 milites
859 2826 887 2857 B
902 2827 1197 2868 ‘tna-s.pley·1'qzle'‚
1218 2827 1345 2859 milites
1366 2827 1532 2868 legionum
1547 2836 1582 2857 u.

206 2883 247 2918 2‘1
269 2881 384 2913 audito
404 2880 435 2912 b.
602 2889 684 2910 sono
704 2877 805 2910 tubae
825 2877 874 2918 B,
895 2878 996 2909 tubae
1016 2889 1097 2909 sono
1118 2888 1150 2909 ιι.
1315 2888 1436 2919 magna
1456 2878 1566 2910 ualles
1585 2877 1690 2908 inter-

1714 905 1753 937 10

1714 1582 1757 1616 20
