1835 3240
87 169 170 213 522
648 175 722 219 DE
755 175 947 219 BELLO
979 174 1156 219 CIVILI

160 290 276 338 atque
300 285 547 342 harpagones
570 296 807 344 parauerant
828 303 1047 344 magnoque
1070 304 1231 331 numero
1253 291 1419 345 pilorum
1437 324 1446 342 ,
1472 294 1643 347 tragula-

161 365 246 392 rum
268 354 582 410 reliquorumque
606 358 771 397 telorum
794 371 836 398 se
858 357 1149 398 instruxerant.
1191 356 1252 398 Ita
1284 361 1441 413 cognito
1473 361 1642 401 hostium

161 420 333 462 aduentu
356 437 446 463 suas
470 438 593 464 naues
617 438 667 464 ex
690 432 804 478 portu
827 425 1017 473 educunt,
1056 440 1141 465 eum
1164 421 1481 468 Massiliensibus
1505 430 1641 469 confli-

113 485 138 528 3
160 496 272 542 gunt.
315 488 536 543 Pugnatum
568 498 628 531 est
659 493 852 546 utrimque
882 493 1095 533 fortissime
1127 499 1243 546 atque
1265 494 1478 535 acerrime:
1512 510 1640 550 neque

157 556 321 597 multum
342 557 471 597 Albici
494 558 641 599 nostris
663 559 813 601 uirtute
836 560 1049 610 cedebant,
1075 561 1252 600 homines
1275 563 1403 615 asperi
1427 569 1465 602 et
1486 571 1636 604 monta·
1669 572 1686 603 5

109 621 137 663 4
158 623 197 663 ni
213 654 223 674 ,
258 625 466 666 exercitati
497 626 538 667 in
560 627 704 678 armis3
739 635 856 681 atque
890 627 928 668 hi
950 629 1064 668 modo
1087 628 1253 682 digressi
1276 644 1300 669 a
1321 627 1639 672 Massiliensibus

156 700 359 733 recentem
390 707 525 734 eorum
557 695 881 748 pollicitationem
903 696 1043 736 animis
1076 696 1351 746 continebant,
1386 704 1640 751 pastoresque

154 758 333 801 indomiti
364 775 434 815 spe
466 762 660 804 libertatis
692 764 856 804 excitati
885 763 956 804 sub
989 764 1114 804 oculis
1149 764 1294 804 domini
1334 779 1443 805 suam
1476 765 1640 818 probare

81 824 142 869 58
160 840 317 880 operam
340 829 563 871 studebant.
596 830 676 886 Ipsi
690 830 966 872 Massilienses
989 839 1028 872 et
1050 832 1250 872 celeritate
1272 833 1429 872 nauium
1452 838 1492 873 et
1512 833 1641 873 scien-

155 893 210 934 tia
231 896 539 949 gubernatorum
563 899 700 939 confisi
728 907 886 940 nostros
921 899 1131 940 eludebant
1150 900 1394 954 impetusque
1417 914 1552 940 eorum
1575 901 1640 941 de·
1674 908 1714 940 10

154 961 352 1015 cipiebant
373 971 427 1016 et,
453 967 579 1019 quoad
600 967 742 1009 licebat
762 968 903 1009 latiore
925 969 981 1008 uti
1003 969 1145 1021 spati0,
1171 969 1356 1021 producta
1379 968 1534 1022 longius
1556 968 1640 1009 acie

155 1029 444 1074 circumuenire
466 1042 623 1076 nostros
647 1043 716 1076 aut
737 1036 912 1090 pluribus
936 1036 1100 1076 nauibus
1124 1036 1270 1076 adoriri
1293 1036 1467 1090 singulas
1489 1043 1557 1076 aut
1573 1050 1638 1076 re-

104 1095 131 1138 2
153 1112 237 1139 mos
259 1106 578 1143 transcurrentes
601 1104 821 1157 detergere,
847 1104 880 1144 si
903 1111 1078 1157 possent,
1105 1104 1413 1154 contendebant3
1441 1119 1524 1144 eum
1549 1118 1637 1157 pro-

153 1165 240 1218 pius
263 1175 348 1209 erat
370 1171 597 1211 necessario
620 1179 795 1222 uentum,
821 1171 867 1212 ab
891 1172 1058 1212 scientia
1080 1172 1387 1226 gubernatorum
1405 1178 1522 1224 atque
1543 1172 1637 1211 arti-

105 1230 130 1272 3
154 1234 251 1274 ficiis
274 1235 321 1276 ad
343 1236 527 1278 uirtutem
551 1246 824 1279 montanorum
848 1239 1141 1293 confugiebant.
1202 1240 1356 1280 Nostri
1375 1253 1487 1291 quom
1510 1239 1636 1278 minus
1674 1246 1712 1278 15

150 1303 378 1344 exercitatis
401 1305 614 1359 remigibus
649 1307 855 1360 minusque
886 1307 1023 1361 peritis
1056 1306 1385 1360 gubernatoribus
1408 1306 1634 1356 utebantur,

149 1369 214 1422 qui
236 1378 399 1423 repente
422 1386 474 1413 ex
495 1375 691 1415 onerariis
715 1375 882 1415 nauibus
904 1382 1019 1416 eraut
1048 1374 1225 1428 producti
1259 1388 1386 1428 neque
1408 1374 1497 1414 dum
1520 1373 1635 1414 etiam

149 1437 351 1480 uocabulis
373 1449 704 1483 armamentorum
719 1443 903 1497 cognitis,
929 1450 1009 1483 tum
1032 1442 1149 1483 etiam
1173 1443 1357 1482 tarditate
1380 1449 1418 1482 et
1439 1441 1635 1496 grauitate

149 1505 308 1546 nauium
330 1507 667 1562 impediebantur:
695 1512 822 1551 factae
845 1510 946 1552 enim
969 1510 1098 1551 subito
1121 1525 1172 1551 ex
1195 1510 1348 1551 humida
1370 1510 1534 1550 materia
1556 1523 1636 1549 non

100 1571 125 1612 4
148 1574 313 1615 eundem
337 1590 447 1616 usum
470 1577 687 1619 celeritatis
713 1579 921 1619 habebant.
965 1577 1102 1632 Itaque
1119 1610 1129 1629 ,
1165 1580 1253 1619 dnm
1285 1580 1393 1619 locus
1417 1578 1634 1618 comminus
1665 1583 1707 1618 20

145 1643 340 1696 pugnandi
364 1644 549 1696 daretur,
583 1661 710 1703 aequo
744 1647 875 1687 animo
906 1647 1079 1702 singulas
1102 1647 1202 1687 binis
1227 1647 1391 1687 nauibus
1415 1645 1633 1686 obiciebant

146 1716 262 1763 atque
292 1711 436 1753 iniecta
468 1728 584 1755 manu
617 1717 744 1755 ferrea
767 1723 806 1755 et
827 1723 980 1756 retenta
1004 1723 1169 1768 utraque
1192 1728 1292 1772 naue
1316 1714 1459 1754 diuersi
1483 1727 1631 1767 pugna-

143 1775 239 1817 bant
259 1786 375 1833 atque
397 1781 436 1821 in
460 1783 627 1823 hostium
652 1798 773 1824 naues
796 1783 1130 1824 transcendebant
1152 1789 1189 1822 et
1211 1796 1352 1836 magno
1376 1795 1537 1822 numero
1559 1781 1630 1820 Al-

142 1843 320 1887 bicorum
354 1856 392 1889 et
424 1857 624 1904 pastorum
656 1852 864 1891 interfecto
888 1858 1036 1905 partem
1060 1850 1219 1891 nauium
1243 1850 1491 1904 deprimunt,
1533 1863 1630 1888 non-

142 1914 271 1955 nullas
295 1930 381 1956 cum
405 1917 627 1959 hominibus
651 1920 824 1973 capiunt,
848 1919 1022 1975 reliquas
1044 1919 1084 1958 in
1107 1925 1257 1972 portum
1281 1916 1533 1970 compellunt.
1569 1915 1629 1956 Eo
1659 1923 1702 1957 25

142 1980 204 2022 die
226 1997 349 2024 naues
364 1982 674 2027 Massiliensium
699 2002 782 2028 cum
807 1988 869 2038 iis,
895 2001 994 2041 quae
1016 1994 1109 2027 sunt
1130 1992 1282 2040 captae,
1307 1985 1625 2025 intereuntvllll.

65 2047 123 2092 59
258 2050 345 2092 Hoc
378 2053 541 2108 primum
567 2052 734 2096 Caesari
765 2056 811 2096 ad
843 2055 1011 2096 Ilerdam
1044 2055 1272 2105 nuntiatur3
1305 2052 1422 2094 simul
1453 2053 1626 2106 perfeeto

92 2116 120 2158 2
139 2125 257 2172 ponte
281 2121 465 2162 celeriter
488 2124 647 2163 fortuna
664 2131 851 2164 mutatur.
884 2122 945 2164 Illi
968 2123 1168 2177 perterriti
1192 2124 1339 2162 uirtute
1362 2122 1532 2174 equitum
1555 2119 1626 2159 mi-

139 2200 212 2227 nus
235 2187 374 2240 libere,
400 2190 528 2232 minus
552 2192 741 2233 audacter
763 2192 1034 2248 uagabantur,
1068 2191 1165 2231 alias
1195 2204 1275 2230 non
1296 2190 1414 2242 longo
1437 2202 1458 2228 a
1481 2187 1623 2228 castris

285 2309 298 2342 1
323 2320 461 2343 numero
480 2321 549 2343 om.
569 2322 601 2351 a,
624 2316 705 2344 ante
724 2313 1084 2353 instruxerantpouz't
1103 2311 1132 2342 b.
1304 2311 1325 2342 4
1343 2313 1396 2341 est
1414 2309 1583 2350 utrimque
1602 2318 1623 2339 a

138 2358 350 2403 Stephanus,
372 2363 542 2405 utrimque
561 2368 613 2395 est
630 2365 790 2406 reliquae
808 2365 886 2396 edd.
908 2364 1083 2405 (utrinque
1103 2362 1182 2403 (a)).
1398 2362 1415 2392 5
1436 2361 1567 2392 Albicci
1585 2371 1620 2392 α.

283 2415 300 2446 6
321 2419 403 2447 ante
422 2416 603 2447 exercitati
621 2417 704 2448 add.
726 2422 760 2448 et
778 2427 798 2448 α
812 2417 843 2449 b.
1009 2416 1041 2446 bi
1059 2425 1080 2446 a
1099 2414 1175 2446 edd.
1198 2416 1280 2444 ante
1297 2413 1380 2445 Ald.
1400 2412 1616 2454 Stephanus,

137 2463 161 2496 ii
182 2464 296 2496 Aldus
314 2476 349 2497 u.
510 2468 663 2508 degressi
682 2479 702 2499 a
725 2469 821 2500 ‘'mss.
843 2467 886 2500 5'.
1051 2476 1068 2497 a
1088 2476 1156 2498 0111.
1175 2474 1195 2496 a
1217 2465 1310 2496 ‘'1188.
1332 2464 1475 2495 omnes'.

138 2516 157 2548 7
176 2517 359 2548 eorundem
380 2518 397 2548 b
411 2528 438 2556 r,
462 2518 579 2549 eodem
599 2529 632 2550 α.
773 2520 793 2552 8
813 2517 953 2560 domini]
974 2516 1027 2550 dlii
1050 2519 1081 2550 b.
1247 2517 1287 2548 10
1306 2517 1522 2559 decipiebant
1541 2527 1617 2559 ego,

137 2567 355 2609 excipiebant
374 2568 474 2599 codd.
495 2569 534 2599 P.
557 2569 633 2600 142.
812 2570 847 2602 11
871 2569 919 2600 uti
939 2568 1098 2608 Voss—m,
1121 2573 1156 2600 ut
1175 2568 1329 2607 abcde5
1350 2579 1418 2599 om.
1441 2578 1475 2598 η.

139 2619 178 2651 13
200 2619 376 2650 deterrere
395 2630 415 2650 α
429 2620 446 2651 b
459 2619 491 2660 d,
515 2620 672 2652 deterere
684 2633 713 2653 c.
858 2622 897 2653 14
917 2621 1058 2652 artificis
1075 2623 1158 2652 ‘mei
1172 2620 1357 2662 plere'qne'.
1504 2620 1542 2652 15
1564 2632 1620 2652 no-

136 2671 199 2702 stri
212 2671 338 2711 Aldus,
359 2681 428 2702 om.
448 2672 530 2703 ade
545 2673 653 2703 ‘mss.'
794 2684 892 2716 quom
904 2673 1160 2715 Elbe}·l1‘ng·z‘1ls,
1183 2684 1248 2714 quo
1267 2684 1286 2703 a
1302 2674 1340 2712 b,·
1361 2673 1415 2715 qui
1431 2683 1459 2713 e,
1482 2674 1567 2714 quod
1582 2685 1616 2705 ιι.

281 2723 321 2755 18
334 2722 497 2754 tarditate
516 2728 548 2755 et
567 2724 739 2764 grauitate
757 2734 791 2764 α,
812 2725 983 2765 grauitate
1002 2729 1036 2755 et
1054 2724 1217 2756 tarditate
1231 2724 1309 2756 edd.
1453 2725 1492 2757 19
1505 2725 1617 2757 subito

135 2784 204 2805 om.
227 2774 258 2805 b.
424 2775 537 2806 umida
555 2785 588 2806 a.
753 2777 795 2810 20
816 2776 1007 2808 habuerant
1024 2787 1057 2808 a.
1234 2778 1419 2809 communis
1439 2788 1472 2809 α.

134 2827 177 2860 22
198 2836 282 2858 naue
301 2837 369 2858 om.
392 2828 421 2861 b.
558 2828 601 2860 ‘26
621 2828 672 2859 his
691 2839 725 2859 a.
894 2830 937 2861 28
956 2829 1066 2860 minus
1084 2829 1191 2861 libere
1210 2839 1331 2861 errore
1349 2840 1417 2861 om.
1438 2840 1473 2861 n.

135 2879 177 2912 29
197 2879 295 2920 longe
315 2882 378 2913 ab.
522 2892 537 2914 a
553 2881 747 2914 ίιηε.)·.’θ(ἰιί.
769 2882 943 2915 αηίυΛίιΙ.
958 2884 1180 2925 Stephanus,-
1203 2882 1478 2924 ab(a).llcl11su,
1501 2893 1568 2915 om.
1583 2884 1613 2914 b.
