1835 3240
93 909 132 941 10

95 1249 134 1282 15

94 1588 136 1621 20

586 176 770 221 COMM.
794 177 876 220 1111
906 175 1031 220 CAP.
1057 176 1227 219 8—12.
1642 185 1723 228 333

171 292 331 336 Oceano
352 291 506 333 milibus
528 306 711 346 passuum
733 300 863 334 LXXX
882 293 923 333 in
944 292 1127 334 Rhenum
1149 292 1289 332 influit.
1332 291 1496 335 Rhenus
1519 304 1647 338 autem
1670 296 1695 338 3

168 361 295 402 oritur
316 373 369 400 ex
389 359 612 414 Lepontiis,
639 362 700 417 qui
724 361 846 415 Alpes
869 362 1068 411 incolunt,
1102 367 1142 401 et
1172 361 1290 413 longo
1313 362 1438 414 spatio
1462 377 1531 415 per
1552 366 1648 405 fines

166 427 442 479 Nantuatium,
469 428 739 470 Heluetiorum
756 460 766 479 ,
792 428 1063 482 Sequanorum
1079 461 1089 479 ,
1114 428 1457 469 Mediomatricum
1473 460 1483 479 ,
1507 429 1650 471 Tribo-

168 510 318 546 corum,
343 494 612 537 Treuerorum
635 498 778 537 citatus
802 499 928 538 fertur
950 505 1010 547 et,
1036 498 1100 537 ubi
1124 495 1286 539 Oceano
1309 497 1648 551 adpropinquauit,
1673 500 1699 540 4

169 563 209 604 in
233 564 364 617 plures
387 565 520 605 defluit
545 571 676 619 partes
699 565 830 604 multis
854 565 1156 619 ingentibusque
1178 566 1318 606 insulis
1351 566 1524 613 effectis,
1556 580 1651 618 qua-

166 646 251 671 rum
266 646 355 685 pars
369 647 509 686 magna
531 647 552 672 a
575 633 669 673 feris
690 632 946 685 barbarisque
970 633 1194 672 nationibus
1217 633 1419 684 incolitur,
1445 648 1495 674 ex
1513 634 1650 686 quibus
1674 635 1698 676 5

167 706 275 750 sunt,
301 701 363 753 qui
387 701 556 754 piscibus
580 707 695 753 atque
718 700 803 740 ouis
823 700 950 740 auium
967 701 1104 741 uiuere
1123 701 1417 753 existimantur,
1443 702 1651 755 multisque

167 767 356 821 capitibus
378 769 415 808 in
441 767 643 808 Oceanum
665 768 805 808 influit.

282 834 434 876 Caesar
455 850 539 876 cum
562 836 609 877 ab
642 837 754 876 hoste
777 850 856 876 non
877 836 1042 890 amplius
1066 850 1250 890 passuum
1272 844 1336 876 ΧΙΙ
1364 837 1519 878 milibus
1542 836 1655 879 abes·
1675 837 1726 882 11

164 910 242 955 set,
267 910 310 943 ut
331 912 416 944 erat
437 905 710 954 constitutum,
735 905 782 945 ad
806 919 892 944 eum
914 905 1034 958 legati
1057 912 1334 955 reuertuntur,
1361 906 1425 958 qui
1448 906 1485 946 iu
1508 905 1652 946 itinere

167 972 371 1025 congressi
395 986 648 1026 magnopere,
675 986 722 1013 ne
745 973 900 1026 longius
923 974 1244 1027 progrederetur,
1271 973 1450 1013 orabant.
1492 971 1591 1014 Cum
1613 974 1652 1014 id
1672 972 1700 1015 2

166 1052 244 1079 non
264 1039 549 1093 inpetrassent,
575 1040 777 1095 petebant,
802 1041 858 1080 uti
880 1041 927 1081 ad
950 1054 1016 1081 eos
1041 1041 1206 1094 equites,
1232 1041 1297 1093 qui
1320 1055 1459 1094 agmen
1475 1048 1654 1082 anteces-

167 1107 335 1158 sissent,
361 1109 631 1162 praemitteret
652 1122 797 1161 eosque
819 1123 949 1163 pugna
971 1110 1219 1162 prohiberet,
1244 1110 1394 1162 sibique
1418 1117 1460 1149 ut
1481 1117 1654 1162 potesta-

167 1180 245 1214 tem
269 1176 417 1217 saceret
438 1176 477 1216 in
500 1174 624 1217 Vbios
647 1177 797 1230 legatos
820 1177 1025 1228 mittendi,
1062 1191 1223 1231 quorum
1249 1177 1281 1217 si
1305 1177 1502 1231 principes
1524 1191 1568 1217 ac
1591 1191 1654 1218 se·
1674 1176 1699 1218 3

165 1250 282 1283 natus
305 1243 378 1284 sibi
401 1245 654 1285 iureiurando
679 1247 790 1286 tidem
813 1246 997 1294 fecisset,
1025 1259 1071 1286 ea
1094 1246 1348 1295 condicione,
1383 1259 1481 1299 quae
1504 1260 1526 1286 a
1550 1243 1654 1286 Cae-

170 1325 259 1351 sare
283 1312 470 1362 ferretur,
496 1327 538 1353 se
561 1327 704 1353 usuros
727 1314 1014 1354 ostendebant:
1045 1314 1093 1354 ad
1116 1314 1184 1354 has
1208 1328 1271 1353 res
1296 1314 1558 1354 conficiendas
1582 1314 1656 1353 sibi

170 1379 287 1418 tridui
325 1380 493 1433 spatium
526 1381 650 1421 daret.
714 1380 825 1421 Haec
857 1382 985 1420 omnia
1008 1379 1159 1422 Caesar
1189 1383 1324 1421 eodem
1356 1382 1422 1422 itto
1455 1383 1654 1436 pertinere
1675 1381 1704 1422 4

171 1447 462 1498 arbitrabatur,
498 1455 541 1488 ut
572 1449 691 1489 tridui
713 1463 822 1489 mora
843 1449 1078 1503 interposita
1100 1450 1252 1502 equites
1275 1464 1427 1500 eorum,
1454 1451 1517 1506 qui
1540 1451 1655 1492 abes-

170 1522 273 1565 sent,
299 1523 620 1567 reuerterentur,
645 1525 775 1557 tamen
788 1531 876 1558 sese
899 1532 977 1556 non
999 1517 1153 1570 longius
1177 1518 1331 1557 milibus
1347 1533 1528 1572 passuum
1545 1526 1656 1572 quat-

169 1589 257 1621 tuor
278 1584 501 1635 aquationis
525 1598 644 1625 causa
667 1599 945 1639 processurum
969 1599 1015 1625 eo
1048 1585 1108 1625 die
1132 1585 1256 1625 dixit:
1292 1586 1365 1626 huc
1399 1594 1560 1640 postero
1591 1587 1652 1627 die
1677 1586 1702 1628 5

170 1665 283 1703 quam
306 1652 612 1704 frequentissimi
636 1653 910 1703 conuenirent,
936 1660 975 1693 ut
1001 1653 1194 1692 decorum
1210 1654 1416 1706 postulatis
1440 1669 1656 1709 cognosce-

167 1724 240 1758 ret.
282 1717 446 1758 Interim
469 1719 514 1758 ad
540 1721 782 1772 praefectos,
816 1722 881 1773 qui
904 1736 989 1760 cum
1013 1721 1118 1760 omni
1142 1721 1316 1773 equitatu
1340 1729 1653 1773 antecesserant,
1677 1721 1704 1763 6

169 1786 287 1826 mittit
308 1786 371 1840 qui
395 1787 638 1838 nuntiarent,
664 1802 713 1828 ne
738 1788 870 1829 hostes
895 1789 1044 1843 proelio
1066 1790 1316 1829 lacesserent
1338 1797 1399 1838 et,
1433 1790 1467 1830 si
1495 1791 1570 1845 ipsi
1601 1791 1658 1831 la-

172 1862 439 1905 cesserentur,
463 1855 733 1906 sustinerent,
773 1858 900 1910 quoad
922 1857 1005 1910 ipse
1029 1872 1112 1897 cum
1138 1858 1316 1898 exercitu
1339 1859 1499 1912 propius
1522 1872 1657 1899 acces-

168 1923 301 1962 sisset.
343 1922 399 1962 At
422 1923 569 1973 hostes,
594 1924 656 1964 ubi
682 1925 848 1979 primum
872 1933 1031 1966 nostros
1055 1926 1209 1979 equites
1225 1933 1535 1980 conspexerunt,
1561 1941 1657 1980 quo--
1677 1927 1732 1972 12

171 2004 256 2030 rum
288 1998 373 2031 erat
403 1997 431 2032 V
463 1991 608 2032 milium
631 2007 844 2045 numerus,
878 2009 964 2035 cum
996 1995 1072 2049 ipsi
1102 2009 1180 2035 non
1212 1995 1377 2049 amplius
1407 1995 1658 2049 octingentos

316 2110 329 2143 1
352 2109 474 2153 influit]
493 2112 619 2143 transit
637 2116 762 2144 eontra
781 2114 880 2146 codd.
902 2117 1005 2146 notos
1023 2124 1059 2145 u.
1269 2114 1288 2146 3
1306 2113 1553 2146 Nantuantium
1572 2115 1602 2146 B
1615 2115 1654 2156 C,

169 2160 363 2194 Natuatium
390 2163 444 2204 D,
474 2161 699 2195 Natuaneium
725 2165 773 2205 E;
800 2163 1003 2198 Namnetum
1030 2176 1067 2206 e,
1097 2163 1274 2198 Nemetum
1294 2166 1342 2207 f;
1370 2175 1438 2197 om.
1465 2166 1658 2197 Aimoe'nus

167 2214 284 2255 praqf.
307 2224 337 2245 e.
357 2214 388 2246 1.
529 2214 764 2257 Sequanorum
784 2227 852 2247 om.
872 2217 1078 2248 Ae'moz‘nus.
1232 2215 1527 2248 Metlioinatrieum
1546 2217 1659 2248 ABE

173 2268 268 2297 ίηιεε.
289 2266 371 2307 qdd.
384 2265 392 2281 '
411 2267 619 2307 Az'moe‘nns,
641 2267 1065 2310 Mediomatricorums11.
1197 2267 1423 2300 Tribucorum
1443 2268 1544 2300 codd.
1557 2294 1567 2309 ,
1589 2279 1658 2301 om.

168 2317 406 2358 fAimoz'nas.
513 2319 532 2350 4
551 2319 795 2362 Treuerorum,
817 2332 887 2353 non
906 2320 1059 2362 Treuir.,
1079 2320 1129 2360 B,·
1149 2320 1463 2363 ‘Treuerorumque
1477 2332 1660 2353 mss.non-

173 2368 850 2411 nullamqueTreuerorum„li-moinus.
962 2371 1185 2413 Oceanumf.
1288 2372 1660 2414 adpropinquauitAB

176 2419 203 2451 C
216 2419 347 2462 Dfet,
369 2424 433 2463 qui
448 2432 544 2465 appr.
558 2446 568 2463 ,
588 2423 667 2463 Ee5
696 2425 947 2467 appropinquat
967 2425 984 2455 b
999 2435 1015 2455 c
1034 2426 1243 2464 Aimoinus,
1272 2424 1435 2466 idemque
1454 2425 1495 2456 sle
1511 2426 1659 2468 Dsalso

175 2472 285 2512 refert
305 2473 393 2504 Oud.
535 2475 552 2506 5
573 2474 691 2506 denuit
708 2476 740 2507 A
753 2476 782 2506 B
794 2476 861 2507 CD
875 2476 905 2508 E
922 2476 1137 2515 At'moz'nus,
1160 2475 1359 2518 diffluitsu.
1513 2476 1661 2508 ‘multis-

175 2532 237 2564 que
257 2523 324 2564 ing.
348 2524 392 2556 b'.
555 2528 573 2559 7
594 2527 650 2569 qui
669 2527 752 2559 solis
771 2527 923 2570 piscibus
942 2528 1146 2560 Az'moz'ntls.
1334 2533 1435 2571 atque
1455 2528 1512 2570 qui
1530 2530 1605 2562 ouis
1626 2530 1658 2561 b.

316 2576 336 2606 ὃ
355 2576 427 2608 fluit
443 2577 646 2609 Aimoinus.
815 2579 849 2611 11
875 2578 1024 2621 longius]
1048 2579 1192 2611 ulterius
1213 2579 1243 2610 b.
1434 2580 1474 2612 12
1492 2580 1659 2622 inpetras-

177 2628 253 2654 sent
271 2625 310 2656 B.
454 2628 491 2660 13
512 2633 548 2659 ut
567 2629 597 2660 A
612 2629 741 2670 CDE,
763 2630 813 2661 uti
833 2630 894 2671 (B)
908 2630 1004 2671 ?su.
1148 2630 1414 2662 141nttendim.
1430 2640 1490 2672 pr.
1511 2631 1554 2662 B.

182 2673 220 2705 15
243 2674 381 2708 tet-isset
400 2678 432 2708 A
445 2679 475 2709 B
490 2679 560 2711 CD
573 2680 605 2712 Ε
623 2691 643 2711 α
657 2682 674 2712 b
688 2682 759 2723 es,
782 2680 951 2713 fecissent
968 2691 1004 2712 u.
1146 2682 1342 2713 conditione
1362 2681 1436 2721 (B).
1544 2682 1582 2714 16
1605 2682 1661 2712 ho-

179 2727 384 2760 stendel›ant
401 2734 482 2762 ante
502 2742 595 2764 corr.
615 2733 657 2765 B.
961 2734 1002 2766 19
1022 2738 1184 2776 quattuor
1199 2735 1293 2775 AB,
1325 2740 1472 2777 quatuor
1489 2734 1540 2774 E,
1563 2735 1660 2776 nus.

312 2778 353 2811 20
373 2779 459 2812 hunc
482 2782 520 2813 C.
669 2784 709 2816 21
732 2784 1010 2827 frequentissime
1028 2785 1061 2816 Ι)
1075 2785 1105 2817 b.
1269 2786 1312 2820 25
1332 2790 1367 2816 at
1384 2796 1451 2816 om.
1471 2786 1517 2816 D.

176 2830 218 2863 20
237 2841 269 2870 v,
290 2833 418 2864 omisso
437 2834 577 2874 mitium,
594 2836 648 2876 Λ,·
670 2836 811 2869 (luorum
829 2836 959 2869 milium
975 2837 1008 2869 D
1020 2837 1062 2869 E.
1260 2875 1265 2878 ⁴
1295 2838 1509 2879 octingentos
1526 2837 1559 2868 A
1571 2836 1658 2878 BE,

176 2892 251 2912 cccc
271 2892 430 2924 suprase.
451 2887 551 2927 toss.
1179 2892 1181 2895 ¹
1243 2880 1266 2899 (Ι
