1835 3240
103 156 185 199 572
665 156 739 199 DE
771 156 961 199 BELLO
995 155 1169 201 CIVILI

179 275 223 308 ut
245 275 549 323 componeretur
569 277 686 323 atque
708 270 755 310 ab
778 270 898 310 armis
922 270 1208 320 discederetur,
1233 272 1300 312 sed
1324 280 1555 326 potestatem
1573 274 1655 315 eius

178 335 238 376 rei
259 336 404 377 nullam
428 337 595 386 habere,
630 344 838 390 propterea
870 338 971 390 quod
1004 338 1050 377 de
1074 339 1227 379 consilii
1250 342 1443 381 sententia
1467 356 1656 382 summam

131 402 156 443 5
177 402 269 444 belli
290 418 498 457 rerumque
521 404 691 443 omnium
716 402 902 457 Pompeio
925 405 1192 457 permiserint.
1227 403 1303 446 Sed
1327 409 1531 460 postulatis
1555 408 1658 450 Cae-

178 471 279 511 saris
303 472 469 525 cognitis
492 471 683 510 missuros
705 471 752 510 ad
774 470 1003 525 Pompeium
1019 503 1029 522 ,
1060 479 1176 526 atque
1207 473 1313 513 illum
1346 476 1495 528 reliqua
1526 492 1594 531 per
1615 492 1658 518 se

178 546 353 579 acturum
387 538 631 579 hortantibus
664 539 775 592 ipsis.
830 538 986 579 Interea
1017 548 1223 580 manerent
1254 541 1453 592 indutiae,
1487 545 1573 585 dum
1605 545 1653 585 ab
1686 553 1704 584 5

178 606 244 646 illo
267 606 387 646 rediri
411 613 569 659 posset,
607 620 705 647 neue
736 608 837 647 alter
858 607 971 647 alteri
996 615 1171 647 noceret.
1218 607 1305 648 Huc
1335 609 1440 649 addit
1469 624 1591 663 pauca
1614 613 1660 652 de

101 672 155 717 17
178 688 296 714 causa
319 680 356 713 et
379 673 425 713 de
448 674 570 727 copiis
593 674 832 728 auxiliisque
855 675 952 715 suis.
1018 673 1171 728 Quibus
1202 676 1318 716 rebus
1349 691 1474 730 neque
1497 686 1574 718 tum
1597 694 1659 720 re-

178 741 444 795 spondendum
469 740 621 783 Caesar
642 743 910 793 existimauit,
947 757 1072 796 neque
1105 758 1232 793 nunc,
1268 751 1309 783 ut
1338 745 1549 785 memoriae
1572 760 1661 799 pro-

129 808 157 850 2
178 810 345 858 dantur,
370 809 469 849 satis
493 824 637 851 causae
659 818 855 864 putamus.
897 809 1132 851 Postulabat
1155 809 1323 861 Caesar,
1350 819 1391 852 ut
1412 812 1563 866 legatos
1586 814 1659 854 sibi

177 876 223 915 ad
245 874 475 930 Pompeium
498 878 583 918 sine
605 879 777 932 periculo
800 880 955 919 mittere
977 880 1140 930 liceret,
1173 880 1286 932 idque
1309 879 1383 933 ipsi
1404 881 1488 921 sore
1510 881 1660 935 recipe·
1694 889 1733 926 10

127 942 152 983 3
174 950 263 983 rent
283 951 350 984 aut
372 952 554 999 acceptos
577 960 646 1000 per
668 960 711 987 se
733 947 779 987 ad
803 961 889 987 eum
926 949 1199 1001 perducerent.
1264 946 1379 1000 Quod
1410 949 1458 988 ad
1489 949 1660 989 indutias

174 1011 405 1065 pertineret,
431 1013 488 1053 sic
509 1013 599 1054 belli
621 1015 814 1055 rationem
838 1030 926 1056 esse
950 1016 1129 1066 diuisam,
1162 1022 1202 1056 ut
1222 1016 1278 1056 illi
1300 1015 1426 1056 classe
1448 1030 1570 1056 naues
1592 1031 1659 1056 au-

126 1079 152 1119 4
173 1079 348 1133 xiliaque
370 1095 440 1121 sua
461 1081 718 1136 impedirent,
743 1084 826 1136 ipse
849 1091 892 1123 ut
913 1098 1011 1136 aqua
1034 1091 1217 1138 terraque
1240 1098 1306 1124 eos
1329 1084 1569 1138 prohiberet.
1614 1082 1659 1125 Si

175 1147 248 1188 hoc
270 1148 343 1188 sibi
366 1150 512 1189 remitti
535 1150 705 1200 uellent,
737 1152 986 1191 remitterent
1017 1152 1090 1205 ipsi
1122 1153 1167 1192 de
1200 1152 1416 1192 maritumis
1439 1152 1653 1202 custodiis,

173 1216 206 1255 si
229 1216 321 1255 illud
346 1224 550 1267 tenerent,
585 1232 626 1258 se
659 1232 812 1271 quoquc
834 1220 870 1258 id
894 1227 1155 1259 retenturum.
1198 1219 1337 1260 Nihilo
1370 1220 1498 1259 minus
1529 1226 1658 1259 tamen
1693 1227 1732 1259 15

172 1283 236 1336 agi
259 1298 374 1337 posse
396 1285 441 1324 de
465 1286 762 1339 compositione,
789 1293 831 1326 ut
854 1287 948 1326 haec
970 1301 1049 1326 11011
1071 1288 1384 1337 remitterentur,
1410 1301 1535 1339 neque
1558 1288 1657 1327 hanc

126 1350 150 1390 5
173 1364 254 1390 rem
279 1365 364 1391 esse
387 1352 653 1406 impedimenti
675 1353 776 1394 loco.
834 1352 904 1394 Ille
928 1368 1054 1410 neque
1087 1355 1238 1408 legatos
1262 1354 1448 1396 Caesaris
1480 1355 1657 1409 recipere

171 1431 298 1471 neque
321 1420 535 1473 periculum
558 1429 762 1475 praestare
793 1436 951 1473 eorum,
986 1424 1055 1463 sed
1089 1430 1207 1463 totam
1242 1437 1323 1463 rem
1355 1424 1403 1463 ad
1424 1422 1656 1476 Pompeium

170 1486 347 1527 reicere:
385 1503 503 1528 unum
526 1490 676 1530 instare
699 1491 746 1531 de
766 1491 928 1530 indutiis
952 1491 1372 1545 uehementissimeque
1396 1491 1651 1532 contendere.

123 1552 149 1594 6
173 1553 298 1606 Quem
324 1556 387 1596 ubi
410 1554 562 1597 Caesar
591 1558 788 1598 intellexit
820 1560 1042 1612 praesentis
1066 1560 1226 1613 periculi
1261 1567 1378 1613 atque
1409 1559 1565 1613 inopiae
1596 1559 1655 1598 ui-
1686 1566 1728 1600 20

170 1623 311 1663 tandae
344 1638 464 1665 causa
496 1640 649 1666 0111118111
682 1628 900 1668 orationem
932 1629 1150 1668 instituisse
1175 1642 1298 1680 neque
1322 1628 1435 1668 ullam
1459 1641 1566 1681 spem
1589 1634 1656 1666 aut

169 1691 438 1732 condicionem
463 1695 569 1747 pacis
593 1695 737 1735 afferre
753 1727 762 1745 ,
789 1697 835 1735 ad
858 1696 1046 1749 reliquam
1070 1696 1345 1751 cogitationem
1371 1696 1457 1736 belli
1480 1709 1568 1735 sese
1590 1709 1653 1735 re-

92 1756 149 1800 18
170 1759 285 1811 cepit.
331 1758 491 1801 Bibulus
514 1763 658 1802 multos
691 1764 773 1803 dies
807 1771 911 1804 terra
935 1764 1150 1818 prohibitus
1175 1771 1213 1804 et
1236 1764 1419 1817 grauiore
1442 1763 1578 1802 morbo
1601 1776 1653 1802 ex

169 1826 316 1879 frigore
337 1841 381 1867 ac
404 1829 539 1869 labore
562 1830 775 1884 inplicitus,
802 1846 888 1871 cum
912 1846 1038 1885 neque
1061 1831 1188 1871 curari
1213 1839 1346 1886 posset
1369 1846 1495 1884 neque
1517 1845 1652 1871 susce-

118 1893 146 1933 2
168 1901 273 1947 ptum
297 1896 461 1936 officium
485 1898 670 1939 deserere
694 1899 824 1948 uellet,
852 1899 927 1939 uim
952 1899 1074 1939 morbi
1098 1900 1296 1940 sustinere
1319 1914 1397 1939 non
1420 1900 1558 1953 potuit.
1589 1897 1650 1938 Eo
1682 1905 1724 1938 25

166 1969 321 2003 mortuo
345 1965 392 2004 ad
415 1966 609 2006 neminem
632 1981 751 2006 unum
774 1982 922 2007 summa
944 1968 1095 2021 imperii
1120 1968 1234 2014 redit,
1260 1968 1328 2007 sed
1351 1968 1561 2021 separatim
1584 1981 1650 2007 su-

120 2027 144 2068 3
166 2043 226 2069 am
251 2031 415 2084 quisque
448 2033 613 2074 classem
647 2036 693 2074 ad
728 2036 933 2076 arbitrium
957 2050 1066 2075 sunm
1091 2036 1404 2076 administrabat.
1450 2035 1648 2076 Vibullius

166 2098 302 2138 sedato
327 2101 491 2141 tumultu
509 2133 518 2151 ,
544 2116 655 2155 quem
679 2104 910 2157 repentinus
934 2104 1124 2143 aduentus
1149 2102 1336 2144 Caesaris
1361 2103 1645 2152 concitauerat,

165 2166 228 2206 ubi
251 2167 418 2220 primum
442 2184 462 2209 c
482 2183 526 2210 re
548 2171 739 2221 uisumst,
776 2172 949 2212 adhibito
973 2170 1127 2212 Libone
1150 2170 1250 2212 etL.
1266 2170 1439 2211 Lucceio
1464 2178 1502 2211 et
1516 2170 1649 2211 Theo-

310 2283 322 2314 1
345 2290 605 2326 componeretur
623 2287 860 2328 l'ascosmms,
883 2292 1167 2329 componerentur
1185 2287 1284 2318 eodd.
1437 2286 1510 2317 eius
1531 2287 1579 2317 rei
1598 2297 1618 2317 ιι
1632 2288 1649 2317 b

165 2342 192 2371 e,
215 2333 287 2364 eius
308 2334 356 2365 rei
377 2345 413 2365 se
433 2336 577 2377 rele'qm'.
802 2339 822 2370 2
841 2339 975 2369 consilii
995 2339 1074 2379 (a)e
1091 2338 1236 2379 reliqui,
1259 2337 1394 2368 concilii
1416 2347 1505 2367 unns
1524 2336 1594 2368 det.
1616 2340 1653 2368 et

167 2385 261 2417 ‘msa
276 2396 296 2417 a
313 2385 463 2418 Gruter-0
483 2388 653 2427 ronsztllz',
674 2389 811 2429 sz'fizles
824 2390 1029 2431 excerptis-³.
1172 2399 1298 2421 summa
1319 2400 1334 2419 e
1351 2390 1444 2420 ‘msam
1461 2389 1504 2420 5⁷.

164 2437 182 2467 5
202 2438 358 2469 induciae
379 2437 442 2479 (a).
584 2440 602 2472 6
623 2451 663 2471 ue
683 2442 737 2472 uel
756 2452 790 2473 α.
934 2443 950 2474 7
971 2447 1005 2474 et
1023 2452 1090 2473 om.
1114 2442 1143 2472 b.
1285 2440 1304 2471 8
1319 2440 1553 2482 memoriupro
1570 2450 1647 2472 nar.

165 2487 246 2519 lect.
268 2491 301 2519 in
323 2499 436 2530 marg.
460 2490 490 2521 b.
632 2492 1066 2533 prodanturPelaw'unus,
1087 2492 1250 2533 prodatur
1262 2492 1404 2533 reliqui.
1549 2491 1581 2523 11
1600 2491 1649 2522 iu·

164 2539 280 2570 ducias
301 2541 364 2580 (a).
509 2542 547 2574 12
567 2542 713 2575 classem
732 2554 751 2574 α
766 2544 824 2574 bc.
970 2545 1007 2576 14
1026 2545 1215 2576 maritumis
1235 2555 1267 2575 α.
1436 2544 1473 2575 17
1494 2554 1570 2575 esse
1588 2545 1649 2576 Al-

163 2590 242 2630 dus,
264 2591 331 2622 illis
349 2603 425 2623 esse
446 2593 547 2625 codd.
729 2595 787 2626 ille
807 2595 1019 2637 Stephanus,
1041 2606 1093 2627 om
1116 2595 1241 2634 eosltl.;
1263 2595 1313 2626 illi
1334 2595 1448 2627 Aldus
1469 2606 1502 2626 n.

168 2642 205 2674 19
226 2647 318 2674 stare
342 2653 375 2674 α.
540 2645 686 2677 induciis
707 2646 774 2687 (a).
939 2648 981 2681 20
1001 2658 1099 2689 quem
1118 2648 1138 2681 2
1157 2648 1259 2687 dell„
1282 2659 1365 2689 quae
1385 2648 1540 2689 reliqui5
1563 2658 1645 2690 quos

161 2694 278 2726 Aldus
297 2705 331 2726 u.
495 2697 539 2728 22
558 2698 785 2730 conditionem
806 2698 870 2740 (a).
1035 2700 1076 2731 24
1096 2699 1148 2741 ac]
1170 2705 1203 2731 et
1223 2701 1253 2731 b.
1418 2701 1593 2742 inplicitus
1612 2711 1644 2732 α.

305 2747 347 2781 25
367 2747 482 2779 morbo
501 2752 584 2779 ante
603 2759 694 2780 corr.
716 2760 749 2780 α.
890 2751 932 2785 26
953 2751 1053 2782 rediit
1072 2762 1163 2783 unus
1182 2752 1250 2784 (let.
1412 2753 1455 2785 27
1475 2752 1645 2785 Vibullius

164 2799 266 2839 (a‘ve5
287 2799 482 2842 ὅ311111111115,
504 2801 670 2842 Bibuuus,
694 2802 832 2834 Bibulus
852 2803 950 2835 mss.’
1067 2805 1109 2837 29
1130 2816 1146 2835 e
1167 2816 1202 2837 re
1223 2806 1370 2838 uisumst
1387 2805 1644 2847 Elberlc'ngius,

165 2862 283 2884 rursus
304 2852 403 2884 codd.
547 2854 767 2896 adhibitoque
786 2865 805 2886 α
820 2855 849 2885 b.
992 2854 1115 2886 Luceio
1135 2866 1168 2887 α.
