1835 3240
698 171 1117 214 -—-131——

159 291 444 332 demonstrant.
496 285 635 340 Itaque
657 283 811 327 Caesar
832 301 879 328 eo
899 287 1009 338 loco,
1034 288 1138 329 unde
1160 288 1370 342 disputatio
1393 299 1529 334 nostra
1551 302 1642 335 nata

160 364 235 408 est,
259 370 344 396 cum
368 354 591 409 prouincias
614 355 779 408 priuatis
793 355 973 397 decretas
986 369 1075 396 esse
1095 356 1365 410 reprehendit,
1391 359 1515 414 legem
1529 360 1644 401 Pom·

158 425 283 478 peiam
306 423 541 464 dissimulat.
592 420 717 463 Cuius
748 424 807 464 rei
838 424 938 465 hanc
967 437 1124 464 causam
1147 425 1269 465 fuisse
1293 426 1480 467 arbitror.
1524 427 1645 470 Vide-

158 499 223 532 tur
244 492 348 532 enim
371 491 469 531 haec
499 490 731 531 constitutio
763 491 809 532 de
845 499 1022 546 tempore
1043 492 1331 533 sortiendarum
1354 495 1645 548 prouinciarum

155 573 275 600 unum
299 566 415 613 caput
436 559 616 600 effecisse
648 559 747 612 legis
782 560 828 600 de
859 559 946 601 iure
967 560 1292 614 magistratuum,
1327 576 1443 616 quam
1476 561 1642 604 Sueton.

157 625 277 668 Caes.
302 620 359 668 28'
378 626 609 681 Pompeium
632 627 769 668 tulisse
791 628 932 668 refert.
976 626 1038 668 De
1061 642 1107 668 ea
1131 636 1260 669 autem
1289 630 1375 683 lege
1399 631 1471 670 hoc
1493 630 1647 671 accide-

154 702 232 743 rat,
257 696 359 749 quod
381 695 483 736 idem
506 692 718 736 Suetonius
741 695 883 736 ibidem
907 703 1067 737 narrat:
1111 695 1187 737 ςΜ.
1215 695 1404 739 Claudius
1427 696 1645 739 Marcellus

152 764 281 804 edicto
304 764 504 817 praefatus
527 764 574 803 de
595 777 746 803 summa
785 777 827 803 se
858 764 1058 818 republica
1090 772 1268 805 acturum
1297 766 1435 807 retulit
1462 767 1510 807 ad
1532 780 1646 807 sena-

154 839 252 881 tum,
276 839 320 872 ut
341 831 389 872 ei'
415 828 651 883 (Caesarem
674 831 785 884 dicit)
822 833 1116 873 ‘succederetur
1139 840 1229 873 ante
1252 841 1403 888 tempus
1418 865 1429 885 ,
1463 835 1646 888 quoniam

151 899 253 940 bello
276 900 452 940 confecto
476 913 556 953 pax
577 906 686 939 esset
706 913 751 939 ac
774 899 913 940 dimini
945 899 1106 941 deberet
1125 900 1254 941 uictor
1276 902 1476 942 exercitus
1491 933 1501 952 ‚
1537 909 1577 943 et
1598 916 1648 943 ne

152 967 330 1008 absentis
352 968 454 1008 ratio
477 967 645 1007 comitiis
672 966 907 1017 haberetur,
933 968 1087 1021 quando
1118 982 1190 1008 nec
1211 969 1414 1023 plebiscito
1435 968 1648 1023 Pompeius

153 1042 289 1090 postea
312 1035 560 1089 abrogasset.
591 1033 805 1075 Acciderat
819 1042 967 1086 autem,
994 1042 1038 1076 ut
1057 1037 1090 1077 is
1113 1036 1239 1091 legem
1262 1037 1309 1078 de
1330 1038 1417 1078 iure
1438 1037 1648 1091 magistra-

154 1111 262 1144 tuum
286 1105 418 1144 ferens
452 1117 498 1143 eo
530 1103 673 1156 capite,
699 1116 774 1155 quo
797 1118 819 1144 a
842 1104 1032 1157 petitione
1054 1105 1244 1146 honorum
1269 1105 1453 1146 absentes
1476 1119 1648 1145 summo-

155 1171 289 1220 uebat,
314 1186 363 1213 ne
384 1168 601 1212 Caesarem
625 1172 779 1225 quidem
801 1171 1006 1226 exciperet
1029 1186 1098 1227 per
1119 1173 1354 1213 obliuionem
1376 1187 1422 1213 ac
1444 1187 1538 1212 mox
1559 1172 1647 1225 lege

153 1240 229 1279 iam
251 1240 292 1280 in
314 1253 380 1281 aes
402 1240 528 1280 incisa
550 1247 589 1281 et
609 1240 651 1280 in
672 1240 870 1280 aerarium
894 1240 1052 1281 condita
1073 1241 1294 1295 corrigeret
1315 1240 1522 1282 errorem'.
1558 1238 1647 1293 Quo

156 1308 241 1347 loco
263 1315 373 1348 recte
397 1306 602 1349 Gronouio
635 1308 886 1349 scribendum
917 1309 1045 1349 uisum
1075 1316 1137 1349 est
1170 1308 1349 1362 ‘quando
1381 1316 1420 1349 et
1441 1309 1646 1363 plebiscito

155 1374 366 1429 Pompeius
388 1383 526 1428 postea
547 1375 811 1430 obrogasset'.
854 1375 1112 1417 Plebiscitum
1135 1383 1264 1417 autem
1286 1377 1401 1426 illud,
1435 1384 1477 1417 ut
1499 1375 1649 1417 Caesa-

157 1444 211 1482 ris
234 1443 407 1483 absentis
431 1443 705 1484 consularibus
718 1443 884 1484 comitiis
903 1444 1004 1484 ratio
1027 1444 1254 1494 haberetur,
1279 1442 1467 1498 Pompeio
1491 1445 1647 1485 tertium

158 1511 319 1551 consule
340 1518 431 1551 ante
453 1512 578 1565 legem
611 1511 656 1551 de
684 1510 770 1551 iure
792 1512 1092 1565 magistratuum
1116 1513 1234 1552 latum
1259 1526 1348 1553 esse
1371 1520 1410 1553 et
1432 1511 1648 1554 Suetonius

157 1578 327 1618 ostendit
351 1585 391 1618 et
413 1575 556 1619 Cicero
579 1578 627 1619 ad
649 1577 736 1618 Att.
761 1577 877 1630 VIII,
903 1578 943 1629 3,
969 1580 1011 1619 2.
1056 1580 1131 1620 Hic
1147 1579 1375 1633 Pompeium
1399 1581 1648 1635 priuilegium

158 1642 345 1686 Caesaris
369 1646 455 1699 lege
478 1646 643 1699 quadam
667 1660 737 1686 sua
759 1647 885 1700 ipsum
907 1648 1092 1688 sanxisse
1114 1648 1274 1688 scribit:
1301 1646 1516 1689 Marcellus
1531 1648 1649 1689 Pom-

156 1714 282 1767 peium
313 1713 400 1767 lege
431 1727 504 1753 sua
527 1710 702 1754 Caesare
734 1729 813 1754 non
845 1723 1012 1770 excepto
1036 1715 1284 1769 priuilegium
1307 1713 1495 1756 Caesaris
1519 1723 1649 1756 sustu-

156 1782 264 1831 lisse,
291 1782 470 1834 quodque
491 1782 525 1822 is
548 1789 685 1835 postea
708 1782 794 1837 lege
816 1783 892 1823 iam
915 1784 956 1824 in
978 1784 1174 1825 aerarium
1198 1784 1356 1824 condita
1388 1785 1425 1824 id
1458 1798 1649 1825 correxe-

154 1857 217 1890 rat
239 1851 309 1904 (cf.
337 1848 450 1904 Lips.
475 1851 523 1890 ad
543 1849 643 1890 Tac.
669 1864 762 1890 ann.
788 1849 862 1902 III,
888 1849 978 1905 51),
1014 1866 1093 1892 non
1113 1859 1224 1893 recte
1248 1853 1391 1893 factum
1413 1852 1649 1906 interpreta-

155 1918 285 1958 batur.
329 1916 391 1957 Eo
414 1925 544 1958 autem
565 1925 764 1972 tempore,
791 1934 865 1973 quo
889 1917 1104 1961 Caesarem
1128 1920 1198 1961 hos
1222 1920 1526 1961 commentarios
1549 1920 1648 1961 scri-

156 1987 282 2041 psisse
305 1986 538 2036 statuimus,
574 2000 659 2026 cum
681 1987 749 2027 lex
771 1985 959 2043 Pompeia
981 2003 1060 2029 non
1083 1996 1330 2039 seruaretur,
1356 2003 1517 2043 sperare
1538 1996 1648 2043 pote-

154 2062 217 2096 rat
239 2052 393 2095 Caesar
413 2056 513 2104 fore,
539 2061 583 2095 ut
603 2054 699 2095 haec
723 2055 982 2098 dissimulatio
1004 2057 1183 2111 legentes
1206 2058 1376 2110 sugeret.

267 2121 314 2163 In
336 2123 384 2163 iis
403 2122 552 2173 uerbis,
578 2137 677 2176 quae
700 2124 882 2177 proxima
903 2131 996 2164 sunt
1011 2125 1111 2179 apud
1129 2122 1360 2166 Caesarem:
1389 2123 1452 2165 ‘In
1474 2125 1646 2179 reliquas

157 2191 378 2245 prouincias
400 2198 605 2245 praetores
627 2191 874 2242 mittuntur'‚
899 2190 1040 2247 Pighio
1062 2207 1133 2247 pro
1157 2193 1404 2248 praetoribus
1429 2194 1647 2247 ‘praetorii'

155 2259 321 2313 ponendi
344 2259 420 2300 uisi
445 2266 552 2300 sunt.
616 2258 705 2300 Etsi
727 2268 856 2301 autem
878 2261 946 2301 illa
967 2261 1024 2301 sic
1045 2261 1299 2315 interpretari
1321 2262 1438 2312 licet,
1475 2269 1518 2301 ut
1539 2261 1648 2302 missi

157 2327 351 2378 dicantur,
377 2327 441 2381 qui
464 2342 533 2381 pro
557 2329 805 2382 praetoribus
828 2336 978 2380 essent,
1005 2337 1136 2370 tamen
1157 2329 1195 2369 id
1217 2330 1318 2370 male
1340 2330 1397 2380 fit,
1424 2330 1515 2382 quia
1543 2327 1648 2371 Cae·

157 2396 254 2445 sari,
279 2396 341 2450 qui
363 2395 527 2450 priuatis
550 2397 775 2450 prouincias
799 2398 981 2438 decretas
1004 2411 1092 2438 esse
1115 2398 1375 2448 demonstrat,
1401 2397 1527 2438 omnis
1541 2397 1647 2438 eius-

157 2464 259 2503 modi
281 2464 515 2519 ambiguitas
538 2464 701 2505 uitanda
721 2472 821 2505 erat.
856 2464 944 2506 Huc
966 2466 1131 2516 accedit,
1157 2465 1258 2518 quod
1281 2479 1397 2519 supra
1419 2465 1495 2505 iam
1519 2465 1648 2506 decla-

158 2537 286 2571 ratum
329 2539 415 2573 erat
455 2533 629 2587 reliquas
671 2533 896 2586 prouincias
935 2541 1096 2588 praeter
1125 2534 1221 2574 duas
1260 2534 1490 2574 consulares
1535 2547 1648 2586 prae—

160 2599 280 2639 torias
311 2600 456 2649 fuisse,
496 2608 535 2642 et
565 2601 665 2655 quod
696 2601 793 2641 haec
824 2601 946 2642 uerba
976 2602 1224 2644 incommode
1265 2609 1560 2656 praeponuntur
1589 2602 1648 2641 iu-

161 2667 435 2717 sequentibus:
472 2673 482 2692 ⁶
497 2682 622 2722 neque
655 2676 888 2723 expectant,
917 2677 960 2710 ut
981 2670 1027 2710 de
1053 2683 1187 2710 eorum
1210 2669 1374 2723 imperio
1396 2670 1443 2710 ad
1466 2669 1647 2724 populum

165 2732 323 2773 seratur'
347 2742 458 2784 cett.‚
484 2737 640 2792 quaede
655 2737 850 2787 omnihus,
876 2738 940 2791 qui
954 2737 1180 2792 prouincias
1195 2737 1325 2778 sortiti
1343 2745 1471 2788 erant,
1494 2736 1649 2777 intelle-

161 2800 287 2852 genda
310 2814 396 2842 esse
417 2811 590 2857 apparet.
616 2803 689 2845 His
703 2805 749 2846 de
763 2805 892 2846 causis
915 2805 982 2847 illa
995 2805 1116 2846 uerba
1139 2806 1272 2859 spuria
1292 2819 1382 2846 esse
1397 2803 1643 2846 existimaui.

160 2867 265 2909 Nam
278 2868 425 2923 reliqua
436 2884 588 2924 quoque
602 2886 691 2925 pars
702 2873 810 2914 sexti
823 2873 960 2926 capitis
980 2879 1020 2913 et
1031 2880 1155 2914 totum
1166 2873 1378 2925 insequens
1391 2880 1505 2926 caput
1527 2872 1646 2912 uehe-

1318 2939 1345 2979 9
1358 2940 1373 2958 ²&
