1835 3240
112 552 130 583 est

87 890 126 923 10

86 1230 125 1262 15

82 1568 126 1601 20

83 1908 125 1941 25

83 2249 125 2282 30

695 156 883 201 CAPVT
906 156 957 199 *19
970 156 1107 199 -22.
1644 158 1726 201 635

163 276 291 328 tisque
322 270 546 321 ordinibus,
579 270 665 312 sine
696 272 851 312 ratione
879 271 1133 326 prodierant,
1173 269 1230 310 sic
1268 276 1418 311 temere
1446 272 1486 312 in
1517 286 1641 313 naues

163 344 298 395 fugere
321 345 548 392 coeperunt.
575 337 752 391 Quorum
775 341 865 394 fuga
886 339 1039 380 incitati
1061 337 1325 379 Alexandrini
1347 339 1480 392 plures
1502 353 1554 380 ex
1576 355 1642 381 na·
1664 339 1690 381 4

163 409 273 449 uibus
304 407 609 460 egrediebantur
634 415 871 461 nostrosque
894 407 1022 447 acrius
1045 406 1294 461 perturbatos
1316 405 1640 459 insequebantur.

161 474 301 524 Simul,
326 475 389 528 qui
411 475 450 515 in
473 475 640 515 nauibus
661 475 790 529 longis
810 481 1110 524 remanserant,
1134 475 1261 514 scalas
1284 487 1424 529 rapere
1446 487 1645 526 nauesque

162 557 184 584 a
207 550 314 584 terra
334 544 526 596 repellere
549 543 827 597 properabant,
853 557 902 583 ne
924 543 1058 583 hostes
1080 542 1247 583 nauibus
1269 542 1506 596 potirentur.
1551 538 1648 593 Qui-
1670 539 1693 581 5

158 612 231 652 bus
254 611 431 651 omnibus
453 611 570 651 rebus
593 609 809 664 perturbati
830 610 975 651 milites
998 611 1126 651 nostri
1149 610 1365 651 cohortium
1388 610 1523 660 trium,
1548 623 1647 662 quae

161 679 200 719 in
224 686 342 733 ponte
364 694 409 719 ac
431 679 554 733 prima
576 678 677 719 mole
701 677 979 729 constiterant,
1004 693 1091 719 cum
1114 686 1203 732 post
1224 692 1266 718 se
1289 679 1498 718 clamorem
1522 690 1647 717 exau-

159 748 304 797 dirent,
323 748 452 801 fugam
475 760 635 787 suorum
658 746 852 796 uiderent,
868 761 1049 800 magnam
1071 747 1149 787 uim
1173 746 1337 786 telorum
1356 745 1510 786 aduersi
1529 745 1648 785 susti-

160 822 323 865 nerent,
358 815 500 865 ueriti,
535 828 585 856 ne
616 814 663 854 ab
687 821 799 868 tergo
822 814 1205 855 circumuenirentur
1227 822 1266 854 et
1288 814 1465 854 discessu
1489 813 1647 854 nauium

158 884 316 924 omnino
338 883 465 924 reditu
486 882 861 933 intercluderentur,
879 883 1131 923 munitionem
1154 882 1193 922 in
1211 889 1329 935 ponte
1346 882 1567 922 institutam
1585 895 1647 922 re-

159 951 359 1004 liquerunt
380 958 418 991 et
440 965 582 1005 magno
606 964 724 991 cursu
746 950 896 991 incitati
919 951 966 990 ad
986 963 1109 990 naues
1127 950 1431 990 contenderunt.
1468 948 1645 1002 Quorum
1668 947 1695 989 6

159 1033 248 1073 pars
279 1019 481 1073 proximas
513 1025 629 1059 nacta
660 1031 782 1058 naues
811 1018 1059 1059 multitudine
1083 1017 1280 1058 hominum
1303 1024 1418 1071 atque
1441 1031 1561 1058 onere
1583 1018 1650 1057 dc-

159 1100 297 1141 pressa
320 1093 405 1136 est,
441 1099 532 1140 pars
551 1086 743 1126 resistens
767 1093 807 1126 et
827 1086 1035 1134 dubitans,
1061 1086 1151 1142 quid
1174 1092 1283 1126 esset
1305 1085 1533 1139 capiendum
1557 1099 1649 1125 con-

158 1154 251 1204 silii,
276 1155 323 1195 ah
345 1154 632 1195 Alexandrinis
654 1155 865 1195 interfecta
886 1161 971 1205 est3
997 1154 1175 1195 nonnulli
1193 1154 1370 1194 feliciore
1394 1153 1506 1194 exitu
1528 1167 1649 1207 expe·
1670 1154 1696 1194 7

158 1223 259 1263 ditas
291 1224 338 1263 ad
370 1237 555 1264 ancoram
587 1236 710 1263 naues
733 1223 937 1264 consecuti
959 1223 1180 1263 incolumes
1203 1222 1502 1271 discesserunt,
1538 1222 1651 1276 pauci

160 1290 353 1331 adleuatis
376 1291 496 1331 scutis
519 1298 558 1330 et
578 1291 709 1331 animo
731 1291 778 1331 ad
800 1291 1019 1332 conandum
1042 1291 1120 1331 nisi
1141 1291 1188 1330 ad
1209 1290 1390 1345 proxima
1407 1290 1565 1344 nauigia
1582 1289 1650 1330 ad-

160 1365 363 1399 natarunt.
408 1356 586 1409 Caesar,
621 1360 746 1412 quoad
778 1359 904 1414 potuit
934 1361 1177 1401 cohortando
1211 1373 1304 1400 suos
1336 1359 1384 1399 ad
1415 1364 1571 1413 pontem
1604 1371 1649 1398 ac
1673 1356 1724 1402 21

160 1426 395 1467 munitiones
429 1427 658 1478 continere,
692 1428 828 1467 eodem
857 1429 897 1468 in
929 1429 1103 1483 periculo
1126 1436 1310 1469 uersatus
1333 1434 1418 1477 est3
1443 1433 1649 1480 postquam

162 1494 371 1535 uniuersos
395 1496 535 1536 cedere
556 1496 849 1546 animaduertit,
874 1497 915 1537 in
936 1510 1050 1538 suum
1073 1497 1271 1551 nauigium
1295 1509 1338 1536 se
1361 1496 1523 1549 recepit.
1559 1491 1648 1546 Quo
1670 1493 1698 1535 2

159 1562 364 1603 multitudo
388 1563 586 1604 hominum
608 1565 786 1605 insecuta
810 1579 895 1605 cum
917 1565 1178 1620 inrumperet,
1200 1577 1328 1618 neque
1351 1562 1653 1604 administrandi

156 1644 281 1686 neque
303 1631 519 1685 repellendi
542 1646 564 1672 a
586 1639 694 1672 terra
715 1633 880 1673 facultas
903 1634 1078 1682 daretur,
1104 1635 1204 1683 fore,
1229 1633 1331 1686 quod
1352 1632 1507 1681 accidit,
1524 1631 1650 1685 suspi-

160 1704 270 1739 catus
300 1713 390 1740 sese
422 1714 475 1740 ex
506 1701 664 1755 nauigio
687 1701 803 1742 eiecit
824 1709 943 1755 atque
966 1703 1013 1743 ad
1036 1716 1104 1743 eas
1119 1733 1129 1752 ,
1163 1714 1261 1754 quae
1282 1700 1439 1755 longius
1462 1699 1651 1740 constite-

158 1773 271 1817 rant,
305 1780 427 1808 naues
456 1767 672 1809 adnatauit.
728 1768 831 1810 Hinc
860 1770 942 1811 suis
973 1770 1246 1810 laborantibus
1277 1768 1452 1809 subsidio
1483 1768 1650 1822 scaphas
1672 1765 1698 1807 3

158 1833 319 1876 mittens
342 1836 552 1877 nonnullos
576 1838 847 1878 conseruauit.
882 1837 1100 1892 Nauigium
1123 1838 1276 1891 quidem
1300 1837 1382 1878 eius
1402 1836 1650 1876 multitudine

158 1902 387 1956 depressum
420 1905 583 1945 militum
614 1919 693 1946 una
725 1921 812 1947 cum
845 1907 1067 1947 hominibus
1090 1907 1257 1947 interiit.
1304 1905 1390 1946 Hoc
1412 1904 1561 1959 proelio
1584 1904 1650 1945 de·
1671 1902 1696 1943 4

160 1970 322 2011 siderati
356 1979 446 2011 sunt
476 1985 528 2013 ex
559 1987 722 2013 numero
753 1975 1062 2028 legionariorum
1094 1975 1258 2015 militum
1289 1974 1447 2013 circiter
1478 1979 1587 2012 CCCC
1610 1979 1651 2013 et

161 2039 274 2091 paulo
307 2039 417 2080 ultra
448 2053 534 2080 eum
567 2055 770 2082 numerum
806 2043 1000 2084 classiarii
1023 2050 1063 2083 et
1082 2043 1269 2096 remiges.
1313 2040 1578 2081 Alexandrini
1601 2054 1647 2081 eo
1670 2038 1695 2080 5

158 2106 245 2147 loco
276 2107 481 2148 castellum
502 2110 653 2163 magnis
676 2110 955 2151 munitionibus
978 2110 1188 2165 multisque
1210 2109 1417 2151 tormentis
1440 2108 1648 2149 confirma-

158 2181 252 2214 runt
273 2182 388 2228 atque
411 2177 557 2230 egestis
581 2192 634 2218 ex
655 2179 755 2219 mari
778 2179 967 2233 lapidibus
991 2179 1112 2219 libere
1134 2186 1229 2219 sunt
1249 2179 1310 2219 usi
1332 2184 1470 2232 postea
1491 2176 1538 2217 ad
1559 2176 1648 2217 mit-

158 2243 272 2283 tenda
305 2244 479 2297 nauigia.
524 2244 611 2286 Hoc
642 2247 877 2288 detrimento
909 2248 1051 2288 milites
1074 2248 1198 2288 nostri
1223 2254 1373 2287 tantum
1397 2247 1583 2286 afuerunt
1604 2252 1647 2285 ut
1668 2244 1725 2289 22

158 2311 485 2364 perturbarentur
499 2344 509 2363 ,
536 2321 577 2354 ut
597 2315 750 2356 incensi
773 2323 890 2370 atque
911 2316 1062 2357 incitati
1083 2330 1247 2371 magnas
1270 2315 1520 2356 accessiones
1543 2314 1648 2355 fece-

158 2378 240 2419 rint
271 2379 309 2419 in
332 2381 517 2435 operibus
540 2382 708 2424 hostium
733 2385 1007 2439 expugnandis
1029 2385 1068 2425 in
1092 2384 1252 2439 proeliis
1275 2383 1499 2433 cotidianis,
1525 2396 1648 2435 quan-

302 2507 322 2540 2
343 2506 459 2549 fugere
478 2511 541 2550 ab,
563 2510 720 2552 refugere
741 2521 775 2543 u.
962 2512 981 2545 3
1002 2511 1243 2555 perturbantes
1261 2522 1294 2544 a.
1486 2511 1526 2544 10
1546 2514 1647 2553 ponte

162 2567 252 2588 unus
269 2557 353 2599 det„
375 2567 506 2602 pontem
525 2563 670 2605 reliqui.
837 2563 876 2597 15
897 2564 1081 2595 anchoram
1099 2574 1133 2596 α.
1314 2562 1354 2595 16
1374 2562 1535 2595 alleuatis
1553 2562 1602 2593 ab
1616 2573 1644 2601 c,

159 2609 299 2640 alleuati
318 2621 339 2641 u
359 2611 443 2651 (adl.
462 2614 512 2654 a).
654 2615 720 2646 nisi
734 2625 754 2646 a
770 2615 800 2655 b,
824 2615 943 2647 nixiu.
1084 2616 1382 2648 adnataueruntb.
1524 2615 1564 2648 18
1575 2625 1646 2646 mu-

163 2660 324 2691 ultionem
345 2662 374 2692 b·
516 2665 694 2698 continere
712 2667 885 2707 Jarz‘nz’us,
906 2667 1116 2699 contendere
1137 2666 1238 2699 codd.
1261 2667 1298 2699 P.
1320 2667 1397 2701 192.
1537 2665 1580 2698 20
1597 2664 1648 2696 in-

163 2716 336 2753 rumperet
353 2722 388 2743 a.
541 2715 584 2748 23
604 2716 720 2749 scafas
739 2727 774 2748 a.
926 2719 968 2750 25
988 2727 1055 2749 una
1073 2727 1148 2749 cum
1167 2717 1359 2749 hominibus
1378 2726 1446 2749 om.
1469 2716 1501 2747 b.

163 2763 205 2795 27
227 2763 316 2795 ultra
336 2764 537 2805 Stephanus
555 2770 599 2807 et,
624 2768 670 2800 ‘si
685 2770 973 2812 eaecerpl‘z‘sfides
993 2774 1056 2811 est,
1079 2770 1120 2811 c',·
1140 2781 1209 2803 om.
1230 2781 1251 2802 a
1266 2771 1297 2802 b.
1463 2769 1506 2802 28
1524 2768 1646 2799 confir-

164 2820 297 2846 marunt
315 2826 335 2846 α
356 2816 452 2849 ‘ms-v.
474 2820 508 2849 et
525 2818 603 2849 edd.
624 2819 730 2860 qdd.’‚
753 2822 1041 2853 confirmaucrunt
1060 2832 1094 2853 υ.
1258 2822 1300 2854 30
1321 2821 1458 2853 fuerunt
1476 2829 1496 2850 a
1511 2819 1567 2859 be,
1589 2819 1647 2850 ah-

165 2865 304 2898 fuerunt
323 2877 356 2898 u.
543 2869 582 2901 31
605 2869 733 2903 incensi
751 2882 771 2903 α
787 2873 804 2904 b
823 2873 841 2905 4
861 2873 964 2910 dett„
985 2872 1114 2904 incensi
1134 2873 1247 2915 potius
1267 2883 1302 2904 u.
1482 2870 1524 2902 32
1543 2880 1648 2913 quan-
