1835 3240
86 879 127 913 10

85 2234 126 2267 30

618 147 802 193 COMM.
826 146 865 192 11
886 145 1010 192 CAP.
1034 148 1059 191 3
1075 174 1122 180 —
1137 148 1178 190 6.
1636 149 1717 192 539

163 264 297 319 Itaque
318 276 410 303 suos
432 261 675 312 cohortatus,
701 278 797 317 quos
820 265 996 318 integros
1018 262 1315 316 superauissent
1336 268 1379 302 ut
1402 262 1526 303 uictos
1547 278 1640 304 con-
1661 264 1688 305 2

163 337 405 380 temnerent,
430 331 567 384 plenus
590 332 672 386 spei
693 332 819 373 bonae
842 339 958 384 atque
983 330 1103 371 animi
1124 331 1315 371 aduersus
1338 343 1406 369 eos
1429 332 1640 382 proticisci-

161 406 240 439 tur.
283 396 420 438 Facile
452 405 537 438 erat
567 413 619 438 ex
650 400 792 439 castris
817 397 866 440 C.
890 398 1066 439 Treboni
1088 404 1204 451 atque
1227 396 1406 438 omnibus
1430 398 1638 450 superiori·
1661 398 1685 439 3

160 467 231 507 bus
254 466 351 506 locis
369 466 601 520 'prospicere
624 467 664 507 in
686 467 838 516 urbem,
863 474 905 506 ut
926 467 1051 506 omnis
1075 467 1258 506 iuuentus
1274 495 1284 514 ,
1319 452 1417 518 quac
1439 464 1479 504 in
1501 465 1640 518 oppido

161 541 429 585 remanserat,
465 548 677 587 omnesque
699 535 913 587 superioris
936 534 1077 575 aetatis
1104 548 1190 574 cum
1213 532 1346 573 liberis
1368 539 1484 584 atque
1506 531 1644 571 uxori-

157 601 230 641 bus
252 603 281 655 ἦ·
303 615 354 641 ex
375 602 538 656 publicis
561 602 751 642 custodiis
784 615 883 654 quae
915 609 981 641 aut
1011 616 1121 642 muro
1154 602 1201 642 ad
1225 601 1372 642 caelum
1397 614 1534 641 manus
1558 606 1644 640 ten-

159 669 324 718 derent,
359 676 427 709 aut
448 669 589 722 templa
613 670 771 709 deorum
795 669 1057 710 inmortalium
1081 670 1236 709 adirent
1257 676 1295 709 et
1317 675 1408 709 ante
1432 667 1644 708 simulacra

160 737 325 790 proiecti
347 736 551 776 uictoriam
566 736 613 776 ab
637 737 694 776 dis
710 744 990 790 exposcerent.
1023 735 1164 789 Neque
1187 744 1273 778 erat
1294 739 1497 791 quisquam
1521 735 1643 776 omni-
1665 734 1691 775 4

160 819 223 845 um
240 835 250 854 ,
285 804 377 857 quin
408 803 449 843 in
481 804 566 844 eius
598 804 675 843 diei
698 818 792 843 casu
814 818 971 844 suarum
994 805 1166 844 omnium
1191 806 1437 844 fortunarum
1461 809 1644 844 euentum

160 872 380 912 consistere
403 871 667 911 existimaret.
711 870 815 911 Nam
848 878 887 912 et
918 872 1072 912 honesti
1095 885 1147 912 ex
1167 872 1372 912 iuuentute
1395 878 1433 912 et
1455 871 1643 924 cuiusque
1665 866 1690 909 5

158 940 299 980 aetatis
313 939 541 993 amplissimi
563 939 792 979 nominatim
815 940 967 979 euocati
989 947 1106 993 atque
1117 939 1312 980 obsecrati
1327 940 1436 979 nauis
1450 951 1644 979 conscen-

157 1007 312 1055 derant,
338 1013 394 1054 ut,
419 1006 453 1046 si
474 1006 564 1059 quid
587 1005 744 1046 aduersi
765 1007 994 1058 accidisset,
1019 1022 1067 1048 ne
1090 1008 1137 1048 ad
1159 1008 1377 1048 conandum
1400 1007 1550 1059 quidem
1572 1005 1647 1046 sibi

160 1074 366 1127 quicquam
388 1073 526 1128 reliqui
558 1075 644 1115 fore
673 1075 878 1126 uiderent3
913 1076 946 1116 si
975 1075 1297 1129 superauissent,
1330 1074 1395 1115 uel
1417 1073 1645 1114 domesticis

158 1142 296 1196 opibus
318 1143 380 1182 uel
403 1142 582 1183 externis
605 1142 764 1182 auxiliis
788 1143 834 1183 de
856 1143 983 1184 salute
1006 1143 1113 1184 urbis
1137 1143 1392 1183 confiderent.
1418 1139 1641 1182 Commisso
1664 1138 1692 1183 6

161 1210 308 1264 proelio
330 1208 651 1251 Massiliensibus
673 1224 739 1251 res
763 1210 867 1251 nulla
889 1212 937 1251 ad
961 1211 1147 1252 uirtutem
1172 1211 1314 1261 defuit3
1350 1211 1419 1251 sed
1451 1221 1646 1249 memores

161 1290 293 1317 eorum
317 1285 630 1331 praeceptorum,
656 1292 753 1331 quae
776 1279 889 1332 paulo
913 1286 1004 1319 ante
1027 1279 1073 1318 ab
1096 1279 1176 1319 suis
1199 1285 1452 1332 acceperant,
1478 1277 1549 1317 hoc
1562 1275 1646 1316 ani-

161 1359 223 1384 mo
247 1345 515 1394 decertabant,
545 1352 588 1385 ut
609 1346 755 1385 nullum
779 1346 883 1386 aliud
905 1353 1059 1401 tempus
1082 1347 1128 1387 ad
1153 1347 1370 1387 conandum
1395 1344 1563 1386 habituri
1587 1343 1647 1383 ui-

163 1413 372 1463 derentur,
407 1420 447 1453 et
478 1413 616 1466 quibus
649 1414 688 1453 in
721 1428 849 1468 pugna
881 1415 986 1454 uitae
1020 1415 1235 1468 periculum
1270 1414 1469 1454 accideret
1490 1410 1646 1452 nonita

161 1482 284 1521 multo
316 1495 359 1521 se
389 1481 629 1534 reliquorum
653 1482 795 1522 ciuium
819 1483 939 1522 fatum
962 1483 1199 1523 antecedere
1223 1482 1524 1529 existimarent,
1562 1477 1645 1532 qui-

159 1547 229 1588 bus
261 1549 357 1589 urbe
390 1556 499 1602 capta
533 1550 668 1590 eadem
701 1557 809 1590 esset
830 1550 920 1590 belli
942 1550 1098 1591 fortuna
1121 1551 1318 1604 patienda.
1384 1547 1645 1600 Diductisque
1666 1544 1695 1586 2

159 1617 306 1656 nostris
330 1617 513 1669 paulatim
536 1617 701 1657 nauibus
725 1619 890 1658 artificio
928 1618 1234 1671 gubernatorum
1258 1616 1463 1657 mobilitati
1487 1614 1647 1655 nauium

158 1683 267 1724 locus
290 1684 468 1735 dabatur,
496 1692 535 1725 et
557 1685 587 1724 si
612 1685 765 1738 quando
787 1686 913 1726 nostri
936 1686 1161 1726 facultatem
1177 1686 1282 1726 nacti
1306 1685 1445 1725 ferreis
1467 1683 1646 1723 manibus

157 1752 312 1792 iniectis
344 1766 486 1793 nauem
516 1753 811 1807 religauerant,
844 1754 1014 1807 undique
1045 1754 1127 1794 suis
1149 1753 1418 1794 laborantibus
1441 1764 1649 1792 succurre-

159 1819 268 1859 bant.
310 1819 455 1873 Neque
490 1834 585 1861 uero
617 1821 814 1861 coniuncti
836 1821 988 1862 Albicis
1017 1822 1235 1862 comminus
1259 1822 1468 1876 pugnando
1491 1819 1647 1860 deficie-
1669 1817 1694 1858 3

158 1887 252 1928 bant
273 1901 398 1940 neque
420 1888 583 1928 multum
606 1889 797 1929 cedebant
819 1890 964 1930 uirtute
988 1890 1149 1930 nostris.
1207 1889 1333 1930 Simul
1355 1903 1408 1929 ex
1429 1887 1645 1928 minoribus

162 1954 327 1995 nauibus
350 1969 490 2009 magna
514 1956 571 1996 uis
595 1957 749 1997 eminus
772 1958 889 1998 missa
923 1958 1090 1998 telorum
1121 1957 1240 1998 multa
1263 1956 1411 1997 nostris
1435 1957 1480 1996 de
1502 1955 1647 2008 impro-

161 2024 248 2063 uiso
270 2023 570 2076 inprudentibus
593 2031 708 2077 atque
729 2024 925 2079 impeditis
949 2027 1114 2066 uulnera
1142 2025 1382 2066 inferebant.
1428 2022 1646 2076 Conspica-
1665 2021 1694 2061 4

160 2098 301 2144 taeque
324 2105 445 2132 naues
468 2091 649 2132 triremes
672 2093 770 2133 duae
794 2108 933 2133 nauem
948 2092 999 2133 D.
1015 2092 1147 2144 Bruti,
1172 2107 1270 2147 quae
1294 2106 1346 2132 ex
1364 2092 1509 2145 insigni
1533 2090 1646 2130 facile

159 2159 320 2213 agnosci
342 2166 511 2213 poterat,
538 2160 686 2201 duabus
709 2175 761 2202 ex
783 2161 958 2214 partibus
980 2175 1069 2202 sese
1092 2162 1132 2201 in
1156 2174 1239 2202 eam
1258 2161 1540 2200 incitauerant.
1565 2156 1645 2199 Sed

159 2234 307 2268 tantum
329 2241 373 2269 re
394 2227 711 2282 prouisaBrutus
735 2230 938 2270 celeritate
960 2229 1073 2270 nauis
1097 2229 1230 2270 enisus
1254 2236 1329 2280 est,
1353 2234 1396 2269 ut
1416 2241 1539 2283 paruo
1562 2240 1644 2267 mo-

303 2389 316 2422 1
339 2394 376 2420 ut
393 2399 462 2422 om.
483 2400 529 2421 m.
546 2400 604 2431 pr.
627 2391 658 2422 b.
799 2395 1078 2433 contompnerent
1095 2400 1129 2422 a.
1272 2388 1499 2423 3Trebonia.

161 2438 180 2470 6
199 2448 240 2470 ex
257 2440 400 2481 publicis
419 2442 585 2473 custodiis
605 2452 690 2484 quae
708 2447 768 2474 aut
785 2453 878 2474 muro
901 2444 1003 2474 ‘mssa
1031 2442 1217 2485 plerz‘que’,
1238 2442 1385 2484 publicis
1405 2440 1642 2481 custodiisque

161 2495 220 2521 aut
237 2500 330 2522 muro
348 2502 391 2532 α,·
410 2493 623 2535 publicisque
643 2494 809 2526 custodiis
829 2499 888 2526 aut
905 2505 947 2525 ex
966 2504 1059 2525 muro
1078 2494 1195 2525 Aldus
1213 2504 1247 2525 u.
1268 2493 1310 2525 P.
1334 2493 1409 2526 146.
1565 2501 1643 2523 coe-

162 2540 229 2572 lum
248 2540 312 2582 (a).
451 2554 569 2576 manus
589 2555 657 2576 om.
679 2555 712 2576 a.
857 2544 875 2577 7
895 2545 1126 2576 inmortalium
1145 2555 1179 2576 α.
1335 2545 1355 2576 8
1375 2544 1426 2576 dis
1445 2554 1478 2584 a,
1501 2544 1567 2575 ‘his
1588 2541 1647 2574 uel

161 2593 225 2624 hiis
243 2593 362 2633 mss.'‚·
382 2595 447 2627 diis
466 2607 502 2627 u.
688 2597 706 2628 9
727 2597 758 2628 in
779 2607 847 2628 om.
869 2607 889 2628 α
905 2598 922 2628 b
937 2607 966 2629 c.
1128 2596 1168 2629 10
1187 2595 1395 2638 consistere]
1416 2596 1590 2627 sustinere
1611 2594 1642 2624 b.

306 2645 343 2676 11
367 2646 463 2677 nauis
481 2657 515 2678 a.
658 2647 699 2680 13
719 2648 897 2689 quicquam
916 2658 948 2688 a,
971 2658 1039 2679 non
1060 2647 1256 2689 quidquam.
1412 2646 1451 2678 15
1469 2645 1644 2676 acciderat

163 2706 183 2727 α
202 2699 238 2726 et
252 2698 305 2726 sic
326 2696 397 2727 ‘uel
413 2698 594 2730 accederet
611 2709 694 2731 mss.
713 2700 901 2742 plerique'.
1040 2700 1084 2734 20
1105 2700 1269 2742 pacienda
1289 2710 1323 2731 α.
1474 2697 1509 2731 21
1536 2695 1643 2727 artifi-

164 2747 214 2777 cio
235 2747 253 2777 b
271 2747 291 2779 2
310 2746 413 2788 dett„
435 2753 470 2780 et
486 2749 632 2781 artificio
651 2751 797 2792 reliqui.
818 2751 857 2782 P.
882 2750 956 2783 147.
1098 2751 1140 2785 23
1161 2750 1273 2782 nauim
1294 2751 1327 2781 b.
1467 2748 1509 2781 27
1528 2748 1644 2789 inpru-

164 2797 321 2829 dentibus
339 2808 373 2829 a.
601 2801 646 2834 28
664 2801 785 2841 insigni
804 2802 825 2834 2
843 2801 957 2841 ἀρα-,ς
978 2800 1085 2841 ignia
1099 2811 1127 2842 e,
1149 2801 1226 2842 igne
1246 2800 1279 2841 d,
1301 2800 1408 2840 signis
1430 2800 1460 2831 b.

164 2850 205 2882 2¹.)
226 2859 411 2890 agnoscere
430 2860 464 2882 α.
605 2851 647 2884 30
667 2853 805 2885 denisus
827 2853 857 2884 b.
