<?xml version="1.0" encoding="UTF-8"?>
<!DOCTYPE html PUBLIC "-//W3C//DTD XHTML 1.0 Transitional//EN"
    "http://www.w3.org/TR/xhtml1/DTD/xhtml1-transitional.dtd">
<html xmlns="http://www.w3.org/1999/xhtml" xml:lang="en" lang="en">
 <head>
  <title>
</title>
<meta http-equiv="Content-Type" content="text/html;charset=utf-8" />
  <meta name='ocr-system' content='tesseract 3.04.00' />
  <meta name='ocr-capabilities' content='ocr_page ocr_carea ocr_par ocr_line ocrx_word'/>
</head>
<body>
  <div class='ocr_page' id='page_1' title='image "./commentarii00caesuoft_0400.png"; bbox 0 0 1835 3240; ppageno 0'>
   <div class='ocr_carea' id='block_1_1' title="bbox 119 167 1223 214">
    <p class='ocr_par' dir='ltr' id='par_1_1' title="bbox 119 167 1223 214">
     <span class='ocr_line' id='line_1_1' title="bbox 119 167 1223 214; baseline -0.001 0"><span class='ocrx_word' id='word_1_1' title='bbox 119 172 203 214; x_wconf 85' lang='lat'>390</span> <span class='ocrx_word' id='word_1_2' title='bbox 642 169 716 213; x_wconf 90' lang='lat' dir='ltr'>DE</span> <span class='ocrx_word' id='word_1_3' title='bbox 749 167 939 213; x_wconf 89' lang='lat' dir='ltr'>BELLO</span> <span class='ocrx_word' id='word_1_4' title='bbox 973 168 1223 213; x_wconf 89' lang='lat' dir='ltr'>GALLICO</span> 
     </span>
    </p>
   </div>
   <div class='ocr_carea' id='block_1_2' title="bbox 110 283 1674 2098">
    <p class='ocr_par' dir='ltr' id='par_1_2' title="bbox 118 283 1674 608">
     <span class='ocr_line' id='line_1_2' title="bbox 121 283 1671 338; baseline -0.002 -11"><span class='ocrx_word' id='word_1_5' title='bbox 121 286 170 327; x_wconf 86' lang='lat'>11</span> <span class='ocrx_word' id='word_1_6' title='bbox 195 286 340 327; x_wconf 89' lang='lat' dir='ltr'>habent</span> <span class='ocrx_word' id='word_1_7' title='bbox 355 317 368 335; x_wconf 70' lang='lat'>⁷</span> <span class='ocrx_word' id='word_1_8' title='bbox 401 287 644 327; x_wconf 89' lang='lat' dir='ltr'>conueniunt</span> <span class='ocrx_word' id='word_1_9' title='bbox 664 296 878 337; x_wconf 86' lang='lat' dir='ltr'>eorumque</span> <span class='ocrx_word' id='word_1_10' title='bbox 901 284 1070 323; x_wconf 79' lang='lat' dir='ltr'><strong>decretis</strong></span> <span class='ocrx_word' id='word_1_11' title='bbox 1091 285 1322 338; x_wconf 89' lang='lat' dir='ltr'>iudiciisque</span> <span class='ocrx_word' id='word_1_12' title='bbox 1344 292 1497 338; x_wconf 87' lang='lat' dir='ltr'>parent.</span> <span class='ocrx_word' id='word_1_13' title='bbox 1540 283 1671 325; x_wconf 88' lang='lat' dir='ltr'>Disci-</span> 
     </span>
     <span class='ocr_line' id='line_1_3' title="bbox 193 351 1674 408; baseline -0.003 -13"><span class='ocrx_word' id='word_1_14' title='bbox 193 355 298 408; x_wconf 88' lang='lat' dir='ltr'><strong>plina</strong></span> <span class='ocrx_word' id='word_1_15' title='bbox 318 355 357 395; x_wconf 91' lang='lat' dir='ltr'>in</span> <span class='ocrx_word' id='word_1_16' title='bbox 370 353 577 395; x_wconf 79' lang='lat' dir='ltr'>Britannia</span> <span class='ocrx_word' id='word_1_17' title='bbox 599 359 757 407; x_wconf 86' lang='lat' dir='ltr'>reperta</span> <span class='ocrx_word' id='word_1_18' title='bbox 779 358 894 404; x_wconf 87' lang='lat' dir='ltr'>atque</span> <span class='ocrx_word' id='word_1_19' title='bbox 914 351 1005 392; x_wconf 89' lang='lat' dir='ltr'>inde</span> <span class='ocrx_word' id='word_1_20' title='bbox 1025 352 1065 391; x_wconf 92' lang='lat' dir='ltr'>in</span> <span class='ocrx_word' id='word_1_21' title='bbox 1078 351 1244 392; x_wconf 78' lang='lat' dir='ltr'>Galliam</span> <span class='ocrx_word' id='word_1_22' title='bbox 1268 354 1455 393; x_wconf 86' lang='lat' dir='ltr'>translata</span> <span class='ocrx_word' id='word_1_23' title='bbox 1479 366 1567 393; x_wconf 88' lang='lat' dir='ltr'>esse</span> <span class='ocrx_word' id='word_1_24' title='bbox 1589 352 1674 392; x_wconf 75' lang='lat' dir='ltr'>exi-</span> 
     </span>
     <span class='ocr_line' id='line_1_4' title="bbox 121 419 1669 473; baseline -0.003 -10"><span class='ocrx_word' id='word_1_25' title='bbox 121 421 174 462; x_wconf 77' lang='lat'>12</span> <span class='ocrx_word' id='word_1_26' title='bbox 195 423 401 472; x_wconf 82' lang='lat' dir='ltr'>stimatur,</span> <span class='ocrx_word' id='word_1_27' title='bbox 439 430 478 461; x_wconf 87' lang='lat' dir='ltr'>et</span> <span class='ocrx_word' id='word_1_28' title='bbox 509 435 636 469; x_wconf 81' lang='lat' dir='ltr'>nunc,</span> <span class='ocrx_word' id='word_1_29' title='bbox 670 419 735 472; x_wconf 93' lang='lat' dir='ltr'>qui</span> <span class='ocrx_word' id='word_1_30' title='bbox 767 419 996 473; x_wconf 86' lang='lat' dir='ltr'>diligentius</span> <span class='ocrx_word' id='word_1_31' title='bbox 1027 433 1110 459; x_wconf 89' lang='lat' dir='ltr'>eam</span> <span class='ocrx_word' id='word_1_32' title='bbox 1143 433 1226 460; x_wconf 90' lang='lat' dir='ltr'>rem</span> <span class='ocrx_word' id='word_1_33' title='bbox 1256 432 1497 473; x_wconf 83' lang='lat' dir='ltr'>cognoscere</span> <span class='ocrx_word' id='word_1_34' title='bbox 1518 422 1669 467; x_wconf 79' lang='lat' dir='ltr'>uolunt,</span> 
     </span>
     <span class='ocr_line' id='line_1_5' title="bbox 118 485 1673 543; baseline -0.001 -13"><span class='ocrx_word' id='word_1_35' title='bbox 118 489 173 533; x_wconf 82' lang='lat'>14</span> <span class='ocrx_word' id='word_1_36' title='bbox 195 489 420 543; x_wconf 88' lang='lat' dir='ltr'>plerumque</span> <span class='ocrx_word' id='word_1_37' title='bbox 442 489 509 529; x_wconf 91' lang='lat' dir='ltr'>illo</span> <span class='ocrx_word' id='word_1_38' title='bbox 532 487 705 527; x_wconf 89' lang='lat' dir='ltr'>discendi</span> <span class='ocrx_word' id='word_1_39' title='bbox 729 500 848 527; x_wconf 84' lang='lat' dir='ltr'>eausa</span> <span class='ocrx_word' id='word_1_40' title='bbox 869 487 1188 540; x_wconf 84' lang='lat' dir='ltr'>proficiscuntur.</span> <span class='ocrx_word' id='word_1_41' title='bbox 1248 485 1418 527; x_wconf 89' lang='lat' dir='ltr'>Druides</span> <span class='ocrx_word' id='word_1_42' title='bbox 1439 503 1461 528; x_wconf 85' lang='lat' dir='ltr'>a</span> <span class='ocrx_word' id='word_1_43' title='bbox 1483 488 1584 528; x_wconf 89' lang='lat' dir='ltr'>bello</span> <span class='ocrx_word' id='word_1_44' title='bbox 1607 487 1673 527; x_wconf 83' lang='lat' dir='ltr'>ab·</span> 
     </span>
     <span class='ocr_line' id='line_1_6' title="bbox 193 553 1670 608; baseline -0.001 -11"><span class='ocrx_word' id='word_1_45' title='bbox 193 571 280 597; x_wconf 89' lang='lat' dir='ltr'>esse</span> <span class='ocrx_word' id='word_1_46' title='bbox 303 562 546 597; x_wconf 86' lang='lat' dir='ltr'>consuerunt</span> <span class='ocrx_word' id='word_1_47' title='bbox 567 568 693 607; x_wconf 89' lang='lat' dir='ltr'>neque</span> <span class='ocrx_word' id='word_1_48' title='bbox 717 553 861 594; x_wconf 88' lang='lat' dir='ltr'>tributa</span> <span class='ocrx_word' id='word_1_49' title='bbox 884 568 962 595; x_wconf 88' lang='lat' dir='ltr'>una</span> <span class='ocrx_word' id='word_1_50' title='bbox 985 569 1070 594; x_wconf 90' lang='lat' dir='ltr'>cum</span> <span class='ocrx_word' id='word_1_51' title='bbox 1093 555 1255 608; x_wconf 89' lang='lat' dir='ltr'>reliquis</span> <span class='ocrx_word' id='word_1_52' title='bbox 1279 555 1474 608; x_wconf 83' lang='lat' dir='ltr'>pendunt,</span> <span class='ocrx_word' id='word_1_53' title='bbox 1510 555 1670 595; x_wconf 87' lang='lat' dir='ltr'>militiae</span> 
     </span>
    </p>

    <p class='ocr_par' dir='ltr' id='par_1_3' title="bbox 145 621 1673 744">
     <span class='ocr_line' id='line_1_7' title="bbox 145 621 1673 678; baseline -0.001 -14"><span class='ocrx_word' id='word_1_54' title='bbox 145 624 172 664; x_wconf 80' lang='lat'><strong>2</strong></span> <span class='ocrx_word' id='word_1_55' title='bbox 193 626 439 664; x_wconf 85' lang='lat' dir='ltr'>uacationem</span> <span class='ocrx_word' id='word_1_56' title='bbox 461 622 712 678; x_wconf 89' lang='lat' dir='ltr'>omniumque</span> <span class='ocrx_word' id='word_1_57' title='bbox 733 636 865 663; x_wconf 90' lang='lat' dir='ltr'>rerum</span> <span class='ocrx_word' id='word_1_58' title='bbox 889 623 1032 663; x_wconf 87' lang='lat' dir='ltr'>habent</span> <span class='ocrx_word' id='word_1_59' title='bbox 1053 623 1343 663; x_wconf 85' lang='lat' dir='ltr'>inmunitatem.</span> <span class='ocrx_word' id='word_1_60' title='bbox 1398 621 1541 663; x_wconf 85' lang='lat' dir='ltr'>Tantis</span> <span class='ocrx_word' id='word_1_61' title='bbox 1564 623 1673 663; x_wconf 83' lang='lat' dir='ltr'>exci-</span> 
     </span>
     <span class='ocr_line' id='line_1_8' title="bbox 193 691 1671 744; baseline -0.001 -14"><span class='ocrx_word' id='word_1_62' title='bbox 193 693 263 731; x_wconf 88' lang='lat' dir='ltr'>tati</span> <span class='ocrx_word' id='word_1_63' title='bbox 286 691 470 744; x_wconf 90' lang='lat' dir='ltr'>praemiis</span> <span class='ocrx_word' id='word_1_64' title='bbox 502 697 541 730; x_wconf 91' lang='lat' dir='ltr'>et</span> <span class='ocrx_word' id='word_1_65' title='bbox 568 705 639 731; x_wconf 90' lang='lat' dir='ltr'>sua</span> <span class='ocrx_word' id='word_1_66' title='bbox 670 697 810 744; x_wconf 88' lang='lat' dir='ltr'>sponte</span> <span class='ocrx_word' id='word_1_67' title='bbox 842 691 952 731; x_wconf 89' lang='lat' dir='ltr'>multi</span> <span class='ocrx_word' id='word_1_68' title='bbox 982 691 1021 731; x_wconf 87' lang='lat' dir='ltr'>in</span> <span class='ocrx_word' id='word_1_69' title='bbox 1053 691 1297 744; x_wconf 79' lang='lat' dir='ltr'>disciplinam</span> <span class='ocrx_word' id='word_1_70' title='bbox 1328 691 1569 730; x_wconf 89' lang='lat' dir='ltr'>conueniunt</span> <span class='ocrx_word' id='word_1_71' title='bbox 1590 698 1630 730; x_wconf 86' lang='lat' dir='ltr'>et</span> <span class='ocrx_word' id='word_1_72' title='bbox 1650 703 1671 730; x_wconf 89' lang='lat' dir='ltr'>a</span> 
     </span>
    </p>

    <p class='ocr_par' dir='ltr' id='par_1_4' title="bbox 145 757 1673 1016">
     <span class='ocr_line' id='line_1_9' title="bbox 145 757 1672 812; baseline -0.001 -14"><span class='ocrx_word' id='word_1_73' title='bbox 145 758 170 798; x_wconf 85' lang='lat'><strong>3</strong></span> <span class='ocrx_word' id='word_1_74' title='bbox 191 759 418 812; x_wconf 89' lang='lat' dir='ltr'>parentibus</span> <span class='ocrx_word' id='word_1_75' title='bbox 442 759 746 812; x_wconf 84' lang='lat' dir='ltr'>propinquisque</span> <span class='ocrx_word' id='word_1_76' title='bbox 768 759 991 798; x_wconf 89' lang='lat' dir='ltr'>mittuntur.</span> <span class='ocrx_word' id='word_1_77' title='bbox 1053 757 1244 812; x_wconf 84' lang='lat' dir='ltr'>Magnum</span> <span class='ocrx_word' id='word_1_78' title='bbox 1272 759 1326 799; x_wconf 88' lang='lat' dir='ltr'>ibi</span> <span class='ocrx_word' id='word_1_79' title='bbox 1359 769 1562 798; x_wconf 85' lang='lat' dir='ltr'>numerum</span> <span class='ocrx_word' id='word_1_80' title='bbox 1586 770 1672 797; x_wconf 88' lang='lat' dir='ltr'>uer-</span> 
     </span>
     <span class='ocr_line' id='line_1_10' title="bbox 193 825 1672 883; baseline -0.001 -16"><span class='ocrx_word' id='word_1_81' title='bbox 193 840 304 867; x_wconf 86' lang='lat' dir='ltr'><strong>suum</strong></span> <span class='ocrx_word' id='word_1_82' title='bbox 328 826 503 866; x_wconf 82' lang='lat' dir='ltr'>ediscere</span> <span class='ocrx_word' id='word_1_83' title='bbox 526 827 719 866; x_wconf 88' lang='lat' dir='ltr'>dicuutur.</span> <span class='ocrx_word' id='word_1_84' title='bbox 774 825 913 883; x_wconf 87' lang='lat' dir='ltr'>Itaque</span> <span class='ocrx_word' id='word_1_85' title='bbox 945 839 1070 866; x_wconf 90' lang='lat' dir='ltr'>annos</span> <span class='ocrx_word' id='word_1_86' title='bbox 1101 826 1279 866; x_wconf 88' lang='lat' dir='ltr'>nonnulli</span> <span class='ocrx_word' id='word_1_87' title='bbox 1309 826 1471 866; x_wconf 85' lang='lat' dir='ltr'>uicenos</span> <span class='ocrx_word' id='word_1_88' title='bbox 1494 826 1533 865; x_wconf 90' lang='lat' dir='ltr'>in</span> <span class='ocrx_word' id='word_1_89' title='bbox 1556 825 1672 865; x_wconf 82' lang='lat' dir='ltr'>disei-</span> 
     </span>
     <span class='ocr_line' id='line_1_11' title="bbox 190 893 1671 950; baseline -0.001 -17"><span class='ocrx_word' id='word_1_90' title='bbox 190 894 294 946; x_wconf 90' lang='lat' dir='ltr'>plina</span> <span class='ocrx_word' id='word_1_91' title='bbox 316 901 561 946; x_wconf 82' lang='lat' dir='ltr'>permanent.</span> <span class='ocrx_word' id='word_1_92' title='bbox 622 893 767 950; x_wconf 88' lang='lat' dir='ltr'>Neque</span> <span class='ocrx_word' id='word_1_93' title='bbox 790 896 848 935; x_wconf 88' lang='lat' dir='ltr'>fas</span> <span class='ocrx_word' id='word_1_94' title='bbox 871 907 959 935; x_wconf 91' lang='lat' dir='ltr'>esse</span> <span class='ocrx_word' id='word_1_95' title='bbox 982 894 1216 934; x_wconf 83' lang='lat' dir='ltr'>existimant</span> <span class='ocrx_word' id='word_1_96' title='bbox 1237 907 1283 934; x_wconf 87' lang='lat' dir='ltr'>ea</span> <span class='ocrx_word' id='word_1_97' title='bbox 1304 894 1447 934; x_wconf 85' lang='lat' dir='ltr'>litteris</span> <span class='ocrx_word' id='word_1_98' title='bbox 1471 893 1671 942; x_wconf 84' lang='lat' dir='ltr'>mandare,</span> 
     </span>
     <span class='ocr_line' id='line_1_12' title="bbox 192 959 1673 1016; baseline 0 -16"><span class='ocrx_word' id='word_1_99' title='bbox 192 974 279 1000; x_wconf 90' lang='lat' dir='ltr'>cum</span> <span class='ocrx_word' id='word_1_100' title='bbox 301 962 339 1001; x_wconf 91' lang='lat' dir='ltr'>in</span> <span class='ocrx_word' id='word_1_101' title='bbox 362 962 523 1014; x_wconf 89' lang='lat' dir='ltr'>reliquis</span> <span class='ocrx_word' id='word_1_102' title='bbox 547 963 629 1002; x_wconf 88' lang='lat' dir='ltr'>fere</span> <span class='ocrx_word' id='word_1_103' title='bbox 649 962 786 1012; x_wconf 83' lang='lat' dir='ltr'>rebus,</span> <span class='ocrx_word' id='word_1_104' title='bbox 814 962 977 1016; x_wconf 91' lang='lat' dir='ltr'>publicis</span> <span class='ocrx_word' id='word_1_105' title='bbox 1000 962 1241 1016; x_wconf 88' lang='lat' dir='ltr'>priuatisque</span> <span class='ocrx_word' id='word_1_106' title='bbox 1263 960 1485 1001; x_wconf 87' lang='lat' dir='ltr'>rationibus</span> <span class='ocrx_word' id='word_1_107' title='bbox 1507 959 1673 1000; x_wconf 87' lang='lat' dir='ltr'>Graecis</span> 
     </span>
    </p>

    <p class='ocr_par' dir='ltr' id='par_1_5' title="bbox 143 1027 1674 1287">
     <span class='ocr_line' id='line_1_13' title="bbox 143 1027 1670 1077; baseline 0.001 -11"><span class='ocrx_word' id='word_1_108' title='bbox 143 1027 169 1066; x_wconf 84' lang='lat'>4</span> <span class='ocrx_word' id='word_1_109' title='bbox 191 1027 333 1068; x_wconf 90' lang='lat' dir='ltr'>litteris</span> <span class='ocrx_word' id='word_1_110' title='bbox 366 1036 538 1070; x_wconf 90' lang='lat' dir='ltr'>utantur.</span> <span class='ocrx_word' id='word_1_111' title='bbox 598 1028 641 1069; x_wconf 94' lang='lat' dir='ltr'>Id</span> <span class='ocrx_word' id='word_1_112' title='bbox 672 1029 765 1070; x_wconf 92' lang='lat' dir='ltr'>mihi</span> <span class='ocrx_word' id='word_1_113' title='bbox 797 1030 945 1070; x_wconf 87' lang='lat' dir='ltr'>duabus</span> <span class='ocrx_word' id='word_1_114' title='bbox 978 1031 1025 1070; x_wconf 92' lang='lat' dir='ltr'>de</span> <span class='ocrx_word' id='word_1_115' title='bbox 1057 1029 1188 1070; x_wconf 84' lang='lat' dir='ltr'>causis</span> <span class='ocrx_word' id='word_1_116' title='bbox 1218 1029 1438 1069; x_wconf 72' lang='lat' dir='ltr'>instituisse</span> <span class='ocrx_word' id='word_1_117' title='bbox 1469 1029 1670 1077; x_wconf 85' lang='lat' dir='ltr'>uidentur,</span> 
     </span>
     <span class='ocr_line' id='line_1_14' title="bbox 191 1095 1674 1151; baseline 0 -16"><span class='ocrx_word' id='word_1_118' title='bbox 191 1096 291 1148; x_wconf 93' lang='lat' dir='ltr'>quod</span> <span class='ocrx_word' id='word_1_119' title='bbox 321 1109 446 1150; x_wconf 89' lang='lat' dir='ltr'>neque</span> <span class='ocrx_word' id='word_1_120' title='bbox 479 1098 518 1137; x_wconf 90' lang='lat' dir='ltr'>in</span> <span class='ocrx_word' id='word_1_121' title='bbox 548 1098 707 1150; x_wconf 83' lang='lat' dir='ltr'>uulgum</span> <span class='ocrx_word' id='word_1_122' title='bbox 738 1097 978 1151; x_wconf 82' lang='lat' dir='ltr'>disciplinam</span> <span class='ocrx_word' id='word_1_123' title='bbox 1010 1097 1140 1138; x_wconf 85' lang='lat' dir='ltr'>efferri</span> <span class='ocrx_word' id='word_1_124' title='bbox 1171 1097 1293 1137; x_wconf 88' lang='lat' dir='ltr'>uelint</span> <span class='ocrx_word' id='word_1_125' title='bbox 1323 1110 1449 1150; x_wconf 91' lang='lat' dir='ltr'>neque</span> <span class='ocrx_word' id='word_1_126' title='bbox 1481 1110 1572 1145; x_wconf 85' lang='lat' dir='ltr'>eos,</span> <span class='ocrx_word' id='word_1_127' title='bbox 1607 1095 1674 1151; x_wconf 87' lang='lat' dir='ltr'>qui</span> 
     </span>
     <span class='ocr_line' id='line_1_15' title="bbox 189 1155 1673 1217; baseline 0 -15"><span class='ocrx_word' id='word_1_128' title='bbox 189 1162 371 1214; x_wconf 84' lang='lat' dir='ltr'>discunt,</span> <span class='ocrx_word' id='word_1_129' title='bbox 407 1164 550 1205; x_wconf 89' lang='lat' dir='ltr'>litteris</span> <span class='ocrx_word' id='word_1_130' title='bbox 574 1166 743 1206; x_wconf 88' lang='lat' dir='ltr'>confisos</span> <span class='ocrx_word' id='word_1_131' title='bbox 765 1166 893 1205; x_wconf 89' lang='lat' dir='ltr'>minus</span> <span class='ocrx_word' id='word_1_132' title='bbox 914 1166 1126 1206; x_wconf 81' lang='lat' dir='ltr'>memoriae</span> <span class='ocrx_word' id='word_1_133' title='bbox 1149 1165 1331 1215; x_wconf 81' lang='lat' dir='ltr'>studere3</span> <span class='ocrx_word' id='word_1_134' title='bbox 1352 1155 1467 1217; x_wconf 37' lang='lat' dir='ltr'>‘quod</span> <span class='ocrx_word' id='word_1_135' title='bbox 1489 1165 1571 1203; x_wconf 87' lang='lat' dir='ltr'>fere</span> <span class='ocrx_word' id='word_1_136' title='bbox 1593 1163 1673 1217; x_wconf 89' lang='lat' dir='ltr'>ple—</span> 
     </span>
     <span class='ocr_line' id='line_1_16' title="bbox 189 1231 1674 1287; baseline 0 -17"><span class='ocrx_word' id='word_1_137' title='bbox 189 1231 324 1284; x_wconf 90' lang='lat' dir='ltr'>risque</span> <span class='ocrx_word' id='word_1_138' title='bbox 346 1233 509 1282; x_wconf 82' lang='lat' dir='ltr'>accidit,</span> <span class='ocrx_word' id='word_1_139' title='bbox 545 1239 587 1273; x_wconf 89' lang='lat' dir='ltr'>ut</span> <span class='ocrx_word' id='word_1_140' title='bbox 618 1233 813 1287; x_wconf 88' lang='lat' dir='ltr'>praesidio</span> <span class='ocrx_word' id='word_1_141' title='bbox 844 1233 1063 1273; x_wconf 85' lang='lat' dir='ltr'>litterarum</span> <span class='ocrx_word' id='word_1_142' title='bbox 1094 1233 1333 1287; x_wconf 79' lang='lat' dir='ltr'>diligentiam</span> <span class='ocrx_word' id='word_1_143' title='bbox 1355 1231 1396 1271; x_wconf 88' lang='lat' dir='ltr'>in</span> <span class='ocrx_word' id='word_1_144' title='bbox 1417 1231 1674 1284; x_wconf 88' lang='lat' dir='ltr'>perdiscendo</span> 
     </span>
    </p>

    <p class='ocr_par' dir='ltr' id='par_1_6' title="bbox 143 1296 1674 1490">
     <span class='ocr_line' id='line_1_17' title="bbox 143 1296 1674 1354; baseline 0 -17"><span class='ocrx_word' id='word_1_145' title='bbox 143 1296 167 1337; x_wconf 88' lang='lat'>5</span> <span class='ocrx_word' id='word_1_146' title='bbox 190 1311 235 1337; x_wconf 90' lang='lat' dir='ltr'>ac</span> <span class='ocrx_word' id='word_1_147' title='bbox 258 1299 483 1339; x_wconf 89' lang='lat' dir='ltr'>memoriam</span> <span class='ocrx_word' id='word_1_148' title='bbox 506 1301 723 1340; x_wconf 85' lang='lat' dir='ltr'>remittant.</span> <span class='ocrx_word' id='word_1_149' title='bbox 766 1299 951 1354; x_wconf 87' lang='lat' dir='ltr'>Inprimis</span> <span class='ocrx_word' id='word_1_150' title='bbox 974 1301 1046 1341; x_wconf 88' lang='lat' dir='ltr'>hoc</span> <span class='ocrx_word' id='word_1_151' title='bbox 1070 1300 1208 1340; x_wconf 86' lang='lat' dir='ltr'>uolunt</span> <span class='ocrx_word' id='word_1_152' title='bbox 1229 1299 1484 1353; x_wconf 85' lang='lat' dir='ltr'>persuadere,</span> <span class='ocrx_word' id='word_1_153' title='bbox 1514 1311 1592 1338; x_wconf 92' lang='lat' dir='ltr'>non</span> <span class='ocrx_word' id='word_1_154' title='bbox 1614 1298 1674 1337; x_wconf 91' lang='lat' dir='ltr'>in—</span> 
     </span>
     <span class='ocr_line' id='line_1_18' title="bbox 191 1365 1672 1422; baseline 0.001 -18"><span class='ocrx_word' id='word_1_155' title='bbox 191 1365 312 1405; x_wconf 91' lang='lat' dir='ltr'>terire</span> <span class='ocrx_word' id='word_1_156' title='bbox 334 1367 509 1416; x_wconf 78' lang='lat' dir='ltr'>animas,</span> <span class='ocrx_word' id='word_1_157' title='bbox 547 1369 616 1408; x_wconf 85' lang='lat' dir='ltr'>sed</span> <span class='ocrx_word' id='word_1_158' title='bbox 648 1367 694 1408; x_wconf 87' lang='lat' dir='ltr'>ab</span> <span class='ocrx_word' id='word_1_159' title='bbox 717 1368 803 1409; x_wconf 90' lang='lat' dir='ltr'>aliis</span> <span class='ocrx_word' id='word_1_160' title='bbox 826 1375 913 1422; x_wconf 91' lang='lat' dir='ltr'>post</span> <span class='ocrx_word' id='word_1_161' title='bbox 935 1375 1101 1408; x_wconf 90' lang='lat' dir='ltr'>mortem</span> <span class='ocrx_word' id='word_1_162' title='bbox 1125 1367 1295 1407; x_wconf 87' lang='lat' dir='ltr'>transire</span> <span class='ocrx_word' id='word_1_163' title='bbox 1317 1367 1364 1406; x_wconf 88' lang='lat' dir='ltr'>ad</span> <span class='ocrx_word' id='word_1_164' title='bbox 1396 1367 1495 1406; x_wconf 91' lang='lat' dir='ltr'>alios</span> <span class='ocrx_word' id='word_1_165' title='bbox 1511 1396 1521 1416; x_wconf 85' lang='lat'><strong>‚</strong></span> <span class='ocrx_word' id='word_1_166' title='bbox 1555 1372 1672 1418; x_wconf 87' lang='lat' dir='ltr'>atque</span> 
     </span>
     <span class='ocr_line' id='line_1_19' title="bbox 189 1431 1670 1490; baseline 0 -18"><span class='ocrx_word' id='word_1_167' title='bbox 189 1431 261 1473; x_wconf 87' lang='lat' dir='ltr'>hoc</span> <span class='ocrx_word' id='word_1_168' title='bbox 291 1434 463 1475; x_wconf 88' lang='lat' dir='ltr'>maxime</span> <span class='ocrx_word' id='word_1_169' title='bbox 492 1436 540 1475; x_wconf 88' lang='lat' dir='ltr'>ad</span> <span class='ocrx_word' id='word_1_170' title='bbox 573 1436 760 1476; x_wconf 90' lang='lat' dir='ltr'>uirtutem</span> <span class='ocrx_word' id='word_1_171' title='bbox 791 1436 960 1476; x_wconf 80' lang='lat' dir='ltr'>excitari</span> <span class='ocrx_word' id='word_1_172' title='bbox 1001 1442 1138 1490; x_wconf 89' lang='lat' dir='ltr'>putant</span> <span class='ocrx_word' id='word_1_173' title='bbox 1167 1442 1274 1475; x_wconf 88' lang='lat' dir='ltr'>metu</span> <span class='ocrx_word' id='word_1_174' title='bbox 1307 1435 1443 1475; x_wconf 91' lang='lat' dir='ltr'>mortis</span> <span class='ocrx_word' id='word_1_175' title='bbox 1475 1433 1670 1487; x_wconf 87' lang='lat' dir='ltr'>neglecto.</span> 
     </span>
    </p>

    <p class='ocr_par' dir='ltr' id='par_1_7' title="bbox 112 1498 1674 1897">
     <span class='ocr_line' id='line_1_20' title="bbox 139 1498 1674 1557; baseline 0.001 -18"><span class='ocrx_word' id='word_1_176' title='bbox 139 1498 166 1539; x_wconf 87' lang='grc'>6</span> <span class='ocrx_word' id='word_1_177' title='bbox 187 1498 316 1541; x_wconf 87' lang='lat' dir='ltr'>Multa</span> <span class='ocrx_word' id='word_1_178' title='bbox 338 1510 540 1555; x_wconf 88' lang='lat' dir='ltr'>praeterea</span> <span class='ocrx_word' id='word_1_179' title='bbox 566 1504 612 1544; x_wconf 92' lang='lat' dir='ltr'>de</span> <span class='ocrx_word' id='word_1_180' title='bbox 633 1503 827 1544; x_wconf 89' lang='lat' dir='ltr'>sideribus</span> <span class='ocrx_word' id='word_1_181' title='bbox 850 1511 967 1557; x_wconf 84' lang='lat' dir='ltr'>atque</span> <span class='ocrx_word' id='word_1_182' title='bbox 990 1517 1122 1544; x_wconf 86' lang='lat' dir='ltr'>eorum</span> <span class='ocrx_word' id='word_1_183' title='bbox 1148 1510 1276 1554; x_wconf 81' lang='lat' dir='ltr'>motu,</span> <span class='ocrx_word' id='word_1_184' title='bbox 1304 1504 1350 1543; x_wconf 92' lang='lat' dir='ltr'>de</span> <span class='ocrx_word' id='word_1_185' title='bbox 1371 1502 1505 1542; x_wconf 88' lang='lat' dir='ltr'>mundi</span> <span class='ocrx_word' id='word_1_186' title='bbox 1526 1515 1572 1541; x_wconf 87' lang='lat' dir='ltr'>ac</span> <span class='ocrx_word' id='word_1_187' title='bbox 1595 1508 1674 1541; x_wconf 88' lang='lat' dir='ltr'>ter-</span> 
     </span>
     <span class='ocr_line' id='line_1_21' title="bbox 185 1568 1674 1625; baseline 0 -18"><span class='ocrx_word' id='word_1_188' title='bbox 185 1582 317 1609; x_wconf 90' lang='lat' dir='ltr'>rarum</span> <span class='ocrx_word' id='word_1_189' title='bbox 340 1571 609 1625; x_wconf 87' lang='lat' dir='ltr'>magnitudine</span> <span class='ocrx_word' id='word_1_190' title='bbox 624 1603 634 1623; x_wconf 85' lang='lat'><strong><em>‚</em></strong></span> <span class='ocrx_word' id='word_1_191' title='bbox 675 1573 721 1612; x_wconf 93' lang='lat' dir='ltr'>de</span> <span class='ocrx_word' id='word_1_192' title='bbox 743 1585 876 1612; x_wconf 89' lang='lat' dir='ltr'>rerum</span> <span class='ocrx_word' id='word_1_193' title='bbox 901 1580 1042 1612; x_wconf 89' lang='lat' dir='ltr'>natura</span> <span class='ocrx_word' id='word_1_194' title='bbox 1057 1603 1067 1621; x_wconf 79' lang='grc'>,</span> <span class='ocrx_word' id='word_1_195' title='bbox 1102 1573 1148 1612; x_wconf 91' lang='lat' dir='ltr'>de</span> <span class='ocrx_word' id='word_1_196' title='bbox 1170 1572 1328 1612; x_wconf 88' lang='lat' dir='ltr'>deorum</span> <span class='ocrx_word' id='word_1_197' title='bbox 1349 1569 1614 1610; x_wconf 88' lang='lat' dir='ltr'>inmortalium</span> <span class='ocrx_word' id='word_1_198' title='bbox 1635 1568 1674 1607; x_wconf 93' lang='lat' dir='ltr'>ui</span> 
     </span>
     <span class='ocr_line' id='line_1_22' title="bbox 112 1635 1672 1693; baseline -0.002 -15"><span class='ocrx_word' id='word_1_199' title='bbox 112 1635 165 1679; x_wconf 82' lang='grc'>15</span> <span class='ocrx_word' id='word_1_200' title='bbox 187 1650 231 1676; x_wconf 85' lang='lat' dir='ltr'>ae</span> <span class='ocrx_word' id='word_1_201' title='bbox 263 1644 461 1691; x_wconf 86' lang='lat' dir='ltr'>potestate</span> <span class='ocrx_word' id='word_1_202' title='bbox 494 1639 694 1693; x_wconf 85' lang='lat' dir='ltr'>disputant</span> <span class='ocrx_word' id='word_1_203' title='bbox 724 1647 763 1680; x_wconf 91' lang='lat' dir='ltr'>et</span> <span class='ocrx_word' id='word_1_204' title='bbox 790 1640 983 1680; x_wconf 89' lang='lat' dir='ltr'>iuuentuti</span> <span class='ocrx_word' id='word_1_205' title='bbox 1015 1640 1189 1680; x_wconf 86' lang='lat' dir='ltr'>tradunt.</span> <span class='ocrx_word' id='word_1_206' title='bbox 1243 1639 1423 1679; x_wconf 89' lang='lat' dir='ltr'>Alterum</span> <span class='ocrx_word' id='word_1_207' title='bbox 1455 1651 1579 1691; x_wconf 88' lang='lat' dir='ltr'>genus</span> <span class='ocrx_word' id='word_1_208' title='bbox 1611 1642 1672 1676; x_wconf 91' lang='lat' dir='ltr'>est</span> 
     </span>
     <span class='ocr_line' id='line_1_23' title="bbox 187 1705 1672 1761; baseline -0.001 -17"><span class='ocrx_word' id='word_1_209' title='bbox 187 1705 374 1757; x_wconf 89' lang='lat' dir='ltr'>equitum.</span> <span class='ocrx_word' id='word_1_210' title='bbox 410 1705 479 1755; x_wconf 85' lang='lat' dir='ltr'>Hi,</span> <span class='ocrx_word' id='word_1_211' title='bbox 505 1721 591 1746; x_wconf 89' lang='lat' dir='ltr'>cum</span> <span class='ocrx_word' id='word_1_212' title='bbox 613 1714 673 1747; x_wconf 89' lang='lat' dir='ltr'>est</span> <span class='ocrx_word' id='word_1_213' title='bbox 694 1721 788 1748; x_wconf 91' lang='lat' dir='ltr'>usus</span> <span class='ocrx_word' id='word_1_214' title='bbox 810 1715 924 1761; x_wconf 86' lang='lat' dir='ltr'>atque</span> <span class='ocrx_word' id='word_1_215' title='bbox 947 1708 1102 1760; x_wconf 91' lang='lat' dir='ltr'>aliquod</span> <span class='ocrx_word' id='word_1_216' title='bbox 1123 1707 1267 1747; x_wconf 87' lang='lat' dir='ltr'>bellum</span> <span class='ocrx_word' id='word_1_217' title='bbox 1289 1706 1427 1746; x_wconf 85' lang='lat' dir='ltr'>incidit</span> <span class='ocrx_word' id='word_1_218' title='bbox 1447 1705 1568 1758; x_wconf 84' lang='lat' dir='ltr'>(quod</span> <span class='ocrx_word' id='word_1_219' title='bbox 1590 1705 1672 1744; x_wconf 87' lang='lat' dir='ltr'>fere</span> 
     </span>
     <span class='ocr_line' id='line_1_24' title="bbox 186 1771 1672 1828; baseline -0.001 -17"><span class='ocrx_word' id='word_1_220' title='bbox 186 1779 277 1811; x_wconf 88' lang='lat' dir='ltr'>ante</span> <span class='ocrx_word' id='word_1_221' title='bbox 301 1771 489 1813; x_wconf 85' lang='lat' dir='ltr'>Caesaris</span> <span class='ocrx_word' id='word_1_222' title='bbox 520 1775 727 1815; x_wconf 87' lang='lat' dir='ltr'>aduentum</span> <span class='ocrx_word' id='word_1_223' title='bbox 761 1776 969 1828; x_wconf 90' lang='lat' dir='ltr'>quotannis</span> <span class='ocrx_word' id='word_1_224' title='bbox 1001 1775 1184 1814; x_wconf 77' lang='lat' dir='ltr'>accidere</span> <span class='ocrx_word' id='word_1_225' title='bbox 1206 1774 1381 1821; x_wconf 77' lang='lat' dir='ltr'>solebat,</span> <span class='ocrx_word' id='word_1_226' title='bbox 1414 1773 1471 1812; x_wconf 89' lang='lat' dir='ltr'>uti</span> <span class='ocrx_word' id='word_1_227' title='bbox 1502 1779 1568 1812; x_wconf 91' lang='lat' dir='ltr'>aut</span> <span class='ocrx_word' id='word_1_228' title='bbox 1596 1771 1672 1825; x_wconf 88' lang='lat' dir='ltr'>ipsi</span> 
     </span>
     <span class='ocr_line' id='line_1_25' title="bbox 186 1839 1671 1897; baseline 0 -19"><span class='ocrx_word' id='word_1_229' title='bbox 186 1839 352 1880; x_wconf 89' lang='lat' dir='ltr'>iniurias</span> <span class='ocrx_word' id='word_1_230' title='bbox 374 1841 566 1881; x_wconf 86' lang='lat' dir='ltr'>inferrent</span> <span class='ocrx_word' id='word_1_231' title='bbox 589 1849 655 1882; x_wconf 86' lang='lat' dir='ltr'>aut</span> <span class='ocrx_word' id='word_1_232' title='bbox 676 1843 819 1883; x_wconf 87' lang='lat' dir='ltr'>inlatas</span> <span class='ocrx_word' id='word_1_233' title='bbox 833 1843 1145 1897; x_wconf 79' lang='lat' dir='ltr'>propulsarent),</span> <span class='ocrx_word' id='word_1_234' title='bbox 1172 1855 1307 1882; x_wconf 90' lang='lat' dir='ltr'>omnes</span> <span class='ocrx_word' id='word_1_235' title='bbox 1329 1841 1369 1881; x_wconf 93' lang='lat' dir='ltr'>in</span> <span class='ocrx_word' id='word_1_236' title='bbox 1391 1839 1493 1880; x_wconf 89' lang='lat' dir='ltr'>bello</span> <span class='ocrx_word' id='word_1_237' title='bbox 1509 1851 1671 1880; x_wconf 84' lang='lat' dir='ltr'>uersan-</span> 
     </span>
    </p>

    <p class='ocr_par' dir='ltr' id='par_1_8' title="bbox 110 1905 1672 2098">
     <span class='ocr_line' id='line_1_26' title="bbox 137 1905 1672 1963; baseline -0.001 -17"><span class='ocrx_word' id='word_1_238' title='bbox 137 1905 166 1946; x_wconf 76' lang='lat'><strong>2</strong></span> <span class='ocrx_word' id='word_1_239' title='bbox 186 1914 266 1957; x_wconf 80' lang='lat' dir='ltr'>tur,</span> <span class='ocrx_word' id='word_1_240' title='bbox 291 1915 407 1960; x_wconf 87' lang='lat' dir='ltr'>atque</span> <span class='ocrx_word' id='word_1_241' title='bbox 429 1922 565 1949; x_wconf 89' lang='lat' dir='ltr'>eorum</span> <span class='ocrx_word' id='word_1_242' title='bbox 588 1917 632 1950; x_wconf 90' lang='lat' dir='ltr'>ut</span> <span class='ocrx_word' id='word_1_243' title='bbox 652 1910 817 1963; x_wconf 87' lang='lat' dir='ltr'>quisque</span> <span class='ocrx_word' id='word_1_244' title='bbox 839 1918 899 1951; x_wconf 90' lang='lat' dir='ltr'>est</span> <span class='ocrx_word' id='word_1_245' title='bbox 920 1925 1065 1963; x_wconf 84' lang='lat' dir='ltr'>genere</span> <span class='ocrx_word' id='word_1_246' title='bbox 1088 1910 1287 1963; x_wconf 86' lang='lat' dir='ltr'>copiisque</span> <span class='ocrx_word' id='word_1_247' title='bbox 1310 1907 1589 1961; x_wconf 84' lang='lat' dir='ltr'>amplissimus,</span> <span class='ocrx_word' id='word_1_248' title='bbox 1617 1907 1672 1946; x_wconf 85' lang='lat' dir='ltr'>ita</span> 
     </span>
     <span class='ocr_line' id='line_1_27' title="bbox 186 1975 1670 2031; baseline 0 -17"><span class='ocrx_word' id='word_1_249' title='bbox 186 1975 374 2028; x_wconf 89' lang='lat' dir='ltr'>plurimos</span> <span class='ocrx_word' id='word_1_250' title='bbox 397 1977 543 2017; x_wconf 84' lang='lat' dir='ltr'>circum</span> <span class='ocrx_word' id='word_1_251' title='bbox 566 1991 608 2018; x_wconf 88' lang='lat' dir='ltr'>se</span> <span class='ocrx_word' id='word_1_252' title='bbox 631 1978 832 2018; x_wconf 83' lang='lat' dir='ltr'>ambactos</span> <span class='ocrx_word' id='word_1_253' title='bbox 858 1979 1101 2031; x_wconf 85' lang='lat' dir='ltr'>clientesque</span> <span class='ocrx_word' id='word_1_254' title='bbox 1124 1978 1252 2017; x_wconf 90' lang='lat' dir='ltr'>habet.</span> <span class='ocrx_word' id='word_1_255' title='bbox 1306 1975 1421 2016; x_wconf 77' lang='lat' dir='ltr'>Hane</span> <span class='ocrx_word' id='word_1_256' title='bbox 1443 1989 1558 2015; x_wconf 90' lang='lat' dir='ltr'>unam</span> <span class='ocrx_word' id='word_1_257' title='bbox 1581 1988 1670 2028; x_wconf 83' lang='lat' dir='ltr'>gra-</span> 
     </span>
     <span class='ocr_line' id='line_1_28' title="bbox 110 2041 1668 2098; baseline -0.003 -13"><span class='ocrx_word' id='word_1_258' title='bbox 110 2041 164 2085; x_wconf 85' lang='grc'>16</span> <span class='ocrx_word' id='word_1_259' title='bbox 187 2043 280 2083; x_wconf 85' lang='lat' dir='ltr'>tiam</span> <span class='ocrx_word' id='word_1_260' title='bbox 304 2045 595 2098; x_wconf 87' lang='lat' dir='ltr'>potentiamque</span> <span class='ocrx_word' id='word_1_261' title='bbox 617 2054 828 2086; x_wconf 84' lang='lat' dir='ltr'>nonerunt.</span> <span class='ocrx_word' id='word_1_262' title='bbox 863 2045 988 2087; x_wconf 87' lang='lat' dir='ltr'>Natio</span> <span class='ocrx_word' id='word_1_263' title='bbox 1011 2053 1072 2087; x_wconf 91' lang='lat' dir='ltr'>est</span> <span class='ocrx_word' id='word_1_264' title='bbox 1093 2046 1219 2085; x_wconf 89' lang='lat' dir='ltr'>omnis</span> <span class='ocrx_word' id='word_1_265' title='bbox 1234 2042 1441 2084; x_wconf 82' lang='lat' dir='ltr'>Gallorum</span> <span class='ocrx_word' id='word_1_266' title='bbox 1463 2042 1668 2083; x_wconf 88' lang='lat' dir='ltr'>admodum</span> 
     </span>
    </p>
   </div>
   <div class='ocr_carea' id='block_1_3' title="bbox 185 2140 1669 2238">
    <p class='ocr_par' dir='ltr' id='par_1_9' title="bbox 185 2140 1669 2238">
     <span class='ocr_line' id='line_1_29' title="bbox 329 2140 1669 2186; baseline -0.002 -13"><span class='ocrx_word' id='word_1_267' title='bbox 329 2141 343 2173; x_wconf 88' lang='lat'>1</span> <span class='ocrx_word' id='word_1_268' title='bbox 367 2142 515 2174; x_wconf 88' lang='lat' dir='ltr'>decretis</span> <span class='ocrx_word' id='word_1_269' title='bbox 535 2143 737 2186; x_wconf 86' lang='lat' dir='ltr'>iudiciisque</span> <span class='ocrx_word' id='word_1_270' title='bbox 756 2153 806 2175; x_wconf 87' lang='lat' dir='ltr'>ae</span> <span class='ocrx_word' id='word_1_271' title='bbox 826 2144 942 2176; x_wconf 77' lang='lat' dir='ltr'>‘mss.&#39;</span> <span class='ocrx_word' id='word_1_272' title='bbox 968 2143 1194 2185; x_wconf 75' lang='lat' dir='ltr'>Stephanus,</span> <span class='ocrx_word' id='word_1_273' title='bbox 1221 2142 1358 2173; x_wconf 87' lang='lat' dir='ltr'>indiciis</span> <span class='ocrx_word' id='word_1_274' title='bbox 1378 2140 1596 2181; x_wconf 83' lang='lat' dir='ltr'>decretisque</span> <span class='ocrx_word' id='word_1_275' title='bbox 1614 2149 1669 2170; x_wconf 81' lang='lat' dir='ltr'>re-</span> 
     </span>
     <span class='ocr_line' id='line_1_30' title="bbox 185 2191 1522 2238; baseline 0.001 -16"><span class='ocrx_word' id='word_1_276' title='bbox 185 2191 303 2232; x_wconf 79' lang='lat' dir='ltr'>liquae</span> <span class='ocrx_word' id='word_1_277' title='bbox 321 2192 399 2224; x_wconf 81' lang='lat' dir='ltr'>edd.</span> <span class='ocrx_word' id='word_1_278' title='bbox 421 2197 505 2225; x_wconf 81' lang='lat' dir='ltr'>ante</span> <span class='ocrx_word' id='word_1_279' title='bbox 524 2204 544 2225; x_wconf 82' lang='lat' dir='ltr'>u</span> <span class='ocrx_word' id='word_1_280' title='bbox 562 2197 770 2229; x_wconf 78' lang='lat' dir='ltr'>Aimoinus.</span> <span class='ocrx_word' id='word_1_281' title='bbox 917 2196 1030 2229; x_wconf 84' lang='lat' dir='ltr'>Verbo</span> <span class='ocrx_word' id='word_1_282' title='bbox 1049 2199 1171 2238; x_wconf 85' lang='lat' dir='ltr'>parent</span> <span class='ocrx_word' id='word_1_283' title='bbox 1188 2196 1316 2236; x_wconf 72' lang='lat' dir='ltr'>incipit</span> <span class='ocrx_word' id='word_1_284' title='bbox 1335 2203 1461 2224; x_wconf 77' lang='lat' dir='ltr'>rursus</span> <span class='ocrx_word' id='word_1_285' title='bbox 1479 2192 1522 2224; x_wconf 86' lang='lat' dir='ltr'>B.</span> 
     </span>
    </p>
   </div>
   <div class='ocr_carea' id='block_1_4' title="bbox 183 2242 1666 2542">
    <p class='ocr_par' dir='ltr' id='par_1_10' title="bbox 183 2242 1664 2389">
     <span class='ocr_line' id='line_1_31' title="bbox 183 2242 1664 2286; baseline -0.002 -11"><span class='ocrx_word' id='word_1_286' title='bbox 183 2242 203 2275; x_wconf 78' lang='lat'>2</span> <span class='ocrx_word' id='word_1_287' title='bbox 222 2242 391 2274; x_wconf 86' lang='lat' dir='ltr'>Brittania</span> <span class='ocrx_word' id='word_1_288' title='bbox 409 2254 455 2275; x_wconf 85' lang='lat' dir='ltr'>m.</span> <span class='ocrx_word' id='word_1_289' title='bbox 472 2255 532 2286; x_wconf 78' lang='lat' dir='ltr'>pr.</span> <span class='ocrx_word' id='word_1_290' title='bbox 554 2246 594 2277; x_wconf 91' lang='lat' dir='ltr'>B.</span> <span class='ocrx_word' id='word_1_291' title='bbox 737 2245 966 2278; x_wconf 79' lang='lat' dir='ltr'>existumatur</span> <span class='ocrx_word' id='word_1_292' title='bbox 984 2246 1028 2277; x_wconf 89' lang='lat' dir='ltr'>D.</span> <span class='ocrx_word' id='word_1_293' title='bbox 1157 2246 1174 2276; x_wconf 86' lang='lat'>5</span> <span class='ocrx_word' id='word_1_294' title='bbox 1195 2247 1446 2276; x_wconf 82' lang='lat' dir='ltr'>consueuerunt</span> <span class='ocrx_word' id='word_1_295' title='bbox 1463 2243 1664 2274; x_wconf 77' lang='lat' dir='ltr'>Aimoz&#39;mts.</span> 
     </span>
     <span class='ocr_line' id='line_1_32' title="bbox 325 2294 1521 2339; baseline 0 -14"><span class='ocrx_word' id='word_1_296' title='bbox 325 2294 408 2337; x_wconf 88' lang='lat' dir='ltr'>una]</span> <span class='ocrx_word' id='word_1_297' title='bbox 428 2306 585 2339; x_wconf 86' lang='lat' dir='ltr'>umquam</span> <span class='ocrx_word' id='word_1_298' title='bbox 606 2298 664 2329; x_wconf 81' lang='lat' dir='ltr'>be.</span> <span class='ocrx_word' id='word_1_299' title='bbox 807 2298 825 2330; x_wconf 89' lang='grc'>6</span> <span class='ocrx_word' id='word_1_300' title='bbox 844 2298 1079 2329; x_wconf 86' lang='lat' dir='ltr'>inmunitatem</span> <span class='ocrx_word' id='word_1_301' title='bbox 1092 2297 1134 2330; x_wconf 85' lang='grc' dir='ltr'>Β.</span> <span class='ocrx_word' id='word_1_302' title='bbox 1278 2296 1314 2328; x_wconf 89' lang='grc'>11</span> <span class='ocrx_word' id='word_1_303' title='bbox 1337 2296 1370 2326; x_wconf 92' lang='lat' dir='ltr'>in</span> <span class='ocrx_word' id='word_1_304' title='bbox 1391 2305 1459 2327; x_wconf 86' lang='lat' dir='ltr'>om.</span> <span class='ocrx_word' id='word_1_305' title='bbox 1476 2295 1521 2326; x_wconf 85' lang='lat' dir='ltr'>A.</span> 
     </span>
     <span class='ocr_line' id='line_1_33' title="bbox 184 2344 1662 2389; baseline 0.001 -13"><span class='ocrx_word' id='word_1_306' title='bbox 184 2344 330 2387; x_wconf 81' lang='lat' dir='ltr'>publicis</span> <span class='ocrx_word' id='word_1_307' title='bbox 349 2352 382 2378; x_wconf 86' lang='lat' dir='ltr'>et</span> <span class='ocrx_word' id='word_1_308' title='bbox 401 2348 544 2389; x_wconf 87' lang='lat' dir='ltr'>priuatis</span> <span class='ocrx_word' id='word_1_309' title='bbox 564 2354 630 2381; x_wconf 87' lang='lat' dir='ltr'>rat.</span> <span class='ocrx_word' id='word_1_310' title='bbox 651 2350 681 2382; x_wconf 84' lang='lat' dir='ltr'>b.</span> <span class='ocrx_word' id='word_1_311' title='bbox 901 2350 941 2383; x_wconf 82' lang='lat'>12</span> <span class='ocrx_word' id='word_1_312' title='bbox 960 2349 1085 2381; x_wconf 88' lang='lat' dir='ltr'>litteris</span> <span class='ocrx_word' id='word_1_313' title='bbox 1104 2353 1246 2381; x_wconf 89' lang='lat' dir='ltr'>utantur</span> <span class='ocrx_word' id='word_1_314' title='bbox 1261 2348 1293 2380; x_wconf 92' lang='lat' dir='ltr'><em>B</em></span> <span class='ocrx_word' id='word_1_315' title='bbox 1310 2348 1445 2389; x_wconf 68' lang='lat' dir='ltr'>reliqui</span> <span class='ocrx_word' id='word_1_316' title='bbox 1460 2348 1662 2388; x_wconf 77' lang='lat' dir='ltr'>Aimoe‘nus,</span> 
     </span>
    </p>

    <p class='ocr_par' dir='ltr' id='par_1_11' title="bbox 183 2397 1666 2542">
     <span class='ocr_line' id='line_1_34' title="bbox 183 2397 1520 2442; baseline 0.001 -15"><span class='ocrx_word' id='word_1_317' title='bbox 183 2401 323 2428; x_wconf 86' lang='lat' dir='ltr'>utantur</span> <span class='ocrx_word' id='word_1_318' title='bbox 341 2397 470 2431; x_wconf 86' lang='lat' dir='ltr'>litteris</span> <span class='ocrx_word' id='word_1_319' title='bbox 491 2400 509 2431; x_wconf 90' lang='lat' dir='ltr'>b</span> <span class='ocrx_word' id='word_1_320' title='bbox 521 2410 549 2431; x_wconf 80' lang='lat' dir='ltr'>e.</span> <span class='ocrx_word' id='word_1_321' title='bbox 674 2401 714 2433; x_wconf 78' lang='lat'>14</span> <span class='ocrx_word' id='word_1_322' title='bbox 732 2400 868 2432; x_wconf 84' lang='lat' dir='ltr'>discunt</span> <span class='ocrx_word' id='word_1_323' title='bbox 885 2401 916 2432; x_wconf 93' lang='lat' dir='ltr'><em>B</em></span> <span class='ocrx_word' id='word_1_324' title='bbox 933 2401 1067 2442; x_wconf 77' lang='lat' dir='ltr'>reliqui</span> <span class='ocrx_word' id='word_1_325' title='bbox 1082 2401 1285 2439; x_wconf 79' lang='lat' dir='ltr'>Az&#39;moinus,</span> <span class='ocrx_word' id='word_1_326' title='bbox 1308 2398 1442 2430; x_wconf 85' lang='lat' dir='ltr'>discant</span> <span class='ocrx_word' id='word_1_327' title='bbox 1461 2398 1478 2429; x_wconf 88' lang='lat' dir='ltr'>b</span> <span class='ocrx_word' id='word_1_328' title='bbox 1491 2409 1520 2429; x_wconf 84' lang='lat' dir='ltr'>e.</span> 
     </span>
     <span class='ocr_line' id='line_1_35' title="bbox 185 2447 1665 2492; baseline 0.001 -13"><span class='ocrx_word' id='word_1_329' title='bbox 185 2447 224 2479; x_wconf 88' lang='grc'>16</span> <span class='ocrx_word' id='word_1_330' title='bbox 243 2447 275 2478; x_wconf 93' lang='lat' dir='ltr'>in</span> <span class='ocrx_word' id='word_1_331' title='bbox 295 2449 412 2489; x_wconf 88' lang='lat' dir='ltr'>primis</span> <span class='ocrx_word' id='word_1_332' title='bbox 431 2450 507 2492; x_wconf 84' lang='lat' dir='ltr'>(B).</span> <span class='ocrx_word' id='word_1_333' title='bbox 650 2450 688 2482; x_wconf 81' lang='lat'>18</span> <span class='ocrx_word' id='word_1_334' title='bbox 706 2452 850 2482; x_wconf 86' lang='lat' dir='ltr'>maxime</span> <span class='ocrx_word' id='word_1_335' title='bbox 871 2462 939 2484; x_wconf 87' lang='lat' dir='ltr'>om.</span> <span class='ocrx_word' id='word_1_336' title='bbox 963 2453 1022 2483; x_wconf 85' lang='lat' dir='ltr'>be.</span> <span class='ocrx_word' id='word_1_337' title='bbox 1177 2450 1217 2482; x_wconf 83' lang='lat'>19</span> <span class='ocrx_word' id='word_1_338' title='bbox 1236 2450 1333 2481; x_wconf 87' lang='lat' dir='ltr'>multi</span> <span class='ocrx_word' id='word_1_339' title='bbox 1354 2449 1385 2480; x_wconf 88' lang='lat' dir='ltr'>b.</span> <span class='ocrx_word' id='word_1_340' title='bbox 1551 2458 1589 2480; x_wconf 83' lang='lat' dir='ltr'>ae</span> <span class='ocrx_word' id='word_1_341' title='bbox 1608 2459 1665 2480; x_wconf 89' lang='lat' dir='ltr'>eo-</span> 
     </span>
     <span class='ocr_line' id='line_1_36' title="bbox 184 2498 1666 2542; baseline 0 -13"><span class='ocrx_word' id='word_1_342' title='bbox 184 2508 256 2529; x_wconf 84' lang='lat' dir='ltr'>rum</span> <span class='ocrx_word' id='word_1_343' title='bbox 275 2500 478 2531; x_wconf 78' lang='lat' dir='ltr'>Aimoinus.</span> <span class='ocrx_word' id='word_1_344' title='bbox 618 2501 661 2535; x_wconf 78' lang='lat'>20</span> <span class='ocrx_word' id='word_1_345' title='bbox 681 2501 912 2533; x_wconf 85' lang='lat' dir='ltr'>inmortalium</span> <span class='ocrx_word' id='word_1_346' title='bbox 930 2502 972 2533; x_wconf 88' lang='lat' dir='ltr'>B.</span> <span class='ocrx_word' id='word_1_347' title='bbox 1115 2501 1171 2532; x_wconf 89' lang='lat' dir='ltr'>uia</span> <span class='ocrx_word' id='word_1_348' title='bbox 1189 2511 1233 2531; x_wconf 83' lang='lat' dir='ltr'>m.</span> <span class='ocrx_word' id='word_1_349' title='bbox 1253 2510 1311 2542; x_wconf 78' lang='lat' dir='ltr'>pr.</span> <span class='ocrx_word' id='word_1_350' title='bbox 1331 2499 1375 2531; x_wconf 90' lang='lat' dir='ltr'>A.</span> <span class='ocrx_word' id='word_1_351' title='bbox 1516 2500 1559 2531; x_wconf 77' lang='lat'>22</span> <span class='ocrx_word' id='word_1_352' title='bbox 1579 2498 1666 2540; x_wconf 88' lang='lat' dir='ltr'>quod</span> 
     </span>
    </p>
   </div>
   <div class='ocr_carea' id='block_1_5' title="bbox 186 2547 1666 2644">
    <p class='ocr_par' dir='ltr' id='par_1_12' title="bbox 186 2547 1666 2644">
     <span class='ocr_line' id='line_1_37' title="bbox 186 2547 1666 2592; baseline 0.001 -13"><span class='ocrx_word' id='word_1_353' title='bbox 186 2547 259 2580; x_wconf 78' lang='lat' dir='ltr'>fere</span> <span class='ocrx_word' id='word_1_354' title='bbox 279 2554 357 2581; x_wconf 88' lang='lat' dir='ltr'>ante</span> <span class='ocrx_word' id='word_1_355' title='bbox 378 2550 539 2582; x_wconf 83' lang='lat' dir='ltr'>Caesaris</span> <span class='ocrx_word' id='word_1_356' title='bbox 560 2551 742 2582; x_wconf 85' lang='lat' dir='ltr'>aduentum</span> <span class='ocrx_word' id='word_1_357' title='bbox 760 2552 791 2584; x_wconf 90' lang='lat' dir='ltr'><em>B</em></span> <span class='ocrx_word' id='word_1_358' title='bbox 809 2552 855 2592; x_wconf 78' lang='lat' dir='ltr'>(is</span> <span class='ocrx_word' id='word_1_359' title='bbox 874 2551 1027 2592; x_wconf 77' lang='lat' dir='ltr'>cesaris)</span> <span class='ocrx_word' id='word_1_360' title='bbox 1039 2552 1229 2583; x_wconf 70' lang='lat' dir='ltr'>Aimomus</span> <span class='ocrx_word' id='word_1_361' title='bbox 1248 2551 1325 2582; x_wconf 83' lang='lat' dir='ltr'>edd.</span> <span class='ocrx_word' id='word_1_362' title='bbox 1348 2549 1542 2590; x_wconf 73' lang='lat' dir='ltr'>anteAld.;</span> <span class='ocrx_word' id='word_1_363' title='bbox 1564 2549 1666 2592; x_wconf 85' lang='lat' dir='ltr'>‘quod</span> 
     </span>
     <span class='ocr_line' id='line_1_38' title="bbox 188 2598 1664 2644; baseline 0.001 -15"><span class='ocrx_word' id='word_1_364' title='bbox 188 2598 259 2630; x_wconf 79' lang='lat' dir='ltr'>fere</span> <span class='ocrx_word' id='word_1_365' title='bbox 278 2604 356 2630; x_wconf 86' lang='lat' dir='ltr'>ante</span> <span class='ocrx_word' id='word_1_366' title='bbox 375 2601 558 2632; x_wconf 79' lang='lat' dir='ltr'>aduentum</span> <span class='ocrx_word' id='word_1_367' title='bbox 578 2602 737 2633; x_wconf 80' lang='lat' dir='ltr'>Caesaris</span> <span class='ocrx_word' id='word_1_368' title='bbox 756 2612 839 2633; x_wconf 76' lang='lat' dir='ltr'>mss.</span> <span class='ocrx_word' id='word_1_369' title='bbox 855 2602 1031 2644; x_wconf 76' lang='lat' dir='ltr'>plerz&#39;qne&#39;</span> <span class='ocrx_word' id='word_1_370' title='bbox 1044 2604 1078 2642; x_wconf 79' lang='lat'>?,</span> <span class='ocrx_word' id='word_1_371' title='bbox 1102 2602 1185 2644; x_wconf 91' lang='lat' dir='ltr'>quod</span> <span class='ocrx_word' id='word_1_372' title='bbox 1206 2605 1284 2632; x_wconf 88' lang='lat' dir='ltr'>ante</span> <span class='ocrx_word' id='word_1_373' title='bbox 1303 2600 1463 2632; x_wconf 89' lang='lat' dir='ltr'>Caesaris</span> <span class='ocrx_word' id='word_1_374' title='bbox 1483 2601 1664 2632; x_wconf 88' lang='lat' dir='ltr'>aduentum</span> 
     </span>
    </p>
   </div>
   <div class='ocr_carea' id='block_1_6' title="bbox 182 2651 1665 2891">
    <p class='ocr_par' dir='ltr' id='par_1_13' title="bbox 187 2651 1519 2695">
     <span class='ocr_line' id='line_1_39' title="bbox 187 2651 1519 2695; baseline 0.002 -13"><span class='ocrx_word' id='word_1_375' title='bbox 187 2651 259 2682; x_wconf 81' lang='lat' dir='ltr'>fere</span> <span class='ocrx_word' id='word_1_376' title='bbox 278 2652 391 2683; x_wconf 77' lang='lat' dir='ltr'>Aldus</span> <span class='ocrx_word' id='word_1_377' title='bbox 409 2663 443 2684; x_wconf 77' lang='grc' dir='ltr'>υ.</span> <span class='ocrx_word' id='word_1_378' title='bbox 585 2654 627 2685; x_wconf 76' lang='lat'>‘23</span> <span class='ocrx_word' id='word_1_379' title='bbox 647 2654 733 2695; x_wconf 81' lang='lat' dir='ltr'>quod</span> <span class='ocrx_word' id='word_1_380' title='bbox 754 2654 852 2686; x_wconf 88' lang='lat' dir='ltr'>anuis</span> <span class='ocrx_word' id='word_1_381' title='bbox 870 2665 916 2685; x_wconf 80' lang='lat' dir='ltr'>m.</span> <span class='ocrx_word' id='word_1_382' title='bbox 935 2664 992 2694; x_wconf 76' lang='lat' dir='ltr'>pr.</span> <span class='ocrx_word' id='word_1_383' title='bbox 1012 2654 1055 2685; x_wconf 90' lang='lat' dir='ltr'>B.</span> <span class='ocrx_word' id='word_1_384' title='bbox 1205 2654 1372 2685; x_wconf 83' lang='lat' dir='ltr'>accedere</span> <span class='ocrx_word' id='word_1_385' title='bbox 1392 2654 1519 2686; x_wconf 87' lang='lat' dir='ltr'>BCD.</span> 
     </span>
    </p>

    <p class='ocr_par' dir='ltr' id='par_1_14' title="bbox 182 2704 1665 2891">
     <span class='ocr_line' id='line_1_40' title="bbox 184 2704 1663 2747; baseline 0.001 -14"><span class='ocrx_word' id='word_1_386' title='bbox 184 2707 221 2734; x_wconf 83' lang='lat' dir='ltr'>ut</span> <span class='ocrx_word' id='word_1_387' title='bbox 238 2704 437 2735; x_wconf 76' lang='lat' dir='ltr'>Aimoinus.</span> <span class='ocrx_word' id='word_1_388' title='bbox 578 2705 621 2737; x_wconf 81' lang='lat'>24</span> <span class='ocrx_word' id='word_1_389' title='bbox 639 2704 765 2736; x_wconf 84' lang='lat' dir='ltr'>inlatas</span> <span class='ocrx_word' id='word_1_390' title='bbox 785 2706 827 2736; x_wconf 89' lang='lat' dir='ltr'>B.</span> <span class='ocrx_word' id='word_1_391' title='bbox 967 2706 1008 2738; x_wconf 77' lang='lat'>25</span> <span class='ocrx_word' id='word_1_392' title='bbox 1029 2710 1082 2736; x_wconf 86' lang='lat' dir='ltr'>est</span> <span class='ocrx_word' id='word_1_393' title='bbox 1100 2716 1168 2736; x_wconf 83' lang='lat' dir='ltr'>om.</span> <span class='ocrx_word' id='word_1_394' title='bbox 1189 2706 1390 2737; x_wconf 77' lang='lat' dir='ltr'>Aimoinus.</span> <span class='ocrx_word' id='word_1_395' title='bbox 1557 2705 1663 2747; x_wconf 90' lang='lat' dir='ltr'>copiis</span> 
     </span>
     <span class='ocr_line' id='line_1_41' title="bbox 185 2754 1665 2799; baseline 0.003 -14"><span class='ocrx_word' id='word_1_396' title='bbox 185 2754 414 2796; x_wconf 88' lang='lat' dir='ltr'>amplissimus</span> <span class='ocrx_word' id='word_1_397' title='bbox 433 2765 469 2795; x_wconf 83' lang='lat' dir='ltr'>e,</span> <span class='ocrx_word' id='word_1_398' title='bbox 491 2759 527 2787; x_wconf 74' lang='lat' dir='ltr'>et</span> <span class='ocrx_word' id='word_1_399' title='bbox 544 2755 663 2787; x_wconf 82' lang='lat' dir='ltr'>eadem</span> <span class='ocrx_word' id='word_1_400' title='bbox 678 2760 766 2797; x_wconf 75' lang='lat' dir='ltr'>post</span> <span class='ocrx_word' id='word_1_401' title='bbox 784 2757 956 2799; x_wconf 82' lang='lat' dir='ltr'>copiisque</span> <span class='ocrx_word' id='word_1_402' title='bbox 975 2757 1204 2799; x_wconf 87' lang='lat' dir='ltr'>amplissimus</span> <span class='ocrx_word' id='word_1_403' title='bbox 1224 2758 1305 2789; x_wconf 81' lang='lat' dir='ltr'>add.</span> <span class='ocrx_word' id='word_1_404' title='bbox 1330 2759 1362 2790; x_wconf 82' lang='lat' dir='ltr'>b.</span> <span class='ocrx_word' id='word_1_405' title='bbox 1499 2758 1541 2793; x_wconf 77' lang='lat'>26</span> <span class='ocrx_word' id='word_1_406' title='bbox 1562 2758 1665 2789; x_wconf 86' lang='lat' dir='ltr'>habet</span> 
     </span>
     <span class='ocr_line' id='line_1_42' title="bbox 183 2807 1661 2852; baseline 0.002 -14"><span class='ocrx_word' id='word_1_407' title='bbox 183 2807 212 2838; x_wconf 90' lang='lat' dir='ltr'><em>B</em></span> <span class='ocrx_word' id='word_1_408' title='bbox 229 2808 364 2849; x_wconf 78' lang='lat' dir='ltr'>reliqui</span> <span class='ocrx_word' id='word_1_409' title='bbox 380 2809 589 2850; x_wconf 66' lang='grc' dir='ltr'>Αἰιηοίιιιιε,</span> <span class='ocrx_word' id='word_1_410' title='bbox 611 2809 737 2841; x_wconf 86' lang='lat' dir='ltr'>habent</span> <span class='ocrx_word' id='word_1_411' title='bbox 757 2810 814 2841; x_wconf 80' lang='lat' dir='ltr'>be.</span> <span class='ocrx_word' id='word_1_412' title='bbox 1001 2810 1044 2843; x_wconf 75' lang='lat'>27</span> <span class='ocrx_word' id='word_1_413' title='bbox 1063 2811 1168 2842; x_wconf 81' lang='lat' dir='ltr'>onmis</span> <span class='ocrx_word' id='word_1_414' title='bbox 1189 2810 1206 2841; x_wconf 85' lang='lat' dir='ltr'>b</span> <span class='ocrx_word' id='word_1_415' title='bbox 1220 2810 1285 2850; x_wconf 69' lang='lat' dir='ltr'>cle,</span> <span class='ocrx_word' id='word_1_416' title='bbox 1308 2811 1452 2842; x_wconf 88' lang='lat' dir='ltr'>omnium</span> <span class='ocrx_word' id='word_1_417' title='bbox 1469 2810 1503 2843; x_wconf 90' lang='grc' dir='ltr'><em>Α</em></span> <span class='ocrx_word' id='word_1_418' title='bbox 1515 2810 1575 2852; x_wconf 89' lang='grc' dir='ltr'>(Β)</span> <span class='ocrx_word' id='word_1_419' title='bbox 1591 2809 1661 2842; x_wconf 87' lang='lat' dir='ltr'>CD</span> 
     </span>
     <span class='ocr_line' id='line_1_43' title="bbox 182 2859 382 2891; baseline -0.005 0"><span class='ocrx_word' id='word_1_420' title='bbox 182 2859 212 2891; x_wconf 79' lang='lat' dir='ltr'><em>A</em></span> <span class='ocrx_word' id='word_1_421' title='bbox 216 2860 262 2890; x_wconf 76' lang='lat' dir='ltr'>im</span> <span class='ocrx_word' id='word_1_422' title='bbox 268 2869 285 2890; x_wconf 92' lang='lat' dir='ltr'>o</span> <span class='ocrx_word' id='word_1_423' title='bbox 290 2861 323 2889; x_wconf 79' lang='lat' dir='ltr'>in</span> <span class='ocrx_word' id='word_1_424' title='bbox 330 2869 369 2890; x_wconf 76' lang='lat' dir='ltr'>us</span> <span class='ocrx_word' id='word_1_425' title='bbox 375 2884 382 2890; x_wconf 92' lang='lat'>.</span> 
     </span>
    </p>
   </div>
   <div class='ocr_carea' id='block_1_7' title="bbox 1708 899 1748 932">
    <p class='ocr_par' dir='ltr' id='par_1_15' title="bbox 1708 899 1748 932">
     <span class='ocr_line' id='line_1_44' title="bbox 1708 899 1748 932; baseline -0.025 0"><span class='ocrx_word' id='word_1_426' title='bbox 1708 899 1748 932; x_wconf 88' lang='grc'>10</span> 
     </span>
    </p>
   </div>
   <div class='ocr_carea' id='block_1_8' title="bbox 1707 1237 1746 1270">
    <p class='ocr_par' dir='ltr' id='par_1_16' title="bbox 1707 1237 1746 1270">
     <span class='ocr_line' id='line_1_45' title="bbox 1707 1237 1746 1270; baseline -0.026 0"><span class='ocrx_word' id='word_1_427' title='bbox 1707 1237 1746 1270; x_wconf 88' lang='grc'>15</span> 
     </span>
    </p>
   </div>
   <div class='ocr_carea' id='block_1_9' title="bbox 1704 1573 1746 1609">
    <p class='ocr_par' dir='ltr' id='par_1_17' title="bbox 1704 1573 1746 1609">
     <span class='ocr_line' id='line_1_46' title="bbox 1704 1573 1746 1609; baseline -0.071 0"><span class='ocrx_word' id='word_1_428' title='bbox 1704 1573 1746 1609; x_wconf 80' lang='lat'>20</span> 
     </span>
    </p>
   </div>
   <div class='ocr_carea' id='block_1_10' title="bbox 1701 1934 1722 1948">
    <p class='ocr_par' dir='ltr' id='par_1_18' title="bbox 1701 1934 1722 1948">
     <span class='ocr_line' id='line_1_47' title="bbox 1701 1934 1722 1948; baseline 0 -4"><span class='ocrx_word' id='word_1_429' title='bbox 1701 1934 1722 1948; x_wconf 61' lang='grc' dir='ltr'>,υ</span> 
     </span>
    </p>
   </div>
  </div>
 </body>
</html>
