1835 3240
588 152 769 197 COMM.
790 152 849 195 ΙΙΙ
873 151 995 196 CAP.
1020 152 1222 195 26—-29.
1647 154 1729 195 3⁶27

171 279 266 320 erat,
292 277 418 310 tamen
434 298 444 317 ‚
479 267 577 319 quod
603 268 706 307 omni
732 267 861 308 Gallia
884 275 1018 321 pacata
1041 265 1192 306 Morini
1216 266 1468 321 Menapiique
1491 282 1651 321 supere-

169 345 281 383 rant,
318 335 381 388 qui
411 335 450 374 in
483 335 603 374 armis
627 342 761 375 essent
782 350 910 388 neque
932 335 978 374 ad
1001 349 1088 375 eum
1112 349 1293 387 umquam
1316 335 1467 387 legatos
1490 336 1535 374 de
1558 350 1652 388 pace

168 404 384 452 misissent‚
410 402 624 443 arbitratus
648 404 681 442 id
707 404 847 443 bellum
864 404 1048 443 celeriter
1067 402 1205 442 confici
1229 416 1343 455 posse
1366 416 1411 442 eo
1435 403 1651 442 exercitum

170 470 356 520 adduxit3
383 470 445 523 qui
469 470 586 524 longe
608 471 683 510 alia
705 470 858 510 ratione
882 485 926 510 ac
948 470 1088 523 reliqui
1106 468 1209 510 Galli
1233 470 1376 510 bellum
1399 483 1541 523 gerere
1564 484 1654 509 coe-

124 548 141 578 5
173 546 315 592 perunt
372 537 476 578 Nam
501 539 600 591 quod
623 538 905 590 intellegebant
927 539 1120 577 maximas
1144 538 1325 577 nationes
1341 569 1350 587 ,
1387 550 1485 590 qnae
1508 536 1656 589 proelio
1678 536 1704 575 2

171 606 493 655 contendissent,
528 606 659 659 pulsas
693 612 976 659 superatasque
1008 619 1097 645 esse
1119 605 1446 658 continentesque
1469 604 1589 644 siluas
1612 618 1657 643 ae

172 674 331 728 paludes
354 673 574 722 habebant,
609 687 655 713 eo
686 675 899 726 sesuaque
921 672 1052 713 omnia
1076 674 1343 713 contulerunt.
1407 673 1469 712 Ad
1492 686 1656 725 quarum
1679 670 1703 710 3

171 742 322 781 initium
355 741 541 780 siluarum
574 756 657 781 cum
683 739 838 782 Caesar
868 741 1118 794 peruenisset
1141 748 1347 794 castraque
1370 741 1522 780 munire
1544 738 1658 779 insti-

173 809 329 857 tuisset,
355 822 478 861 neque
503 809 625 849 hostis
647 809 806 848 interim
818 808 927 849 uisus
951 816 1072 858 esset,
1098 809 1285 862 dispersis
1307 809 1346 848 in
1371 822 1489 862 opere
1512 807 1659 847 nostris

100 884 140 916 10
172 877 301 917 subito
326 890 375 916 ex
408 876 588 916 omnibus
612 877 787 930 partibus
810 877 935 917 siluae
958 876 1218 917 euolauerunt
1237 883 1275 915 et
1295 876 1333 915 in
1357 883 1516 915 nostros
1538 875 1659 928 impe-

174 951 254 984 tum
279 945 474 984 fecerunt.
507 942 648 984 Nostri
673 945 859 986 celeriter
880 959 989 984 arma
1012 951 1203 998 ceperunt
1225 958 1369 995 eosque
1391 944 1430 983 in
1454 943 1574 983 siluas
1596 955 1661 982 re·
1682 941 1708 980 4

174 1012 360 1065 pulerunt
391 1018 428 1051 et
459 1012 712 1066 conpluribus
742 1012 961 1052 intersectis
984 1013 1137 1065 longius
1161 1011 1457 1065 inpeditioribus
1482 1011 1577 1050 locis
1601 1023 1663 1049 se-

175 1079 254 1119 cuti
277 1093 423 1132 paucos
446 1093 498 1119 ex
519 1080 600 1120 suis
625 1081 942 1133 deperdiderunt.
994 1080 1172 1133 Reliquis
1195 1079 1378 1131 deinceps
1402 1079 1536 1118 diebus
1560 1076 1661 1118 Cae—
1682 1077 1738 1120 29

175 1161 243 1186 sar
263 1146 384 1187 siluas
409 1148 573 1187 caedere
595 1148 782 1195 instituit,
813 1155 849 1187 et
874 1162 922 1188 nc
945 1149 1029 1201 quis
1052 1148 1267 1188 inermibus
1290 1147 1664 1200 inprudentibusque

105 1222 143 1255 15
175 1215 366 1254 militibus
401 1216 448 1255 ab
480 1216 603 1255 latere
626 1216 793 1269 impetus
826 1216 909 1256 fieri
943 1224 1102 1270 posset,
1141 1229 1295 1255 omnem
1325 1229 1409 1255 eam
1441 1215 1659 1262 materiam,

180 1296 277 1335 quae
300 1289 383 1322 erat
407 1296 545 1332 caesa,
582 1298 810 1324 conuersam
845 1285 890 1324 ad
914 1284 1066 1324 hostem
1089 1284 1319 1324 conlocabat
1342 1290 1380 1324 et
1402 1298 1471 1337 pro
1494 1283 1597 1323 uallo
1620 1281 1667 1322 ad

180 1357 386 1402 utrumque
408 1351 510 1390 latus
533 1352 758 1391 extruebat.
794 1350 1020 1391 Incredibili
1043 1351 1401 1404 celeritatem-agno
1424 1352 1551 1405 spatio
1574 1364 1667 1403 pau--
1688 1349 1715 1390 2

183 1417 238 1457 cis
262 1418 396 1458 diebus
421 1419 616 1467 confecto,
643 1434 727 1459 cum
750 1419 825 1458 iam
851 1433 970 1472 pecus
994 1426 1110 1471 atque
1130 1427 1312 1459 extrema
1334 1419 1598 1472 inpedimenta
1620 1417 1667 1457 ab

183 1485 330 1525 nostris
356 1493 611 1536 tenerentur,
646 1486 718 1540 ipsi
743 1486 946 1527 densiores
969 1487 1087 1527 siluas
1117 1493 1319 1540 peterent,
1355 1486 1544 1526 eiusmodi
1576 1491 1670 1525 sunt

107 1559 149 1592 20
185 1560 438 1606 tempestates
463 1562 718 1603 consecutae,
742 1555 798 1594 uti
821 1569 915 1608 opus
931 1555 1159 1594 necessario
1182 1555 1560 1594 intermittereturet
1577 1567 1670 1593 eon-

184 1620 403 1661 tinuatione
425 1621 607 1661 imbrium
632 1623 777 1662 diutius
810 1622 879 1661 sub
911 1622 1074 1675 pellibus
1096 1622 1240 1661 milites
1263 1622 1456 1661 contineri
1482 1636 1559 1661 non
1583 1635 1672 1674 pos-

184 1694 288 1728 sent.
331 1686 470 1742 Itaque
494 1690 658 1730 uastatis
681 1690 862 1730 omnibus
887 1704 1023 1730 eorum
1047 1689 1177 1742 agris,
1202 1689 1301 1729 uicis
1325 1689 1591 1742 aedificiisque
1613 1689 1672 1728 in·
1694 1687 1719 1728 3

184 1756 312 1795 censis
328 1754 708 1798 Caesarexercitum
724 1758 881 1798 reduxit
893 1765 930 1797 et
942 1759 981 1798 in
995 1758 1183 1798 Aulercis
1197 1755 1486 1810 Lexouiisque‚
1511 1756 1673 1809 reliquis

183 1823 277 1863 item
291 1823 638 1878 ciuitatibus,quae
650 1832 829 1881 proxime
840 1826 981 1867 bellum
995 1826 1233 1876 fecerant,iii
1248 1825 1421 1866 hibernis
1435 1824 1672 1865 conlocauit.

333 1915 345 1948 1
368 1915 568 1959 Menapiquc
586 1918 638 1959 Α,
661 1918 809 1961 Menapii
826 1920 867 1951 E.
1023 1920 1044 1954 2
1063 1918 1191 1960 essent]
1212 1922 1312 1950 erant
1330 1917 1375 1949 A.
1539 1916 1580 1947 ad
1601 1925 1677 1947 eum

184 1969 269 2007 post
286 1977 366 2008 pace
383 1971 532 2011 poniff.
674 1981 830 2013 uniquam
848 1972 1006 2015 ABGs.
1152 1972 1170 2004 3
1190 1971 1384 2002 mississent
1401 1971 1443 2001 Β.
1600 1978 1676 2000 cae—

190 2019 312 2050 leriter
329 2021 450 2052 confici
468 2022 517 2062 B,
539 2023 659 2054 confici
679 2024 889 2066 celeriterf.
1047 2024 1068 2056 4
1087 2023 1227 2055 adducit
1247 2032 1323 2053 eum
1343 2032 1364 2053 x
1383 2030 1490 2062 super
1507 2031 1523 2052 c
1546 2020 1594 2060 C,
1618 2019 1678 2050 du-

189 2069 286 2110 xits.
310 2097 315 2102 .
448 2073 585 2105 natione
604 2085 650 2106 m.
668 2085 725 2116 pr.
746 2076 789 2107 B.
976 2076 1101 2107 bellum
1122 2085 1225 2115 agere
1245 2074 1470 2106 instituerunt
1486 2073 1534 2104 ab
1548 2073 1680 2114 cese&

189 2121 381 2153 seeundum
401 2123 488 2155 Oud.
511 2124 549 2165 d,
581 2127 616 2156 in
643 2136 711 2167 qao
740 2127 894 2170 eoeempl.
924 2127 1033 2159 Fabr.
1055 2127 1182 2157 bellum
1210 2136 1330 2166 gerere
1361 2125 1587 2157 instituerunt
1607 2124 1681 2166 legi

188 2173 314 2213 refert.
455 2177 472 2208 5
494 2186 568 2208 nam
588 2188 656 2209 om.
679 2179 696 2209 b
712 2179 808 2221 eds.
947 2179 964 2211 6
985 2179 1200 2210 continentes
1220 2178 1327 2208 siluas
1348 2178 1379 2209 b.
1546 2176 1565 2208 7
1585 2176 1680 2218 palu—

191 2223 250 2254 des
270 2234 352 2265 quas
371 2226 543 2259 habebant
563 2229 580 2259 b
594 2228 690 2271 eds.
832 2229 852 2261 8
873 2228 1004 2261 Caesar
1021 2240 1094 2261 cuin
1114 2229 1331 2271 peruenisset
1348 2228 1410 2270 ef.
1529 2227 1569 2259 10
1589 2227 1679 2259 silua

192 2277 418 2311 euolauerunt
435 2290 481 2311 m.
496 2290 557 2321 pr.
575 2281 617 2312 B.
763 2282 801 2314 11
824 2281 947 2323 nostri]
969 2282 1053 2313 nihil
1071 2292 1118 2312 m.
1137 2291 1193 2322 pr.
1213 2281 1257 2312 B.
1430 2283 1619 2321 coeperunt
1636 2279 1678 2310 B.

334 2329 422 2361 silua
441 2331 492 2371 Α,
514 2332 636 2363 siluam
656 2333 719 2374 es.
882 2333 1104 2375 reppulerunt
1122 2334 1164 2364 Β.
1333 2331 1373 2364 12
1396 2331 1618 2372 conpluribus
1638 2330 1680 2361 B.

334 2381 598 2422 impeditioribus
616 2383 647 2414 B
665 2385 770 2415 initio
789 2384 823 2415 iu
840 2394 910 2415 see.
930 2394 978 2415 711.
997 2393 1160 2424 suprasc.
1384 2381 1423 2413 13
1444 2381 1499 2423 ex]
1520 2382 1560 2413 de
1580 2382 1612 2413 D
1630 2392 1683 2412 se-

195 2432 346 2464 cundum
366 2434 453 2466 Oud.
467 2459 477 2475 ,
499 2437 564 2476 qai
580 2438 732 2466 errauit.
877 2436 1145 2478 deperdiderunt
1162 2434 1236 2466 AB
1250 2433 1278 2466 C
1290 2434 1322 2465 D
1335 2434 1366 2466 Ε
1379 2434 1426 2465 de
1438 2459 1448 2475 ‚
1470 2433 1683 2476 disperdide-

196 2489 274 2516 runt
293 2486 357 2526 bf.
478 2487 518 2520 14
537 2487 702 2530 instituit]
722 2488 835 2529 coepit
854 2488 885 2520 b.
1010 2487 1341 2529 inprudentibusque
1361 2486 1391 2518 A
1411 2486 1456 2527 (is
1475 2496 1539 2527 que
1558 2496 1604 2516 m.
1622 2495 1681 2526 pr.

198 2535 282 2575 om.)
302 2536 331 2567 B
345 2536 459 2579 CDs.
556 2538 596 2570 1ss
616 2539 818 2570 conlocabat
835 2540 877 2569 B.
978 2538 1018 2570 17
1037 2537 1221 2569 extruebat
1236 2539 1280 2568 B.
1394 2537 1434 2568 18
1452 2535 1684 2578 inpedimenta

200 2585 318 2626 ABf.
426 2598 445 2619 a
463 2590 588 2621 nostris
608 2590 673 2631 bs.
786 2590 826 2622 19
846 2594 1050 2631 tempestate
1070 2589 1203 2630 sunts,
1226 2592 1450 2629 tempestates
1469 2593 1549 2619 sunt
1567 2588 1682 2620 Aldus

200 2638 235 2666 et
249 2646 344 2677 seqq.
364 2642 448 2669 ante
465 2649 500 2671 u.
610 2641 652 2674 23
673 2640 804 2672 Caesar
820 2650 889 2671 om.
912 2640 977 2682 bs.
1082 2639 1273 2680 reduxits,
1296 2639 1456 2680 perduxit
1474 2639 1505 2670 A
1518 2639 1547 2670 B
1561 2637 1684 2671 CDE.

307 2689 535 2733 Lexobiisque
553 2693 584 2724 B
604 2694 698 2725 ‘ms-S.
717 2692 905 2735 plurz'mi'.
999 2692 1042 2726 24
1061 2692 1141 2723 item
1160 2691 1193 2722 in
1214 2691 1413 2722 ciuitatibus
1434 2691 1451 2722 b
1465 2702 1495 2722 c.
1574 2689 1687 2732 proxi-

205 2748 256 2770 me
276 2739 328 2780 (d)
342 2744 423 2781 eet,
445 2745 508 2783 qai
522 2744 767 2786 proximae‚s;
786 2744 931 2776 maxime
949 2743 1024 2775 AB
1040 2745 1087 2785 (is
1099 2743 1280 2781 maximae)
1303 2742 1373 2774 CD
1386 2743 1416 2773 E
1435 2743 1565 2774 ‘omnes
1583 2740 1684 2772 mei‘.

310 2793 503 2842 conlocauit
519 2795 562 2826 B.
737 2796 844 2829 Iulius
865 2796 986 2828 Celsus
1005 2794 1251 2827 Constantinus
1270 2806 1304 2827 u.
1325 2805 1355 2826 c.
1375 2795 1443 2835 legi
1462 2793 1543 2825 belli
1563 2792 1686 2824 Gallici

208 2842 293 2873 liber
310 2843 431 2875 tertius
450 2846 592 2888 explicit
613 2847 654 2879 B.
