1835 3240
723 197 831 204 -——
893 170 1117 213 60—-

179 284 217 323 in
242 283 463 325 citeriorem
487 283 653 325 Galliam
676 288 892 340 profectum
913 297 1017 323 esse.
1059 281 1201 335 Neque
1223 283 1417 334 hibernis,
1448 284 1481 323 si
1503 284 1654 337 quidem

179 351 437 393 multitudinis
469 367 631 394 numero
660 367 736 393 una
766 366 830 392 res
863 358 1042 398 notatur,
1087 350 1163 390 alia
1194 351 1266 391 uisi
1300 359 1430 392 castra
1459 352 1655 391 hominum

180 418 416 460 multitudini
447 421 495 461 ad
525 421 769 461 hiemandum
801 419 1015 458 constituta
1043 418 1328 472 significantur.
1392 417 1655 459 Schneiderus

178 500 275 526 uero
297 488 411 528 etiam
433 488 473 527 in
496 488 678 527 citeriore
692 485 821 526 Gallia
843 486 1004 525 hiberna
1028 493 1268 526 commentus
1291 493 1365 526 est.
1395 485 1532 527 Videri
1554 487 1656 525 enim

177 553 231 594 ibi
254 569 408 609 quoque
424 552 636 594 Caesarem
660 554 789 607 copias
813 552 996 593 habuisse
1017 561 1132 606 atque
1156 554 1196 593 in
1218 568 1352 594 earum
1374 553 1545 593 hibernis
1565 567 1657 592 con-

177 621 358 661 uentibus
381 623 550 675 peractis
583 628 861 661 commoratum
896 634 998 660 esse.
1062 620 1207 661 Habuit
1241 621 1326 661 sine
1359 620 1474 660 dubio
1505 620 1653 673 copias,

177 702 314 729 uerum
336 704 413 729 non
437 689 631 729 hiemandi
653 703 771 728 causa
795 702 840 728 eo
863 688 1048 729 deductas
1064 720 1074 738 ‚
1099 690 1167 729 sed
1191 703 1288 742 qnae
1310 688 1507 742 praesidia
1527 687 1568 727 in
1590 701 1656 740 op-

178 756 276 810 pidis
299 756 537 796 obtinerent.
582 755 734 795 Deinde
757 756 921 795 hiberna
943 755 1014 795 hoc
1037 757 1146 806 loco,
1186 770 1272 796 rum
1305 757 1410 796 nulla
1440 770 1484 796 re
1506 755 1656 795 adiecta

177 831 593 873 commemorarentur,
619 838 697 863 non
720 830 901 877 poterant
922 824 997 864 alia
1018 825 1191 879 intellegi
1214 839 1328 878 quam
1344 824 1544 865 ulterioris
1563 822 1657 863 Gal-

177 891 268 939 liae,
293 905 390 944 quae
413 892 498 932 sola
518 891 696 944 legentes
719 906 771 932 ex
793 892 996 945 superiore
1018 894 1297 933 commentario
1320 898 1606 946 cognouerant.

289 956 338 999 C.
363 958 412 1005 8,
447 958 471 999 3
493 959 740 999 restituenda
763 967 847 1000 erat
871 960 965 1000 haec
988 961 1205 1014 scriptura:
1253 960 1354 1001 ‘Vbi
1387 966 1545 1000 nostros
1578 973 1656 998 non

176 1040 264 1066 csse
285 1027 495 1067 inferiores
517 1027 739 1076 intellexit,
775 1028 863 1067 loco
893 1042 961 1081 pro
993 1030 1133 1069 castris
1165 1030 1212 1069 ad
1240 1030 1364 1070 aciem
1386 1029 1654 1068 instruendam

176 1101 317 1134 natura
340 1101 555 1148 opportuno
579 1102 694 1147 atque
716 1095 880 1146 idoneo,
915 1098 1013 1149 quod
1045 1097 1079 1137 is
1102 1098 1235 1146 collis,
1270 1097 1335 1136 ubi
1367 1103 1497 1136 castra
1530 1096 1656 1148 posita

176 1170 304 1212 erant,
330 1163 526 1215 paululum
551 1177 600 1203 ex
623 1163 783 1216 planitie
807 1164 932 1204 editus
954 1171 1103 1205 tantum
1127 1165 1318 1205 aduersus
1349 1164 1389 1203 in
1411 1163 1657 1203 latitudinem

174 1230 352 1282 patebat,
377 1237 563 1283 quantum
591 1231 667 1270 loci
690 1231 795 1271 acies
816 1232 1012 1272 instructa
1035 1246 1227 1285 occupare
1249 1239 1426 1286 poterat,
1460 1238 1576 1283 atque
1605 1245 1657 1271 ex

175 1304 338 1350 utraque
359 1305 468 1351 parte
499 1298 636 1338 lateris
669 1299 844 1339 deiectus
874 1300 1040 1340 habebat
1071 1307 1110 1340 et
1130 1300 1169 1339 in
1191 1301 1359 1340 frontem
1382 1299 1525 1339 leniter
1546 1299 1657 1339 fasti-

174 1372 289 1417 gatus
312 1366 494 1418 paulatim
517 1367 564 1406 ad
587 1367 785 1420 planitiem
808 1367 984 1416 redibat,
1021 1367 1067 1407 ab
1099 1374 1263 1419 utroque
1293 1368 1417 1406 latere
1439 1367 1522 1406 eius
1546 1366 1656 1405 collis

174 1438 439 1473 transuersam
465 1435 607 1474 fossam
631 1432 795 1473 obduxit
810 1438 820 1453 ⁹
843 1441 938 1474 cett.
982 1433 1089 1474 Nam
1113 1439 1122 1457 ‘
1138 1435 1179 1473 in
1200 1434 1390 1473 frontem'
1415 1440 1476 1474 est
1496 1434 1535 1473 in
1555 1432 1658 1473 inte-

172 1499 253 1552 gris
277 1501 388 1539 codd.
415 1508 453 1541 et
474 1502 590 1556 longe
614 1501 790 1554 plurimis
810 1502 1074 1551 deteriorum,
1104 1500 1302 1541 ‘frontem'
1327 1502 1472 1541 omissa
1492 1515 1657 1554 praepo-

171 1566 314 1608 sitione
344 1568 381 1607 in
414 1569 676 1621 interpolatis.
740 1567 947 1608 Posterius
972 1567 1272 1621 Oudendorpius
1302 1568 1454 1621 posuit,
1492 1567 1657 1608 Schnei-

173 1634 289 1674 derus
314 1648 367 1674 ex
389 1636 536 1675 duobus
561 1636 702 1676 nullius
725 1636 839 1689 pretii
863 1636 973 1675 codd.
999 1636 1159 1676 reduxit
1182 1640 1192 1658 ⁴
1207 1635 1247 1674 in
1270 1636 1398 1674 fronte
1413 1638 1439 1684 ³,
1465 1636 1564 1688 quod
1587 1650 1655 1675 an-

173 1708 236 1742 tea
258 1702 460 1751 edebatur,
487 1703 575 1755 quia
599 1703 654 1742 ‘in
678 1703 857 1743 frontem*
881 1703 928 1742 ab
951 1703 1122 1742 librariis
1146 1703 1312 1756 positum
1336 1703 1556 1752 uideretur,
1591 1704 1654 1755 qui

174 1770 304 1810 fronte
337 1784 523 1810 cacumen
557 1771 670 1810 collis
714 1770 929 1823 significari
972 1777 1191 1824 putassent.
1256 1768 1370 1822 Quod
1410 1784 1654 1823 nequaqnam

173 1851 312 1878 uerum
334 1845 410 1878 est.
456 1836 580 1878 Collis
603 1838 705 1878 enim
727 1839 766 1878 in
791 1839 958 1877 frontem
982 1838 1189 1890 fastigatus
1213 1845 1274 1877 est
1294 1838 1327 1877 is
1343 1869 1353 1887 ,
1392 1839 1454 1889 qui
1488 1852 1510 1877 a
1542 1844 1654 1890 tergo

172 1904 213 1945 in
237 1905 405 1945 frontem
427 1907 614 1959 assurgit,
639 1914 681 1946 ut
702 1907 914 1947 uernacule
937 1905 1086 1951 dicam,
1119 1905 1219 1945 nach
1252 1918 1374 1944 uorne
1405 1904 1648 1958 ansteigend.

171 1970 309 2025 Itaque
331 1974 377 2013 ad
400 1975 633 2015 sententiam
657 1975 769 2027 plane
791 1975 891 2014 idem
915 1981 998 2023 est,
1030 1980 1160 2012 utrum
1182 1975 1219 2011 in
1243 1972 1386 2021 fronte,
1412 1986 1462 2011 an
1483 1972 1523 2011 in
1547 1973 1655 2012 fron-

171 2046 250 2080 tem
274 2041 480 2094 fastigatus
504 2043 614 2083 collis
637 2043 812 2083 dicatur:
848 2056 937 2081 nam
970 2041 1031 2080 hic
1053 2054 1075 2080 a
1096 2048 1207 2092 tergo
1230 2052 1445 2091 assurgens
1476 2039 1516 2078 in
1548 2041 1654 2079 fron-

173 2114 249 2148 tem
273 2122 295 2148 a
313 2109 442 2149 fronte
464 2124 604 2151 rursus
626 2111 671 2151 ad
694 2110 891 2165 planitiem
914 2109 1031 2155 redit,
1056 2107 1119 2148 ille
1138 2107 1346 2160 fastigatus
1362 2106 1403 2146 in
1424 2107 1552 2148 fronte
1576 2114 1652 2147 ter-

172 2189 263 2228 gum
285 2175 400 2216 habet
421 2178 468 2217 ad
490 2178 688 2231 planitiem
711 2178 969 2219 descendens.

287 2240 336 2283 C.
363 2243 430 2290 12,
458 2244 478 2284 1
504 2246 599 2285 haec
621 2247 830 2300 leguntur:
867 2243 1091 2285 ‘Postridie
1115 2244 1198 2284 eius
1221 2244 1297 2284 diei
1319 2241 1495 2293 Caesar,
1526 2244 1654 2296 prius-

174 2324 286 2364 quam
309 2325 351 2351 se
374 2312 507 2353 hostes
530 2326 583 2353 ex
604 2321 760 2354 terrore
777 2327 821 2352 ac
838 2313 928 2366 fuga
945 2311 1181 2365 reciperent,
1207 2312 1245 2351 in
1263 2312 1359 2351 fines
1378 2309 1650 2360 Suessionum,

173 2377 236 2431 qui
259 2379 428 2432 proximi
451 2379 589 2420 Remis
612 2388 751 2430 erant,
787 2370 1006 2420 exercitum
1039 2380 1152 2419 (luxit
1175 2385 1211 2419 et
1235 2393 1377 2432 magno
1399 2378 1538 2418 itinere
1561 2392 1653 2417 con·

173 2446 277 2486 fecto
299 2445 346 2486 ad
369 2448 547 2500 oppidum
569 2447 847 2488 Nouiodunum
871 2447 1100 2488 contendit'.
1136 2446 1286 2497 Magno
1309 2447 1451 2486 itinere
1474 2445 1653 2485 confecto

171 2511 455 2555 Nouiodunum
479 2516 731 2556 contendisse
754 2514 905 2556 Caesar
935 2516 989 2555 ita
1022 2514 1172 2554 demum
1197 2514 1271 2554 dici
1293 2520 1471 2568 poterat,
1505 2519 1547 2552 ut
1578 2512 1653 2551 duo

172 2582 317 2622 itinera
340 2589 532 2636 tamquam
555 2583 657 2624 inter
677 2597 721 2624 se
743 2590 920 2636 separata
944 2582 1291 2635 intellegerentur,
1324 2581 1430 2635 prius
1453 2593 1651 2632 magnum,

130 2644 137 2648 “
173 2650 388 2704 posterius,
413 2665 488 2703 quo
509 2651 576 2691 illo
600 2652 780 2691 confecto
802 2649 1085 2691 Nouiodunum
1108 2648 1432 2689 contendebatur.
1477 2644 1555 2687 Sed
1577 2647 1655 2687 iter

174 2718 222 2758 ad
244 2718 423 2771 oppidum
445 2717 727 2759 Nouiodunum
743 2749 753 2768 ‚
788 2718 888 2771 quod
919 2731 962 2757 re
983 2730 1079 2756 nera
1101 2731 1217 2756 unum
1241 2723 1349 2765 erat,
1382 2716 1437 2755 ita
1469 2714 1652 2754 diducere

172 2785 346 2839 ineptum
369 2793 469 2834 erat,
495 2786 570 2826 nisi
591 2786 679 2826 finis
696 2786 834 2838 aliquis
858 2785 1162 2837 significaretur,
1190 2784 1252 2824 nbi
1270 2797 1451 2837 magnum
1469 2782 1546 2822 iter
1561 2796 1654 2821 con—

175 2853 319 2893 fectum
342 2854 481 2894 fuisset
495 2884 504 2900 ‚
537 2860 580 2893 ut
599 2853 690 2893 inde
712 2853 822 2906 quasi
844 2852 1010 2893 alterum
1033 2858 1277 2892 nasceretur.
1340 2849 1545 2891 Eiusmodi
1567 2863 1654 2889 cum
