1835 3240
93 164 177 207 480
618 163 692 208 DE
723 162 912 206 BELLO
946 163 1196 212 GALLICO

125 279 152 319 2
174 278 369 333 tripertito
392 277 616 318 cohortibus
641 278 777 317 diuisis
800 277 902 317 trina
926 278 1199 319 excelsissimo
1220 279 1307 320 loco
1330 285 1462 320 castra
1483 279 1600 329 fecit3
1627 293 1648 319 a

174 347 313 400 quibus
335 335 541 400 paulatim,
579 352 764 397 quantum
796 344 931 398 copiae
964 346 1240 399 patiebantur,
1274 347 1418 388 uallum
1450 347 1488 387 in
1521 347 1646 400 oppidi

94 414 153 458 34
175 414 378 455 circuitum
413 415 552 454 ducere
583 412 768 452 instituit.
813 410 928 465 Quod
960 427 1046 452 cum
1079 413 1440 455 animaduerterent
1469 414 1650 468 oppidani

169 482 467 534 miserrimaque
488 480 650 520 Alesiae
672 481 865 520 memoria·
882 480 1038 521 solliciti
1068 481 1233 521 similem
1256 495 1387 521 casum
1410 482 1649 522 obsessionis

169 557 420 597 uererentur,
445 547 692 601 maximeque
715 561 767 588 ex
788 548 968 588 omnibus
989 547 1204 590 Lucterius
1221 580 1231 599 ,
1255 549 1320 601 qui
1343 549 1522 590 fortunae
1542 550 1646 591 illius

170 617 384 672 periculum
409 617 571 663 fecerat,
596 623 775 657 moneret
793 617 978 657 frumenti
990 617 1183 657 rationem
1198 630 1286 657 esse
1301 616 1531 667 habendam,
1557 632 1650 658 con-

171 686 336 726 stituunt
360 684 532 723 omnium
556 698 752 725 consensu
766 691 876 738 parte
898 685 949 725 ibi
971 685 1109 725 relicta
1123 684 1321 737 copiarum
1344 683 1417 737 ipsi
1431 698 1517 724 cum
1529 698 1650 738 expe-

122 753 149 792 2
171 754 259 794 ditis
283 753 330 791 ad
352 752 639 805 importandum
663 753 900 794 frumentum
923 752 1135 807 proficisci.
1197 750 1260 792 Eo
1295 752 1458 792 consilio
1489 752 1650 806 probato

170 834 362 875 proxuma
385 826 501 860 nocte
523 820 674 860 duobus
697 821 850 861 milibus
874 828 1112 861 armatorum
1144 820 1290 862 relictis
1312 820 1486 873 reliquos
1509 834 1563 860 ex
1583 834 1650 874 op-

121 887 146 928 3
169 889 255 942 pido
278 886 455 942 Drappes
479 894 518 928 et
537 886 752 929 Lucterius
775 889 956 929 educunt.
983 888 1034 929 Hi
1058 902 1200 942 paucos
1223 888 1308 929 dies
1330 889 1471 928 morati
1494 902 1546 929 ex
1567 888 1652 928 fini-

168 957 239 996 bus
263 953 532 996 Cadurcorum
550 987 559 1005 ,
598 957 661 1010 qui
694 957 834 1010 partim
855 971 899 997 re
922 957 1176 997 frumentaria
1201 955 1408 997 subleuare
1431 970 1499 996 eos
1522 956 1652 1009 cupie-

167 1024 276 1075 bant,
301 1024 440 1078 partim
464 1024 671 1077 prohibere
687 1056 697 1074 ,
731 1039 806 1077 quo
838 1025 965 1065 minus
988 1031 1205 1074 sumerent,
1230 1039 1306 1065 non
1330 1030 1536 1079 poterant,
1570 1037 1652 1063 ma-

168 1106 287 1146 gnum
310 1105 514 1132 numerum
537 1092 718 1132 frumenti
743 1099 983 1146 conparant,
1020 1107 1309 1146 nonnumquam
1340 1100 1468 1133 autem
1491 1090 1651 1145 expedi-

121 1159 147 1200 4
170 1160 340 1200 tionibus
364 1161 571 1200 nocturnis
594 1160 756 1200 castella
780 1168 1005 1200 nostrorum
1028 1160 1275 1204 adoriuntur.
1339 1157 1466 1211 Quam
1491 1158 1538 1199 ob
1560 1173 1651 1199 cau-

169 1242 252 1268 sam
277 1225 401 1267 Gaius
425 1225 618 1267 Caninius
640 1234 724 1267 toto
748 1228 887 1281 oppido
909 1228 1147 1267 munitiones
1182 1227 1425 1267 circumdare
1457 1233 1650 1276 moratur,

168 1310 219 1335 ne
241 1303 309 1336 aut
330 1309 425 1348 opus
448 1295 629 1335 effectum
653 1295 751 1335 tueri
775 1309 851 1335 uon
875 1295 1000 1349 possit
1020 1302 1089 1336 aut
1111 1295 1287 1349 plurimis
1317 1295 1357 1335 in
1380 1294 1477 1335 locis
1498 1294 1652 1334 infirma

91 1362 147 1407 35
172 1363 353 1416 disponat
384 1363 593 1416 praesidia.
646 1361 798 1416 Magna
830 1364 940 1417 copia
972 1363 1158 1404 frumenti
1189 1370 1414 1416 comparata
1443 1363 1653 1403 considunt

168 1428 349 1484 Drappes
373 1437 410 1470 et
431 1429 648 1471 Lucterius
672 1445 748 1471 non
771 1431 927 1485 longius
949 1432 996 1472 ab
1019 1431 1158 1486 oppido
1180 1438 1212 1472 X
1235 1431 1406 1481 milibus,
1434 1431 1536 1470 unde
1559 1444 1652 1483 pau-

119 1497 146 1538 2
166 1499 272 1538 latim
296 1500 532 1539 frumentum
556 1499 594 1538 in
618 1499 795 1553 oppidum
819 1500 1111 1553 subportarent.
1136 1498 1215 1554 Ipsi
1238 1499 1343 1539 inter
1363 1512 1406 1539 se
1428 1498 1652 1552 prouincias

167 1567 411 1621 partiuntur:
437 1565 617 1621 Drappes
641 1568 783 1608 castris
807 1569 1003 1622 praesidio
1026 1583 1109 1608 cum
1134 1574 1244 1622 parte
1267 1567 1464 1620 copiarum
1479 1565 1650 1616 restitit3

121 1632 146 1673 3
168 1633 380 1675 Lucterius
411 1649 550 1688 agmen
584 1636 845 1677 iumentorum
879 1637 926 1677 ad
959 1637 1139 1690 oppidum
1170 1636 1291 1676 ducit.
1354 1633 1573 1688 Dispositis·
1599 1633 1651 1672 ibi

166 1703 373 1756 praesidiis
399 1703 494 1743 bora
517 1704 643 1744 noetis
667 1705 826 1744 circiter
848 1705 996 1745 decima
1018 1704 1268 1744 siluestribus
1301 1702 1556 1756 angustisque
1588 1700 1650 1740 iti-

119 1770 145 1810 4
169 1771 327 1811 neribus
350 1771 587 1811 frumentum
611 1772 811 1826 inportare
832 1773 871 1812 in
894 1773 1074 1826 oppidum
1096 1772 1281 1812 instituit.
1345 1768 1520 1822 Quorum
1553 1775 1650 1809 stre-

168 1839 288 1892 pitum
321 1839 460 1892 uigiles
484 1847 704 1880 castrorum
738 1855 823 1884 cum
854 1840 1098 1888 sensissent,
1130 1839 1482 1893 exploratoresque
1513 1837 1646 1885 missi,

169 1919 268 1959 quae
290 1914 539 1960 gererentur,
566 1908 878 1957 renuntiassent,
904 1906 1096 1948 Caninius
1120 1907 1304 1947 celeriter
1318 1920 1402 1946 cum
1426 1904 1652 1945 cohortibus

166 1975 328 2014 armatis
351 1988 403 2013 ex
426 1976 617 2028 proximis
640 1976 815 2016 castellis
838 1976 875 2015 in
901 1976 1179 2015 frumentarios
1201 1975 1270 2014 sub
1287 1975 1409 2028 ipsam
1433 1974 1557 2013 lucem
1580 1972 1652 2012 im-

120 2042 143 2081 5
167 2049 296 2096 petum
321 2041 428 2081 fecit.
480 2039 512 2081 Ii
535 2043 741 2096 repentino
764 2042 865 2082 malo
888 2042 1086 2095 perterriti
1111 2041 1320 2094 diffugiunt
1340 2041 1388 2081 ad
1410 2055 1480 2080 sua
1503 2038 1648 2093 praesi-

169 2107 256 2157 dia3
280 2119 382 2158 quae
405 2105 526 2145 nostri
552 2114 594 2146 ut
616 2106 816 2155 uiderunt,
843 2106 972 2146 acrius
997 2112 1134 2145 contra
1157 2111 1330 2145 armatos
1354 2103 1505 2143 incitati
1528 2102 1650 2142 nemi-

316 2198 326 2229 l
351 2198 522 2239 tripertito
541 2198 581 2237 B,
603 2208 670 2229 ηοη
693 2198 826 2239 tripart.
993 2196 1227 2228 excelsissimo
1248 2195 1306 2233 de,
1328 2194 1518 2226 celsissimo
1538 2193 1567 2224 B
1587 2192 1650 2223 ‘re-

169 2248 293 2290 liqui}
313 2249 602 2280 excellentissimo
623 2250 682 2281 be.
825 2249 942 2281 facite
962 2249 1075 2281 Ooeon.
1224 2248 1242 2280 3
1263 2247 1409 2278 animum
1429 2246 1649 2277 aduerterent

167 2310 213 2331 θα·
232 2310 299 2331 uno
319 2299 412 2331 And.
433 2310 468 2330 v.
609 2301 629 2332 4
648 2300 775 2332 soliciti
793 2304 877 2332 ante
896 2309 989 2332 corr.
1009 2300 1053 2332 B.
1204 2308 1339 2330 causam
1364 2298 1403 2329 A.
1560 2295 1651 2326 obsi-

169 2352 280 2383 dionis
301 2352 331 2383 Ζ).
475 2352 490 2382 5
511 2352 589 2383 ilius
608 2356 691 2384 ante
707 2363 799 2384 corr.
819 2353 861 2384 B.
1013 2352 1031 2384 7
1051 2352 1097 2383 ibi
1116 2361 1183 2383 om.
1206 2351 1237 2382 b.
1399 2350 1419 2381 8
1436 2352 1650 2390 comportan-

166 2404 241 2434 dum
265 2403 295 2434 b.
437 2402 455 2434 9
474 2405 692 2445 proxumaA.
837 2405 875 2437 10
895 2405 926 2435 hi
940 2404 1060 2436 Bedd.
1081 2406 1164 2435 ante
1181 2402 1279 2441 Ald„
1301 2401 1451 2433 iiAldus
1470 2411 1504 2432 ιι.

169 2455 208 2487 11
229 2465 285 2485 eos
306 2465 373 2485 om.
398 2455 438 2487 C.
582 2456 619 2487 13
640 2461 828 2497 conparant
845 2456 886 2488 B.
1028 2464 1275 2497 nonnumquam
1293 2454 1336 2486 B.
1481 2453 1521 2485 15
1544 2451 1650 2484 Gaius

168 2507 210 2546 Β,
232 2505 270 2537 C.
292 2516 326 2536 u.
482 2506 649 2548 moratur]
669 2512 813 2539 conatur
831 2509 888 2539 be.
1048 2508 1086 2540 16
1106 2507 1214 2549 possit
1232 2506 1348 2545 bede,
1370 2510 1485 2548 posset
1503 2505 1533 2536 B
1554 2499 1650 2536 ''reli-

169 2557 262 2599 qui'.
284 2557 321 2587 P.
343 2557 397 2589 84.
570 2558 724 2599 plurimis
744 2558 828 2590 locis
849 2559 877 2598 ἱ»,
900 2559 1052 2600 pluribus
1071 2558 1154 2589 locis
1173 2568 1202 2588 e.
1392 2557 1429 2589 17
1449 2556 1603 2588 considet
1622 2557 1652 2588 B

170 2610 268 2640 ‘mss.
294 2608 356 2639 10⁹.
524 2609 563 2641 18
584 2608 661 2650 non]
682 2620 743 2640 nec
766 2610 806 2641 C.
970 2610 1069 2650 longe
1090 2610 1122 2640 b.
1296 2608 1411 2639 decem
1430 2608 1505 2648 (B).

170 2659 210 2691 19
229 2659 472 2700 subportarent
489 2660 530 2691 B.
673 2661 715 2692 20
736 2662 912 2703 patiuntur
928 2662 970 2693 B.
1117 2660 1154 2692 21
1178 2659 1234 2701 ad]
1255 2660 1287 2691 in
1305 2671 1325 2692 α
1341 2661 1357 2691 b
1371 2672 1400 2691 e.
1557 2662 1650 2693 ducit

168 2710 198 2742 B
219 2709 393 2751 ‘reliqni',
416 2710 511 2741 duxit
530 2721 568 2750 e;
589 2710 765 2742 adducito
784 2715 831 2751 et,
855 2713 942 2742 ‘nisi
958 2711 1298 2752 eoecerptasallmtt,
1319 2710 1399 2742 ed’.
1541 2711 1582 2743 23
1602 2712 1651 2743 in-

169 2765 304 2803 portare
324 2760 365 2792 B.
538 2762 580 2794 ‘25
600 2766 803 2801 gererentur
822 2763 851 2794 B
866 2762 892 2794 C
907 2762 923 2793 b
937 2772 952 2792 e
970 2764 1005 2792 et
1021 2771 1089 2792 see.
1110 2771 1156 2792 m.
1173 2762 1243 2800 ?A‚
1265 2766 1451 2801 agerentur
1473 2772 1504 2792 u.

170 2823 243 2844 cum
263 2823 331 2844 om.
354 2813 413 2845 be.
555 2814 597 2845 27
619 2812 704 2844 facit
724 2814 741 2844 b
755 2825 783 2845 e.
934 2813 972 2855 ii]
992 2814 1022 2845 in
1042 2814 1123 2846 BC.
1296 2814 1339 2847 28
1360 2813 1479 2855 nostri]
1500 2815 1584 2847 nibil
1601 2825 1648 2846 m.

167 2874 226 2905 pr.
246 2864 289 2896 B.
431 2864 547 2895 uidere
567 2864 584 2896 b
605 2863 719 2896 Ooeon.

1685 895 1725 928 10

1685 1233 1726 1266 15
