1835 3240
675 140 1102 184 —235—

140 265 244 313 ‘pars
267 263 327 296 est
348 255 548 308 deiecta'),
574 255 800 294 necessario
823 261 969 303 tamen,
995 261 1039 293 ut
1059 252 1238 306 proxima
1262 252 1421 306 adiungi
1442 262 1620 307 possent,

135 325 409 366 declarandum
433 330 543 372 erat,
576 337 650 375 qua
670 322 826 362 ratione
848 322 990 362 milites
1012 321 1070 361 illi
1093 318 1351 369 Caesariani,
1386 320 1449 372 qui
1471 329 1621 373 partem

134 394 233 434 muri
256 392 502 440 deiecerant,
537 390 577 430 in
608 396 841 443 potestatem
864 389 1143 443 oppidanorum
1167 386 1455 441 peruenissent.
1508 387 1621 428 Alte-

131 474 216 500 rum
240 460 449 508 defectum,
475 472 588 511 quem
610 464 698 511 post
730 456 984 497 ‘conseruati'
1009 455 1160 502 notaui,
1185 454 1266 494 sola
1290 454 1441 506 quidem
1465 462 1624 494 senten-

134 529 212 577 tia,
246 529 314 567 sed
347 526 594 581 apertissime
625 525 788 564 indicat.
831 524 936 564 Nam
967 537 1095 575 neque
1118 522 1262 562 milites
1286 520 1552 562 Caesarianos
1575 522 1622 561 ab

135 596 335 649 oppidanis
359 600 616 635 conseruatos
646 592 848 645 probabile
881 598 941 631 est
963 588 1178 630 Caesarem
1201 603 1363 638 orasse,
1401 595 1442 627 ut
1473 588 1623 641 praesi-

134 663 238 702 dium
259 661 541 716 Pompeianum
567 660 804 706 dimitteret,
839 666 902 707 ct,
936 665 980 698 ut
1011 657 1083 696 hoc
1105 657 1156 696 ita
1183 658 1324 696 factum
1349 665 1479 706 esset,
1515 662 1623 696 certe

134 731 338 770 dicendum
361 737 469 779 erat,
504 742 616 782 quem
640 733 845 776 orassent,
871 727 1039 778 itemque
1072 724 1285 778 oppidanos
1310 724 1474 764 dedendi
1496 724 1623 778 oppidi

133 798 338 838 consilium
371 798 522 851 cepisse
554 802 593 836 et
623 802 757 849 captos
787 794 931 834 milites
965 790 1231 832 Caesarianos
1262 792 1466 832 remisisse
1497 791 1624 845 iisque

133 866 366 915 mandasse,
401 872 443 904 ut
464 863 715 904 condiciones
740 861 903 902 dedendi
925 860 1052 914 oppidi
1075 860 1121 900 ad
1145 857 1360 900 Caesarem
1383 861 1621 913 perferrent.

132 934 284 975 Verum
314 933 528 987 oppidanos
560 945 629 984 per
658 932 811 984 legatos
844 943 895 969 ex
928 943 998 969 suo
1031 942 1197 968 numero
1221 928 1472 968 condiciones
1495 928 1624 981 perfe-

133 1002 276 1042 rendas
295 1013 457 1040 curasse
474 999 660 1039 inferiora
678 999 821 1039 docent
854 995 926 1036 ‘lbi
955 1011 1042 1036 cum
1070 997 1109 1036 in
1129 997 1307 1051 oppidum
1328 995 1619 1036 reuertissent':

133 1082 258 1122 neque
281 1068 383 1108 enim
398 1064 665 1107 Caesarianos
689 1067 832 1106 milites
857 1065 903 1105 ab
917 1064 1118 1118 oppidanis
1131 1065 1313 1104 dimissos
1332 1078 1416 1103 cnm
1433 1061 1625 1103 Caesaris

133 1150 340 1190 responso,
366 1135 467 1188 quod
489 1136 683 1184 refertur,
717 1136 757 1175 in
780 1134 958 1187 oppidum
983 1146 1188 1187 regressos
1219 1146 1307 1172 esse
1331 1131 1517 1171 credibile
1541 1138 1614 1170 est.

137 1203 343 1245 Lacunam
365 1210 494 1243 autem
518 1203 607 1242 inde
638 1209 764 1243 ortam
797 1202 1010 1251 existimo,
1046 1200 1147 1252 quod
1181 1199 1368 1253 scriptum
1402 1206 1487 1239 erat
1512 1203 1623 1238 ‘con-

133 1272 281 1312 seruati
304 1271 493 1324 missique
517 1277 608 1310 sunt
630 1270 761 1321 faeti',
794 1271 849 1311 ita
871 1277 911 1309 ut
944 1269 1032 1309 hine
1055 1268 1102 1308 ad
1124 1267 1245 1308 uerba
1280 1274 1289 1290 4
1305 1267 1448 1307 missos
1480 1265 1626 1307 facere’

134 1339 401 1378 aberraretur.
1278 1387 1283 1390 .

247 1404 293 1445 In
316 1405 506 1445 extremis
530 1405 662 1446 uerbis
685 1420 719 1445 c.
747 1405 799 1445 ’14
830 1410 840 1429 4
857 1403 935 1458 Qui
968 1419 1054 1444 eum
1086 1405 1215 1457 aliquo
1238 1404 1326 1443 loco
1349 1417 1369 1442 a
1392 1402 1540 1442 nostris
1562 1415 1626 1441 re-

136 1474 236 1527 cepti
260 1470 408 1523 essent,
434 1480 476 1513 ut
498 1481 773 1521 consuessent,
809 1487 861 1513 ex
882 1473 999 1513 simili
1021 1473 1169 1512 uirtute
1193 1472 1364 1511 elamore
1387 1471 1488 1510 facto
1512 1483 1628 1510 auer-

134 1542 210 1581 sati
232 1549 323 1581 sunt
344 1541 533 1594 proelium
557 1542 701 1581 facere'
725 1541 1001 1580 coniunctiuus
1038 1538 1349 1579 ‘consuessent'
1373 1537 1534 1578 tolerari
1558 1550 1628 1577 ne-

136 1609 242 1662 quit3
278 1608 370 1657 sed,
406 1608 597 1660 quomodo
622 1608 717 1647 haec
741 1609 983 1648 emendanda
1005 1608 1109 1657 sint,
1145 1621 1224 1646 non
1253 1606 1424 1659 reperio.
1480 1603 1628 1645 Cetera

133 1683 265 1716 tamen
287 1682 395 1715 recta
418 1682 523 1714 sunt.
567 1674 672 1714 Nam
695 1676 815 1715 uerba
847 1680 857 1699 ‘
874 1689 926 1714 ex
956 1674 1073 1715 simili
1096 1672 1266 1714 uirtute'
1300 1687 1370 1726 per
1400 1672 1626 1712 irrisionem

135 1744 332 1783 dicuntur.
379 1740 433 1782 Vt
464 1743 565 1783 enim
588 1742 846 1797 Pompeiani,
881 1757 968 1782 curn
1003 1742 1231 1782 cedentibus
1256 1738 1514 1781 Caesarianis
1542 1740 1629 1779 lon-

135 1811 220 1864 gius
244 1811 611 1865 progrediebantur,
637 1811 822 1851 uirtutem
846 1811 931 1850 sine
954 1810 1127 1863 periculo
1150 1809 1409 1857 simulabant,
1434 1809 1514 1857 ita,
1540 1821 1627 1846 eum

136 1879 415 1932 congrediendi
446 1880 554 1932 eopia
588 1886 717 1930 esset,
759 1880 850 1920 forti
881 1879 1054 1919 clamore
1082 1877 1280 1931 ignauiam
1312 1876 1525 1930 tegebant,
1559 1874 1628 1915 sed

137 1961 393 2000 congressum
415 1946 653 1987 abnuebant.

247 2014 365 2055 Prior
393 2029 484 2069 pars
517 2029 551 2055 c.
588 2014 639 2055 15
671 2014 947 2068 interpolando
981 2020 1167 2067 corrupta
1200 2020 1276 2054 est.
1338 2011 1474 2052 Prima
1506 2010 1629 2051 uerba

136 2084 229 2124 haee
252 2090 367 2123 sunt:
403 2081 522 2124 ‘Fere
552 2084 652 2137 apud
683 2082 886 2123 exercitus
922 2082 1018 2122 baec
1050 2089 1111 2121 est
1143 2081 1339 2135 equestris
1371 2078 1513 2134 proelii
1536 2092 1629 2119 con-

135 2152 323 2192 suetudo:
359 2165 446 2191 cum
476 2165 594 2205 eques
617 2151 664 2191 ad
687 2150 949 2190 dimicandum
971 2149 1131 2189 dimisso
1155 2163 1253 2202 equo
1277 2162 1362 2188 cum
1385 2147 1515 2201 pedite
1536 2160 1629 2186 eon-

134 2220 326 2273 greditur,
351 2233 593 2273 nequaquam
616 2233 687 2273 par
708 2219 886 2258 habetur.
930 2215 975 2257 Id
999 2217 1099 2269 quod
1122 2217 1163 2256 iu
1186 2217 1258 2256 hoc
1280 2216 1424 2257 accidit
1445 2213 1626 2269 proelio'.

133 2285 284 2326 Verum
315 2287 417 2339 quod
449 2301 565 2340 supra
597 2287 908 2326 demonstratum
932 2292 1016 2332 est,
1053 2298 1299 2336 nequaquam
1329 2284 1369 2323 in
1402 2297 1447 2323 eo
1479 2281 1631 2336 proelio

136 2354 291 2404 accidit,
318 2355 418 2407 quod
441 2354 625 2406 deinceps
648 2353 845 2401 refertur,
872 2351 939 2392 sed
963 2351 1076 2404 plane
1099 2352 1358 2391 contrarium.
1404 2347 1504 2390 Cum
1527 2349 1630 2390 enim

139 2422 288 2474 equites
311 2419 545 2462 Caesariani
577 2435 661 2460 eum
695 2420 890 2473 peditibus
914 2418 1093 2474 Pompeii
1124 2420 1329 2473 congressi
1359 2432 1409 2458 ex
1434 2418 1543 2471 equis
1566 2417 1631 2456 (le-

139 2489 410 2539 scendissent‚
447 2503 492 2530 ea
523 2503 568 2529 re
590 2488 735 2528 uicisse
756 2486 1020 2541 Pompeianos
1044 2487 1240 2528 dicuntur.
1284 2486 1428 2539 Neque
1460 2485 1630 2538 equitem

140 2556 257 2609 pediti
278 2571 410 2610 parem
432 2570 520 2597 esse
542 2556 715 2596 habitum
738 2571 791 2597 ex
813 2555 933 2597 Caes.
958 2556 997 2596 b.
1025 2554 1129 2595 Gall.
1156 2555 1209 2606 V,
1237 2554 1304 2604 16,
1328 2554 1355 2594 2
1377 2552 1627 2608 perspicitur,

142 2622 205 2675 qni
227 2624 377 2676 equites
400 2639 492 2665 suos
514 2638 656 2679 magno
691 2639 779 2665 eum
802 2625 976 2679 periculo
1000 2638 1088 2663 cum
1111 2623 1321 2664 essedariis
1344 2621 1629 2662 Britannorum

142 2689 347 2730 dimicasse
368 2693 516 2740 refert,
549 2699 760 2746 propterea
791 2693 893 2745 quod
925 2692 963 2732 hi
985 2706 1038 2732 ex
1060 2692 1212 2732 essedis
1236 2690 1441 2730 desilirent
1463 2696 1502 2728 et
1524 2687 1631 2741 pedi-

141 2757 211 2797 bus
235 2758 377 2811 dispari
398 2760 546 2814 proelio
569 2761 872 2801 contenderent.
915 2758 1055 2814 Itaque
1077 2759 1143 2799 illa
1178 2763 1188 2782 4
1203 2758 1363 2798 dimisso
1394 2771 1493 2809 equo
1508 2756 1516 2771 ³
1549 2767 1630 2794 ma-

141 2827 265 2879 gistro
288 2834 446 2881 accepta
466 2828 550 2879 tuli,
574 2835 617 2869 ut
638 2842 699 2882 ap.
726 2825 847 2869 Caes.
871 2828 907 2869 b.
931 2828 1007 2869 eiu.
1032 2826 1108 2878 III,
1132 2824 1203 2877 69,
1227 2825 1254 2866 4
1278 2824 1464 2866 ‘dimissis
1487 2820 1626 2875 equis'.
