<?xml version="1.0" encoding="UTF-8"?>
<!DOCTYPE html PUBLIC "-//W3C//DTD XHTML 1.0 Transitional//EN"
    "http://www.w3.org/TR/xhtml1/DTD/xhtml1-transitional.dtd">
<html xmlns="http://www.w3.org/1999/xhtml" xml:lang="en" lang="en">
 <head>
  <title>
</title>
<meta http-equiv="Content-Type" content="text/html;charset=utf-8" />
  <meta name='ocr-system' content='tesseract 3.04.00' />
  <meta name='ocr-capabilities' content='ocr_page ocr_carea ocr_par ocr_line ocrx_word'/>
</head>
<body>
  <div class='ocr_page' id='page_1' title='image "./commentarii00caesuoft_0158.png"; bbox 0 0 1835 3240; ppageno 0'>
   <div class='ocr_carea' id='block_1_1' title="bbox 699 151 1122 192">
    <p class='ocr_par' dir='ltr' id='par_1_1' title="bbox 699 151 1122 192">
     <span class='ocr_line' id='line_1_1' title="bbox 699 151 1122 192; baseline 0 -1"><span class='ocrx_word' id='word_1_1' title='bbox 699 151 1122 192; x_wconf 73' lang='lat'>—148—</span> 
     </span>
    </p>
   </div>
   <div class='ocr_carea' id='block_1_2' title="bbox 166 263 1674 2894">
    <p class='ocr_par' dir='ltr' id='par_1_2' title="bbox 166 263 1671 2759">
     <span class='ocr_line' id='line_1_2' title="bbox 168 263 1654 320; baseline 0.001 -13"><span class='ocrx_word' id='word_1_2' title='bbox 168 270 219 307; x_wconf 90' lang='lat' dir='ltr'>ita</span> <span class='ocrx_word' id='word_1_3' title='bbox 244 267 436 307; x_wconf 87' lang='lat' dir='ltr'>eduntur:</span> <span class='ocrx_word' id='word_1_4' title='bbox 475 269 485 288; x_wconf 80' lang='lat'>‘</span> <span class='ocrx_word' id='word_1_5' title='bbox 501 263 614 304; x_wconf 82' lang='lat' dir='ltr'>Duae</span> <span class='ocrx_word' id='word_1_6' title='bbox 637 266 801 318; x_wconf 85' lang='lat' dir='ltr'>primum</span> <span class='ocrx_word' id='word_1_7' title='bbox 834 265 962 305; x_wconf 84' lang='lat' dir='ltr'>trabes</span> <span class='ocrx_word' id='word_1_8' title='bbox 986 265 1024 304; x_wconf 91' lang='lat' dir='ltr'>in</span> <span class='ocrx_word' id='word_1_9' title='bbox 1046 266 1130 305; x_wconf 85' lang='lat' dir='ltr'>solo</span> <span class='ocrx_word' id='word_1_10' title='bbox 1153 279 1276 319; x_wconf 84' lang='lat' dir='ltr'>aeque</span> <span class='ocrx_word' id='word_1_11' title='bbox 1299 266 1440 320; x_wconf 83' lang='lat' dir='ltr'>longae</span> <span class='ocrx_word' id='word_1_12' title='bbox 1463 267 1654 308; x_wconf 77' lang='lat' dir='ltr'>distantes</span> 
     </span>
     <span class='ocr_line' id='line_1_3' title="bbox 166 331 1654 388; baseline -0.001 -12"><span class='ocrx_word' id='word_1_13' title='bbox 166 336 271 376; x_wconf 87' lang='lat' dir='ltr'>inter</span> <span class='ocrx_word' id='word_1_14' title='bbox 299 348 340 374; x_wconf 90' lang='lat' dir='ltr'>se</span> <span class='ocrx_word' id='word_1_15' title='bbox 370 333 488 387; x_wconf 85' lang='lat' dir='ltr'>pedes</span> <span class='ocrx_word' id='word_1_16' title='bbox 510 331 570 373; x_wconf 77' lang='lat' dir='ltr'>IV</span> <span class='ocrx_word' id='word_1_17' title='bbox 592 332 856 379; x_wconf 77' lang='lat' dir='ltr'>collocantur,</span> <span class='ocrx_word' id='word_1_18' title='bbox 891 332 1008 384; x_wconf 86' lang='lat' dir='ltr'>inque</span> <span class='ocrx_word' id='word_1_19' title='bbox 1038 333 1094 373; x_wconf 87' lang='lat' dir='ltr'>eis</span> <span class='ocrx_word' id='word_1_20' title='bbox 1126 334 1355 375; x_wconf 75' lang='lat' dir='ltr'>columellae</span> <span class='ocrx_word' id='word_1_21' title='bbox 1378 336 1515 388; x_wconf 87' lang='lat' dir='ltr'>pedum</span> <span class='ocrx_word' id='word_1_22' title='bbox 1540 336 1577 374; x_wconf 93' lang='lat' dir='ltr'>in</span> <span class='ocrx_word' id='word_1_23' title='bbox 1599 336 1654 375; x_wconf 91' lang='lat' dir='ltr'>al-</span> 
     </span>
     <span class='ocr_line' id='line_1_4' title="bbox 167 398 1655 456; baseline -0.001 -13"><span class='ocrx_word' id='word_1_24' title='bbox 167 404 373 444; x_wconf 81' lang='lat' dir='ltr'>titudinem</span> <span class='ocrx_word' id='word_1_25' title='bbox 396 401 432 441; x_wconf 72' lang='lat' dir='ltr'>V</span> <span class='ocrx_word' id='word_1_26' title='bbox 456 402 690 453; x_wconf 77' lang='lat' dir='ltr'>defiguntur.</span> <span class='ocrx_word' id='word_1_27' title='bbox 726 398 808 438; x_wconf 75' lang='lat' dir='ltr'>Has</span> <span class='ocrx_word' id='word_1_28' title='bbox 831 399 937 439; x_wconf 85' lang='lat' dir='ltr'>inter</span> <span class='ocrx_word' id='word_1_29' title='bbox 958 414 1000 439; x_wconf 86' lang='lat' dir='ltr'>se</span> <span class='ocrx_word' id='word_1_30' title='bbox 1023 403 1214 454; x_wconf 79' lang='lat' dir='ltr'>capreolis</span> <span class='ocrx_word' id='word_1_31' title='bbox 1239 404 1342 443; x_wconf 91' lang='lat' dir='ltr'>molli</span> <span class='ocrx_word' id='word_1_32' title='bbox 1375 404 1530 456; x_wconf 69' lang='lat' dir='ltr'>fastigio</span> <span class='ocrx_word' id='word_1_33' title='bbox 1562 418 1655 443; x_wconf 84' lang='lat' dir='ltr'>con—</span> 
     </span>
     <span class='ocr_line' id='line_1_5' title="bbox 167 467 1650 525; baseline -0.001 -14"><span class='ocrx_word' id='word_1_34' title='bbox 167 474 348 525; x_wconf 77' lang='lat' dir='ltr'>iungunt,</span> <span class='ocrx_word' id='word_1_35' title='bbox 373 472 438 511; x_wconf 87' lang='lat' dir='ltr'>nbi</span> <span class='ocrx_word' id='word_1_36' title='bbox 460 471 582 523; x_wconf 86' lang='lat' dir='ltr'>tigna,</span> <span class='ocrx_word' id='word_1_37' title='bbox 608 467 885 520; x_wconf 82' lang='lat' dir='ltr'>quaemusculi</span> <span class='ocrx_word' id='word_1_38' title='bbox 900 469 1055 520; x_wconf 85' lang='lat' dir='ltr'>tegendi</span> <span class='ocrx_word' id='word_1_39' title='bbox 1068 483 1185 509; x_wconf 89' lang='lat' dir='ltr'>causa</span> <span class='ocrx_word' id='word_1_40' title='bbox 1209 478 1368 523; x_wconf 83' lang='lat' dir='ltr'>ponant,</span> <span class='ocrx_word' id='word_1_41' title='bbox 1395 472 1650 512; x_wconf 77' lang='lat' dir='ltr'>collocentur.</span> 
     </span>
     <span class='ocr_line' id='line_1_6' title="bbox 167 534 1651 594; baseline -0.001 -14"><span class='ocrx_word' id='word_1_42' title='bbox 167 538 228 579; x_wconf 92' lang='lat' dir='ltr'>Eo</span> <span class='ocrx_word' id='word_1_43' title='bbox 251 553 369 592; x_wconf 87' lang='lat' dir='ltr'>super</span> <span class='ocrx_word' id='word_1_44' title='bbox 391 538 497 591; x_wconf 84' lang='lat' dir='ltr'>tigna</span> <span class='ocrx_word' id='word_1_45' title='bbox 519 534 711 588; x_wconf 82' lang='lat' dir='ltr'>bipedalia</span> <span class='ocrx_word' id='word_1_46' title='bbox 732 535 899 574; x_wconf 87' lang='lat' dir='ltr'>iniciunt</span> <span class='ocrx_word' id='word_1_47' title='bbox 920 548 1045 588; x_wconf 85' lang='lat' dir='ltr'>eaque</span> <span class='ocrx_word' id='word_1_48' title='bbox 1067 537 1220 577; x_wconf 89' lang='lat' dir='ltr'>laminis</span> <span class='ocrx_word' id='word_1_49' title='bbox 1243 538 1443 591; x_wconf 89' lang='lat' dir='ltr'>clauisque</span> <span class='ocrx_word' id='word_1_50' title='bbox 1466 540 1651 594; x_wconf 75' lang='lat' dir='ltr'>religant.</span> 
     </span>
     <span class='ocr_line' id='line_1_7' title="bbox 167 602 1657 661; baseline -0.001 -14"><span class='ocrx_word' id='word_1_51' title='bbox 167 608 229 647; x_wconf 86' lang='lat' dir='ltr'>Ad</span> <span class='ocrx_word' id='word_1_52' title='bbox 252 614 469 647; x_wconf 79' lang='lat' dir='ltr'>extremum</span> <span class='ocrx_word' id='word_1_53' title='bbox 494 603 655 643; x_wconf 78' lang='lat' dir='ltr'>musculi</span> <span class='ocrx_word' id='word_1_54' title='bbox 680 610 822 642; x_wconf 82' lang='lat' dir='ltr'>tectum</span> <span class='ocrx_word' id='word_1_55' title='bbox 847 602 1056 656; x_wconf 87' lang='lat' dir='ltr'>trabesque</span> <span class='ocrx_word' id='word_1_56' title='bbox 1080 612 1280 645; x_wconf 75' lang='lat' dir='ltr'>extremas</span> <span class='ocrx_word' id='word_1_57' title='bbox 1311 606 1519 658; x_wconf 87' lang='lat' dir='ltr'>quadratas</span> <span class='ocrx_word' id='word_1_58' title='bbox 1541 621 1657 661; x_wconf 81' lang='lat' dir='ltr'>regu-</span> 
     </span>
     <span class='ocr_line' id='line_1_8' title="bbox 166 670 1654 727; baseline -0.001 -12"><span class='ocrx_word' id='word_1_59' title='bbox 166 676 224 715; x_wconf 85' lang='lat' dir='ltr'>las</span> <span class='ocrx_word' id='word_1_60' title='bbox 245 673 303 714; x_wconf 74' lang='lat' dir='ltr'>IV</span> <span class='ocrx_word' id='word_1_61' title='bbox 327 680 505 727; x_wconf 88' lang='lat' dir='ltr'>patentes</span> <span class='ocrx_word' id='word_1_62' title='bbox 537 671 680 724; x_wconf 79' lang='lat' dir='ltr'>digitos</span> <span class='ocrx_word' id='word_1_63' title='bbox 713 670 907 723; x_wconf 80' lang='lat' dir='ltr'>defigunt,</span> <span class='ocrx_word' id='word_1_64' title='bbox 945 672 1008 723; x_wconf 91' lang='lat' dir='ltr'>qui</span> <span class='ocrx_word' id='word_1_65' title='bbox 1030 672 1200 721; x_wconf 70' lang='lat' dir='ltr'>lateres,</span> <span class='ocrx_word' id='word_1_66' title='bbox 1235 674 1296 725; x_wconf 91' lang='lat' dir='ltr'>qui</span> <span class='ocrx_word' id='word_1_67' title='bbox 1330 686 1449 726; x_wconf 88' lang='lat' dir='ltr'>super</span> <span class='ocrx_word' id='word_1_68' title='bbox 1480 676 1654 714; x_wconf 89' lang='lat' dir='ltr'>musculo</span> 
     </span>
     <span class='ocr_line' id='line_1_9' title="bbox 167 736 1658 792; baseline -0.003 -9"><span class='ocrx_word' id='word_1_69' title='bbox 167 748 386 787; x_wconf 72' lang='lat' dir='ltr'>struantur,</span> <span class='ocrx_word' id='word_1_70' title='bbox 412 739 655 779; x_wconf 79' lang='lat' dir='ltr'>contineant.</span> <span class='ocrx_word' id='word_1_71' title='bbox 710 736 767 777; x_wconf 83' lang='lat' dir='ltr'>lta</span> <span class='ocrx_word' id='word_1_72' title='bbox 800 738 985 790; x_wconf 83' lang='lat' dir='ltr'>fastigato</span> <span class='ocrx_word' id='word_1_73' title='bbox 1014 746 1131 792; x_wconf 88' lang='lat' dir='ltr'>atque</span> <span class='ocrx_word' id='word_1_74' title='bbox 1163 741 1371 780; x_wconf 82' lang='lat' dir='ltr'>ordinatim</span> <span class='ocrx_word' id='word_1_75' title='bbox 1405 748 1579 791; x_wconf 83' lang='lat' dir='ltr'>structo,</span> <span class='ocrx_word' id='word_1_76' title='bbox 1616 749 1658 781; x_wconf 88' lang='lat' dir='ltr'>ut</span> 
     </span>
     <span class='ocr_line' id='line_1_10' title="bbox 168 806 1653 861; baseline -0.001 -11"><span class='ocrx_word' id='word_1_77' title='bbox 168 810 299 850; x_wconf 87' lang='lat' dir='ltr'>trabes</span> <span class='ocrx_word' id='word_1_78' title='bbox 332 815 445 848; x_wconf 85' lang='lat' dir='ltr'>erant</span> <span class='ocrx_word' id='word_1_79' title='bbox 472 807 512 846; x_wconf 90' lang='lat' dir='ltr'>in</span> <span class='ocrx_word' id='word_1_80' title='bbox 545 806 736 860; x_wconf 77' lang='lat' dir='ltr'>capreolis</span> <span class='ocrx_word' id='word_1_81' title='bbox 767 806 1008 852; x_wconf 76' lang='lat' dir='ltr'>collocatae,</span> <span class='ocrx_word' id='word_1_82' title='bbox 1041 806 1233 847; x_wconf 82' lang='lat' dir='ltr'>lateribus</span> <span class='ocrx_word' id='word_1_83' title='bbox 1256 809 1416 861; x_wconf 82' lang='lat' dir='ltr'>lutoque</span> <span class='ocrx_word' id='word_1_84' title='bbox 1439 809 1653 858; x_wconf 78' lang='lat' dir='ltr'>musculus,</span> 
     </span>
     <span class='ocr_line' id='line_1_11' title="bbox 168 874 1657 930; baseline -0.002 -12"><span class='ocrx_word' id='word_1_85' title='bbox 168 885 211 918; x_wconf 90' lang='lat' dir='ltr'>ut</span> <span class='ocrx_word' id='word_1_86' title='bbox 231 878 278 917; x_wconf 86' lang='lat' dir='ltr'>ab</span> <span class='ocrx_word' id='word_1_87' title='bbox 301 876 395 930; x_wconf 81' lang='lat' dir='ltr'>igni,</span> <span class='ocrx_word' id='word_1_88' title='bbox 422 874 549 927; x_wconf 82' lang='lat' dir='ltr'>quiex</span> <span class='ocrx_word' id='word_1_89' title='bbox 570 874 909 917; x_wconf 85' lang='lat' dir='ltr'>muroiaceretur‚</span> <span class='ocrx_word' id='word_1_90' title='bbox 935 881 1040 913; x_wconf 91' lang='lat' dir='ltr'>tutus</span> <span class='ocrx_word' id='word_1_91' title='bbox 1056 883 1177 925; x_wconf 79' lang='lat' dir='ltr'>essct,</span> <span class='ocrx_word' id='word_1_92' title='bbox 1204 876 1437 930; x_wconf 67' lang='lat' dir='ltr'>contegitur³</span> <span class='ocrx_word' id='word_1_93' title='bbox 1451 883 1545 915; x_wconf 84' lang='lat' dir='ltr'>cett.</span> <span class='ocrx_word' id='word_1_94' title='bbox 1582 875 1657 916; x_wconf 88' lang='lat' dir='ltr'>Hic</span> 
     </span>
     <span class='ocr_line' id='line_1_12' title="bbox 167 941 1656 985; baseline -0.001 0"><span class='ocrx_word' id='word_1_95' title='bbox 167 952 277 985; x_wconf 86' lang='lat' dir='ltr'>recte</span> <span class='ocrx_word' id='word_1_96' title='bbox 300 943 513 983; x_wconf 83' lang='lat' dir='ltr'>constituta</span> <span class='ocrx_word' id='word_1_97' title='bbox 534 941 706 982; x_wconf 84' lang='lat' dir='ltr'>arbitror</span> <span class='ocrx_word' id='word_1_98' title='bbox 737 942 854 981; x_wconf 87' lang='lat' dir='ltr'>uerba</span> <span class='ocrx_word' id='word_1_99' title='bbox 889 941 949 981; x_wconf 89' lang='lat' dir='ltr'>‘ad</span> <span class='ocrx_word' id='word_1_100' title='bbox 974 949 1194 983; x_wconf 82' lang='lat' dir='ltr'>extremum</span> <span class='ocrx_word' id='word_1_101' title='bbox 1219 944 1383 983; x_wconf 85' lang='lat' dir='ltr'>musculi</span> <span class='ocrx_word' id='word_1_102' title='bbox 1416 951 1559 984; x_wconf 87' lang='lat' dir='ltr'>tectum</span> <span class='ocrx_word' id='word_1_103' title='bbox 1579 952 1656 984; x_wconf 86' lang='lat' dir='ltr'>tra-</span> 
     </span>
     <span class='ocr_line' id='line_1_13' title="bbox 169 1008 1657 1065; baseline -0.001 -13"><span class='ocrx_word' id='word_1_104' title='bbox 169 1014 312 1064; x_wconf 89' lang='lat' dir='ltr'>besque</span> <span class='ocrx_word' id='word_1_105' title='bbox 325 1008 556 1058; x_wconf 54' lang='lat' dir='ltr'>extremas,</span> <span class='ocrx_word' id='word_1_106' title='bbox 581 1010 757 1060; x_wconf 85' lang='lat' dir='ltr'>quamuis</span> <span class='ocrx_word' id='word_1_107' title='bbox 771 1010 810 1049; x_wconf 90' lang='lat' dir='ltr'>in</span> <span class='ocrx_word' id='word_1_108' title='bbox 823 1008 916 1050; x_wconf 91' lang='lat' dir='ltr'>Par.</span> <span class='ocrx_word' id='word_1_109' title='bbox 935 1024 1016 1049; x_wconf 86' lang='lat' dir='ltr'>sec.</span> <span class='ocrx_word' id='word_1_110' title='bbox 1032 1009 1198 1051; x_wconf 81' lang='lat' dir='ltr'>etLeid.</span> <span class='ocrx_word' id='word_1_111' title='bbox 1217 1026 1274 1065; x_wconf 86' lang='lat' dir='ltr'>pr.</span> <span class='ocrx_word' id='word_1_112' title='bbox 1293 1012 1447 1064; x_wconf 83' lang='lat' dir='ltr'>legatur</span> <span class='ocrx_word' id='word_1_113' title='bbox 1471 1012 1657 1064; x_wconf 75' lang='lat' dir='ltr'>‘tectique</span> 
     </span>
     <span class='ocr_line' id='line_1_14' title="bbox 171 1075 1657 1129; baseline -0.001 -9"><span class='ocrx_word' id='word_1_114' title='bbox 171 1079 331 1128; x_wconf 82' lang='lat' dir='ltr'>trabes&#39;‚</span> <span class='ocrx_word' id='word_1_115' title='bbox 367 1078 407 1118; x_wconf 94' lang='lat' dir='ltr'>in</span> <span class='ocrx_word' id='word_1_116' title='bbox 438 1075 546 1118; x_wconf 82' lang='lat' dir='ltr'>Scal.</span> <span class='ocrx_word' id='word_1_117' title='bbox 574 1077 693 1116; x_wconf 77' lang='lat' dir='ltr'>‘tecti</span> <span class='ocrx_word' id='word_1_118' title='bbox 716 1077 888 1117; x_wconf 81' lang='lat' dir='ltr'>trabes&#39;.</span> <span class='ocrx_word' id='word_1_119' title='bbox 923 1076 1026 1118; x_wconf 88' lang='lat' dir='ltr'>Nam</span> <span class='ocrx_word' id='word_1_120' title='bbox 1050 1079 1096 1117; x_wconf 91' lang='lat' dir='ltr'>ad</span> <span class='ocrx_word' id='word_1_121' title='bbox 1121 1086 1341 1119; x_wconf 83' lang='lat' dir='ltr'>extremum</span> <span class='ocrx_word' id='word_1_122' title='bbox 1366 1081 1546 1129; x_wconf 82' lang='lat' dir='ltr'>musculi,</span> <span class='ocrx_word' id='word_1_123' title='bbox 1573 1094 1657 1119; x_wconf 83' lang='lat' dir='ltr'>eum</span> 
     </span>
     <span class='ocr_line' id='line_1_15' title="bbox 169 1144 1660 1201; baseline -0.003 -11"><span class='ocrx_word' id='word_1_124' title='bbox 169 1150 207 1190; x_wconf 94' lang='lat' dir='ltr'>id</span> <span class='ocrx_word' id='word_1_125' title='bbox 229 1149 275 1189; x_wconf 86' lang='lat' dir='ltr'>ab</span> <span class='ocrx_word' id='word_1_126' title='bbox 294 1155 475 1188; x_wconf 78' lang='lat' dir='ltr'>extremo</span> <span class='ocrx_word' id='word_1_127' title='bbox 498 1151 602 1184; x_wconf 85' lang='lat' dir='ltr'>tecto</span> <span class='ocrx_word' id='word_1_128' title='bbox 626 1144 879 1191; x_wconf 78' lang='lat' dir='ltr'>discernitur,</span> <span class='ocrx_word' id='word_1_129' title='bbox 904 1159 982 1185; x_wconf 91' lang='lat' dir='ltr'>non</span> <span class='ocrx_word' id='word_1_130' title='bbox 1006 1153 1184 1199; x_wconf 75' lang='lat' dir='ltr'>apparet,</span> <span class='ocrx_word' id='word_1_131' title='bbox 1212 1148 1531 1199; x_wconf 83' lang='lat' dir='ltr'>quemadmodum</span> <span class='ocrx_word' id='word_1_132' title='bbox 1545 1162 1660 1201; x_wconf 86' lang='lat' dir='ltr'>regu-</span> 
     </span>
     <span class='ocr_line' id='line_1_16' title="bbox 170 1212 1657 1267; baseline -0.003 -9"><span class='ocrx_word' id='word_1_133' title='bbox 170 1218 230 1258; x_wconf 85' lang='lat' dir='ltr'>lae</span> <span class='ocrx_word' id='word_1_134' title='bbox 253 1214 572 1257; x_wconf 89' lang='lat' dir='ltr'>sustinendorum</span> <span class='ocrx_word' id='word_1_135' title='bbox 596 1212 762 1252; x_wconf 81' lang='lat' dir='ltr'>laterum</span> <span class='ocrx_word' id='word_1_136' title='bbox 786 1226 904 1252; x_wconf 86' lang='lat' dir='ltr'>causa</span> <span class='ocrx_word' id='word_1_137' title='bbox 926 1214 1038 1267; x_wconf 85' lang='lat' dir='ltr'>defigi</span> <span class='ocrx_word' id='word_1_138' title='bbox 1062 1215 1274 1267; x_wconf 86' lang='lat' dir='ltr'>potuerint.</span> <span class='ocrx_word' id='word_1_139' title='bbox 1311 1213 1409 1255; x_wconf 89' lang='lat' dir='ltr'>Item</span> <span class='ocrx_word' id='word_1_140' title='bbox 1434 1222 1541 1254; x_wconf 89' lang='lat' dir='ltr'>recte</span> <span class='ocrx_word' id='word_1_141' title='bbox 1558 1215 1657 1254; x_wconf 90' lang='lat' dir='ltr'>infra</span> 
     </span>
     <span class='ocr_line' id='line_1_17' title="bbox 173 1280 1660 1334; baseline -0.002 -9"><span class='ocrx_word' id='word_1_142' title='bbox 173 1285 380 1325; x_wconf 86' lang='lat' dir='ltr'>‘lateribus</span> <span class='ocrx_word' id='word_1_143' title='bbox 403 1280 576 1334; x_wconf 71' lang='lat' dir='ltr'>lutoque&#39;</span> <span class='ocrx_word' id='word_1_144' title='bbox 599 1280 798 1320; x_wconf 84' lang='lat' dir='ltr'>musculus</span> <span class='ocrx_word' id='word_1_145' title='bbox 822 1289 1028 1322; x_wconf 87' lang='lat' dir='ltr'>contectus</span> <span class='ocrx_word' id='word_1_146' title='bbox 1051 1282 1210 1331; x_wconf 81' lang='lat' dir='ltr'>dicitur,</span> <span class='ocrx_word' id='word_1_147' title='bbox 1235 1289 1277 1321; x_wconf 89' lang='lat' dir='ltr'>nt</span> <span class='ocrx_word' id='word_1_148' title='bbox 1299 1297 1333 1321; x_wconf 87' lang='lat' dir='ltr'>c.</span> <span class='ocrx_word' id='word_1_149' title='bbox 1359 1281 1401 1330; x_wconf 80' lang='grc'>9,</span> <span class='ocrx_word' id='word_1_150' title='bbox 1426 1283 1450 1323; x_wconf 88' lang='lat'><strong>3</strong></span> <span class='ocrx_word' id='word_1_151' title='bbox 1474 1284 1660 1322; x_wconf 86' lang='lat' dir='ltr'>contabu—</span> 
     </span>
     <span class='ocr_line' id='line_1_18' title="bbox 170 1348 1659 1404; baseline -0.004 -10"><span class='ocrx_word' id='word_1_152' title='bbox 170 1354 354 1394; x_wconf 87' lang='lat' dir='ltr'>lationem</span> <span class='ocrx_word' id='word_1_153' title='bbox 379 1363 568 1390; x_wconf 90' lang='lat' dir='ltr'>summam</span> <span class='ocrx_word' id='word_1_154' title='bbox 591 1348 783 1388; x_wconf 85' lang='lat' dir='ltr'>lateribus</span> <span class='ocrx_word' id='word_1_155' title='bbox 807 1349 964 1401; x_wconf 88' lang='lat' dir='ltr'>lutoque</span> <span class='ocrx_word' id='word_1_156' title='bbox 987 1357 1227 1390; x_wconf 80' lang='lat' dir='ltr'>constratam</span> <span class='ocrx_word' id='word_1_157' title='bbox 1252 1351 1440 1404; x_wconf 85' lang='lat' dir='ltr'>legimus:</span> <span class='ocrx_word' id='word_1_158' title='bbox 1480 1352 1519 1390; x_wconf 94' lang='lat' dir='ltr'>in</span> <span class='ocrx_word' id='word_1_159' title='bbox 1542 1349 1659 1390; x_wconf 87' lang='lat' dir='ltr'>Leid.</span> 
     </span>
     <span class='ocr_line' id='line_1_19' title="bbox 172 1416 1662 1476; baseline -0.003 -15"><span class='ocrx_word' id='word_1_160' title='bbox 172 1436 230 1476; x_wconf 92' lang='lat' dir='ltr'>pr.</span> <span class='ocrx_word' id='word_1_161' title='bbox 258 1419 363 1469; x_wconf 86' lang='lat' dir='ltr'>Scal.</span> <span class='ocrx_word' id='word_1_162' title='bbox 390 1416 651 1471; x_wconf 86' lang='lat' dir='ltr'>compluribus</span> <span class='ocrx_word' id='word_1_163' title='bbox 673 1416 936 1456; x_wconf 87' lang='lat' dir='ltr'>deterioribus</span> <span class='ocrx_word' id='word_1_164' title='bbox 960 1417 1072 1456; x_wconf 88' lang='lat' dir='ltr'>codd.</span> <span class='ocrx_word' id='word_1_165' title='bbox 1099 1416 1370 1471; x_wconf 86' lang='lat' dir='ltr'>Oudendorpii</span> <span class='ocrx_word' id='word_1_166' title='bbox 1396 1418 1451 1457; x_wconf 77' lang='lat' dir='ltr'>‘in</span> <span class='ocrx_word' id='word_1_167' title='bbox 1473 1418 1662 1458; x_wconf 89' lang='lat' dir='ltr'>lateribus</span> 
     </span>
     <span class='ocr_line' id='line_1_20' title="bbox 171 1482 1665 1541; baseline -0.003 -12"><span class='ocrx_word' id='word_1_168' title='bbox 171 1487 266 1529; x_wconf 86' lang='lat' dir='ltr'>luto&#39;</span> <span class='ocrx_word' id='word_1_169' title='bbox 291 1488 480 1541; x_wconf 87' lang='lat' dir='ltr'>scriptum</span> <span class='ocrx_word' id='word_1_170' title='bbox 505 1492 580 1533; x_wconf 85' lang='lat' dir='ltr'>est,</span> <span class='ocrx_word' id='word_1_171' title='bbox 605 1483 642 1522; x_wconf 93' lang='lat' dir='ltr'>in</span> <span class='ocrx_word' id='word_1_172' title='bbox 666 1482 761 1524; x_wconf 91' lang='lat' dir='ltr'>Par.</span> <span class='ocrx_word' id='word_1_173' title='bbox 787 1498 889 1534; x_wconf 54' lang='lat' dir='ltr'>seu„</span> <span class='ocrx_word' id='word_1_174' title='bbox 915 1485 946 1524; x_wconf 83' lang='lat' dir='ltr'>si</span> <span class='ocrx_word' id='word_1_175' title='bbox 962 1483 1170 1539; x_wconf 71' lang='lat' dir='ltr'>Beyerlius</span> <span class='ocrx_word' id='word_1_176' title='bbox 1195 1492 1302 1525; x_wconf 86' lang='lat' dir='ltr'>recte</span> <span class='ocrx_word' id='word_1_177' title='bbox 1326 1485 1372 1525; x_wconf 89' lang='lat' dir='ltr'>de</span> <span class='ocrx_word' id='word_1_178' title='bbox 1395 1493 1577 1526; x_wconf 73' lang='lat' dir='ltr'>extremo</span> <span class='ocrx_word' id='word_1_179' title='bbox 1598 1500 1665 1525; x_wconf 92' lang='lat' dir='ltr'>uo-</span> 
     </span>
     <span class='ocr_line' id='line_1_21' title="bbox 173 1552 1664 1607; baseline -0.003 -10"><span class='ocrx_word' id='word_1_180' title='bbox 173 1557 310 1597; x_wconf 84' lang='lat' dir='ltr'>cabulo</span> <span class='ocrx_word' id='word_1_181' title='bbox 333 1555 468 1603; x_wconf 86' lang='lat' dir='ltr'>tacuit,</span> <span class='ocrx_word' id='word_1_182' title='bbox 498 1553 551 1592; x_wconf 77' lang='lat' dir='ltr'>‘in</span> <span class='ocrx_word' id='word_1_183' title='bbox 574 1552 763 1592; x_wconf 85' lang='lat' dir='ltr'>lateribus</span> <span class='ocrx_word' id='word_1_184' title='bbox 787 1552 982 1604; x_wconf 79' lang='lat' dir='ltr'>lutoque’.</span> <span class='ocrx_word' id='word_1_185' title='bbox 1023 1552 1169 1592; x_wconf 86' lang='lat' dir='ltr'>Verum</span> <span class='ocrx_word' id='word_1_186' title='bbox 1195 1553 1315 1592; x_wconf 87' lang='lat' dir='ltr'>uerba</span> <span class='ocrx_word' id='word_1_187' title='bbox 1342 1553 1419 1607; x_wconf 86' lang='lat' dir='ltr'>‘qui</span> <span class='ocrx_word' id='word_1_188' title='bbox 1444 1568 1562 1606; x_wconf 82' lang='lat' dir='ltr'>super</span> <span class='ocrx_word' id='word_1_189' title='bbox 1582 1567 1664 1592; x_wconf 92' lang='lat' dir='ltr'>mu-</span> 
     </span>
     <span class='ocr_line' id='line_1_22' title="bbox 173 1617 1664 1673; baseline -0.005 -6"><span class='ocrx_word' id='word_1_190' title='bbox 173 1626 282 1667; x_wconf 92' lang='lat' dir='ltr'>sculo</span> <span class='ocrx_word' id='word_1_191' title='bbox 304 1621 521 1664; x_wconf 81' lang='lat' dir='ltr'>struantur&#39;</span> <span class='ocrx_word' id='word_1_192' title='bbox 546 1621 610 1672; x_wconf 91' lang='lat' dir='ltr'>(in</span> <span class='ocrx_word' id='word_1_193' title='bbox 631 1618 822 1659; x_wconf 84' lang='lat' dir='ltr'>Par.sec.</span> <span class='ocrx_word' id='word_1_194' title='bbox 849 1627 888 1658; x_wconf 89' lang='lat' dir='ltr'>et</span> <span class='ocrx_word' id='word_1_195' title='bbox 912 1620 1118 1673; x_wconf 80' lang='lat' dir='ltr'>‘plurimis&#39;</span> <span class='ocrx_word' id='word_1_196' title='bbox 1141 1621 1252 1659; x_wconf 84' lang='lat' dir='ltr'>codd.</span> <span class='ocrx_word' id='word_1_197' title='bbox 1279 1617 1383 1659; x_wconf 87' lang='lat' dir='ltr'>Oud.</span> <span class='ocrx_word' id='word_1_198' title='bbox 1409 1628 1470 1660; x_wconf 86' lang='lat' dir='ltr'>est</span> <span class='ocrx_word' id='word_1_199' title='bbox 1494 1627 1664 1660; x_wconf 74' lang='lat' dir='ltr'>‘muscu—</span> 
     </span>
     <span class='ocr_line' id='line_1_23' title="bbox 174 1686 1662 1746; baseline -0.005 -12"><span class='ocrx_word' id='word_1_200' title='bbox 174 1694 265 1746; x_wconf 85' lang='lat' dir='ltr'>los&#39;)</span> <span class='ocrx_word' id='word_1_201' title='bbox 288 1706 364 1732; x_wconf 88' lang='lat' dir='ltr'>non</span> <span class='ocrx_word' id='word_1_202' title='bbox 380 1690 682 1730; x_wconf 76' lang='lat' dir='ltr'>liabentrectam</span> <span class='ocrx_word' id='word_1_203' title='bbox 699 1686 889 1726; x_wconf 84' lang='lat' dir='ltr'>orationis</span> <span class='ocrx_word' id='word_1_204' title='bbox 906 1689 1083 1726; x_wconf 67' lang='lat' dir='ltr'>sormam.</span> <span class='ocrx_word' id='word_1_205' title='bbox 1119 1687 1224 1727; x_wconf 89' lang='lat' dir='ltr'>Nam</span> <span class='ocrx_word' id='word_1_206' title='bbox 1244 1688 1481 1741; x_wconf 87' lang='lat' dir='ltr'>praepositio</span> <span class='ocrx_word' id='word_1_207' title='bbox 1499 1688 1662 1740; x_wconf 84' lang='lat' dir='ltr'>‘super&#39;.,</span> 
     </span>
     <span class='ocr_line' id='line_1_24' title="bbox 175 1754 1662 1812; baseline -0.005 -11"><span class='ocrx_word' id='word_1_208' title='bbox 175 1776 260 1801; x_wconf 90' lang='lat' dir='ltr'>cum</span> <span class='ocrx_word' id='word_1_209' title='bbox 288 1761 397 1800; x_wconf 93' lang='lat' dir='ltr'>locus</span> <span class='ocrx_word' id='word_1_210' title='bbox 429 1757 691 1812; x_wconf 79' lang='lat' dir='ltr'>significatur,</span> <span class='ocrx_word' id='word_1_211' title='bbox 726 1755 766 1793; x_wconf 89' lang='lat' dir='ltr'>in</span> <span class='ocrx_word' id='word_1_212' title='bbox 798 1754 967 1807; x_wconf 87' lang='lat' dir='ltr'>pedestri</span> <span class='ocrx_word' id='word_1_213' title='bbox 1000 1755 1180 1795; x_wconf 89' lang='lat' dir='ltr'>oratione</span> <span class='ocrx_word' id='word_1_214' title='bbox 1211 1769 1366 1808; x_wconf 83' lang='lat' dir='ltr'>semper</span> <span class='ocrx_word' id='word_1_215' title='bbox 1397 1756 1662 1795; x_wconf 83' lang='lat' dir='ltr'>accusatiuum</span> 
     </span>
     <span class='ocr_line' id='line_1_25' title="bbox 175 1819 1662 1872; baseline -0.006 -3"><span class='ocrx_word' id='word_1_216' title='bbox 175 1829 400 1869; x_wconf 83' lang='lat' dir='ltr'>adiunctum</span> <span class='ocrx_word' id='word_1_217' title='bbox 424 1824 553 1864; x_wconf 89' lang='lat' dir='ltr'>habet.</span> <span class='ocrx_word' id='word_1_218' title='bbox 589 1822 767 1862; x_wconf 83' lang='lat' dir='ltr'>Alterum</span> <span class='ocrx_word' id='word_1_219' title='bbox 785 1819 971 1861; x_wconf 82' lang='lat' dir='ltr'>Caesaris</span> <span class='ocrx_word' id='word_1_220' title='bbox 994 1822 1137 1869; x_wconf 79' lang='lat' dir='ltr'>locum,</span> <span class='ocrx_word' id='word_1_221' title='bbox 1161 1823 1246 1862; x_wconf 87' lang='lat' dir='ltr'>hor.</span> <span class='ocrx_word' id='word_1_222' title='bbox 1275 1837 1413 1862; x_wconf 89' lang='lat' dir='ltr'>comm.</span> <span class='ocrx_word' id='word_1_223' title='bbox 1429 1821 1501 1871; x_wconf 83' lang='grc' dir='ltr'>ΙΙΙ,</span> <span class='ocrx_word' id='word_1_224' title='bbox 1528 1822 1597 1872; x_wconf 83' lang='grc'>39,</span> <span class='ocrx_word' id='word_1_225' title='bbox 1621 1822 1662 1872; x_wconf 75' lang='lat'>2,</span> 
     </span>
     <span class='ocr_line' id='line_1_26' title="bbox 177 1890 1662 1944; baseline -0.005 -7"><span class='ocrx_word' id='word_1_226' title='bbox 177 1897 242 1937; x_wconf 87' lang='lat' dir='ltr'>ubi</span> <span class='ocrx_word' id='word_1_227' title='bbox 275 1896 368 1936; x_wconf 87' lang='lat' dir='ltr'>item</span> <span class='ocrx_word' id='word_1_228' title='bbox 399 1893 542 1933; x_wconf 89' lang='lat' dir='ltr'>uitiose</span> <span class='ocrx_word' id='word_1_229' title='bbox 575 1891 763 1930; x_wconf 82' lang='lat' dir='ltr'>edebatur</span> <span class='ocrx_word' id='word_1_230' title='bbox 796 1890 1071 1943; x_wconf 76' lang='lat' dir='ltr'>‘faucibusque</span> <span class='ocrx_word' id='word_1_231' title='bbox 1104 1898 1240 1944; x_wconf 91' lang='lat' dir='ltr'>portus</span> <span class='ocrx_word' id='word_1_232' title='bbox 1270 1905 1408 1931; x_wconf 89' lang='lat' dir='ltr'>nauem</span> <span class='ocrx_word' id='word_1_233' title='bbox 1442 1890 1662 1931; x_wconf 80' lang='lat' dir='ltr'>onerariam</span> 
     </span>
     <span class='ocr_line' id='line_1_27' title="bbox 178 1957 1663 2012; baseline -0.005 -8"><span class='ocrx_word' id='word_1_234' title='bbox 178 1964 420 2005; x_wconf 84' lang='lat' dir='ltr'>submersam</span> <span class='ocrx_word' id='word_1_235' title='bbox 451 1960 594 2000; x_wconf 85' lang='lat' dir='ltr'>obiecit</span> <span class='ocrx_word' id='word_1_236' title='bbox 625 1966 665 1998; x_wconf 88' lang='lat' dir='ltr'>et</span> <span class='ocrx_word' id='word_1_237' title='bbox 695 1958 785 1998; x_wconf 84' lang='lat' dir='ltr'>huic</span> <span class='ocrx_word' id='word_1_238' title='bbox 814 1958 975 1998; x_wconf 82' lang='lat' dir='ltr'>alteram</span> <span class='ocrx_word' id='word_1_239' title='bbox 1009 1958 1241 2005; x_wconf 73' lang='lat' dir='ltr'>coniunxit,</span> <span class='ocrx_word' id='word_1_240' title='bbox 1279 1972 1397 2012; x_wconf 89' lang='lat' dir='ltr'>super</span> <span class='ocrx_word' id='word_1_241' title='bbox 1427 1973 1500 2011; x_wconf 88' lang='lat' dir='ltr'>qua</span> <span class='ocrx_word' id='word_1_242' title='bbox 1526 1957 1663 1997; x_wconf 89' lang='lat' dir='ltr'>turrim</span> 
     </span>
     <span class='ocr_line' id='line_1_28' title="bbox 179 2025 1661 2081; baseline -0.007 -9"><span class='ocrx_word' id='word_1_243' title='bbox 179 2032 356 2072; x_wconf 86' lang='lat' dir='ltr'>effectam</span> <span class='ocrx_word' id='word_1_244' title='bbox 381 2029 425 2068; x_wconf 87' lang='lat' dir='ltr'>ad</span> <span class='ocrx_word' id='word_1_245' title='bbox 448 2028 573 2081; x_wconf 89' lang='lat' dir='ltr'>ipsum</span> <span class='ocrx_word' id='word_1_246' title='bbox 596 2027 805 2066; x_wconf 83' lang='lat' dir='ltr'>introitum</span> <span class='ocrx_word' id='word_1_247' title='bbox 822 2033 959 2079; x_wconf 84' lang='lat' dir='ltr'>portus</span> <span class='ocrx_word' id='word_1_248' title='bbox 982 2027 1189 2079; x_wconf 61' lang='lat' dir='ltr'>opposuffl,</span> <span class='ocrx_word' id='word_1_249' title='bbox 1217 2041 1269 2065; x_wconf 75' lang='lat' dir='ltr'>cx</span> <span class='ocrx_word' id='word_1_250' title='bbox 1281 2025 1375 2065; x_wconf 89' lang='lat' dir='ltr'>Par.</span> <span class='ocrx_word' id='word_1_251' title='bbox 1393 2041 1475 2066; x_wconf 82' lang='lat' dir='ltr'>sec.</span> <span class='ocrx_word' id='word_1_252' title='bbox 1494 2033 1534 2065; x_wconf 89' lang='lat' dir='ltr'>et</span> <span class='ocrx_word' id='word_1_253' title='bbox 1550 2030 1661 2065; x_wconf 83' lang='lat' dir='ltr'>‘mss.</span> 
     </span>
     <span class='ocr_line' id='line_1_29' title="bbox 179 2093 1663 2148; baseline -0.005 -9"><span class='ocrx_word' id='word_1_254' title='bbox 179 2107 219 2140; x_wconf 89' lang='lat' dir='ltr'>et</span> <span class='ocrx_word' id='word_1_255' title='bbox 241 2099 312 2139; x_wconf 90' lang='lat' dir='ltr'>edd</span> <span class='ocrx_word' id='word_1_256' title='bbox 334 2097 448 2138; x_wconf 52' lang='lat' dir='ltr'>uettff</span> <span class='ocrx_word' id='word_1_257' title='bbox 482 2094 750 2148; x_wconf 87' lang='lat' dir='ltr'>Oudendorpii</span> <span class='ocrx_word' id='word_1_258' title='bbox 774 2094 950 2143; x_wconf 78' lang='lat' dir='ltr'>correxi,</span> <span class='ocrx_word' id='word_1_259' title='bbox 976 2094 1014 2133; x_wconf 92' lang='lat' dir='ltr'>in</span> <span class='ocrx_word' id='word_1_260' title='bbox 1039 2094 1176 2146; x_wconf 89' lang='lat' dir='ltr'>quibus</span> <span class='ocrx_word' id='word_1_261' title='bbox 1201 2100 1341 2147; x_wconf 71' lang='lat' dir='ltr'>‘super</span> <span class='ocrx_word' id='word_1_262' title='bbox 1363 2093 1481 2146; x_wconf 69' lang='lat' dir='ltr'>quas&#39;</span> <span class='ocrx_word' id='word_1_263' title='bbox 1505 2093 1663 2144; x_wconf 82' lang='lat' dir='ltr'>legitur.</span> 
     </span>
     <span class='ocr_line' id='line_1_30' title="bbox 179 2160 1668 2215; baseline -0.007 -7"><span class='ocrx_word' id='word_1_264' title='bbox 179 2166 254 2207; x_wconf 92' lang='lat' dir='ltr'>Hic</span> <span class='ocrx_word' id='word_1_265' title='bbox 277 2180 355 2206; x_wconf 90' lang='lat' dir='ltr'>non</span> <span class='ocrx_word' id='word_1_266' title='bbox 377 2165 509 2204; x_wconf 90' lang='lat' dir='ltr'>dubito</span> <span class='ocrx_word' id='word_1_267' title='bbox 527 2195 535 2211; x_wconf 72' lang='grc'><em>,</em></span> <span class='ocrx_word' id='word_1_268' title='bbox 567 2164 658 2215; x_wconf 91' lang='lat' dir='ltr'>quin</span> <span class='ocrx_word' id='word_1_269' title='bbox 681 2163 807 2203; x_wconf 83' lang='lat' dir='ltr'>deleto</span> <span class='ocrx_word' id='word_1_270' title='bbox 830 2161 1021 2202; x_wconf 87' lang='lat' dir='ltr'>uocabulo</span> <span class='ocrx_word' id='word_1_271' title='bbox 1053 2162 1301 2201; x_wconf 87' lang='lat' dir='ltr'>scribendum</span> <span class='ocrx_word' id='word_1_272' title='bbox 1333 2162 1385 2201; x_wconf 80' lang='lat' dir='ltr'>sit</span> <span class='ocrx_word' id='word_1_273' title='bbox 1417 2160 1497 2212; x_wconf 84' lang='lat' dir='ltr'>‘qui</span> <span class='ocrx_word' id='word_1_274' title='bbox 1530 2174 1668 2212; x_wconf 86' lang='lat' dir='ltr'>super-</span> 
     </span>
     <span class='ocr_line' id='line_1_31' title="bbox 181 2228 1667 2283; baseline -0.007 -8"><span class='ocrx_word' id='word_1_275' title='bbox 181 2233 414 2276; x_wconf 76' lang='lat' dir='ltr'>struantur&#39;.</span> <span class='ocrx_word' id='word_1_276' title='bbox 447 2231 543 2272; x_wconf 85' lang='lat' dir='ltr'>Non</span> <span class='ocrx_word' id='word_1_277' title='bbox 567 2232 738 2271; x_wconf 86' lang='lat' dir='ltr'>rectiora</span> <span class='ocrx_word' id='word_1_278' title='bbox 759 2239 849 2270; x_wconf 87' lang='lat' dir='ltr'>sunt</span> <span class='ocrx_word' id='word_1_279' title='bbox 871 2230 992 2270; x_wconf 90' lang='lat' dir='ltr'>uerba</span> <span class='ocrx_word' id='word_1_280' title='bbox 1019 2229 1097 2268; x_wconf 80' lang='lat' dir='ltr'>‘ita</span> <span class='ocrx_word' id='word_1_281' title='bbox 1119 2230 1302 2283; x_wconf 84' lang='lat' dir='ltr'>fastigato</span> <span class='ocrx_word' id='word_1_282' title='bbox 1321 2236 1438 2281; x_wconf 86' lang='lat' dir='ltr'>atque</span> <span class='ocrx_word' id='word_1_283' title='bbox 1459 2228 1667 2267; x_wconf 87' lang='lat' dir='ltr'>ordinatim</span> 
     </span>
     <span class='ocr_line' id='line_1_32' title="bbox 181 2295 1669 2352; baseline -0.008 -8"><span class='ocrx_word' id='word_1_284' title='bbox 181 2302 362 2351; x_wconf 64' lang='lat' dir='ltr'>structo&#39;⁷</span> <span class='ocrx_word' id='word_1_285' title='bbox 389 2315 474 2340; x_wconf 86' lang='lat' dir='ltr'>cum</span> <span class='ocrx_word' id='word_1_286' title='bbox 499 2307 537 2340; x_wconf 93' lang='lat' dir='ltr'>et</span> <span class='ocrx_word' id='word_1_287' title='bbox 555 2298 707 2340; x_wconf 77' lang='lat' dir='ltr'>Caesar</span> <span class='ocrx_word' id='word_1_288' title='bbox 729 2299 801 2339; x_wconf 87' lang='lat' dir='ltr'>hoc</span> <span class='ocrx_word' id='word_1_289' title='bbox 825 2312 970 2352; x_wconf 84' lang='lat' dir='ltr'>genere</span> <span class='ocrx_word' id='word_1_290' title='bbox 993 2297 1145 2337; x_wconf 85' lang='lat' dir='ltr'>dicendi</span> <span class='ocrx_word' id='word_1_291' title='bbox 1167 2296 1418 2345; x_wconf 81' lang='lat' dir='ltr'>abstinuerit,</span> <span class='ocrx_word' id='word_1_292' title='bbox 1444 2302 1483 2334; x_wconf 87' lang='lat' dir='ltr'>et</span> <span class='ocrx_word' id='word_1_293' title='bbox 1504 2295 1669 2334; x_wconf 80' lang='lat' dir='ltr'>alterum</span> 
     </span>
     <span class='ocr_line' id='line_1_33' title="bbox 182 2362 1667 2423; baseline -0.007 -13"><span class='ocrx_word' id='word_1_294' title='bbox 182 2377 290 2411; x_wconf 87' lang='lat' dir='ltr'>certe</span> <span class='ocrx_word' id='word_1_295' title='bbox 312 2368 558 2423; x_wconf 83' lang='lat' dir='ltr'>participium</span> <span class='ocrx_word' id='word_1_296' title='bbox 584 2367 798 2421; x_wconf 70' lang='lat' dir='ltr'>‘fastigato&#39;</span> <span class='ocrx_word' id='word_1_297' title='bbox 821 2367 1001 2420; x_wconf 89' lang='lat' dir='ltr'>poninon</span> <span class='ocrx_word' id='word_1_298' title='bbox 1017 2364 1277 2419; x_wconf 88' lang='lat' dir='ltr'>potueritnisi</span> <span class='ocrx_word' id='word_1_299' title='bbox 1292 2378 1352 2413; x_wconf 80' lang='lat' dir='ltr'>re,</span> <span class='ocrx_word' id='word_1_300' title='bbox 1373 2377 1471 2416; x_wconf 84' lang='lat' dir='ltr'>quae</span> <span class='ocrx_word' id='word_1_301' title='bbox 1488 2362 1667 2413; x_wconf 72' lang='lat' dir='ltr'>fastigata</span> 
     </span>
     <span class='ocr_line' id='line_1_34' title="bbox 183 2429 1669 2489; baseline -0.007 -12"><span class='ocrx_word' id='word_1_302' title='bbox 183 2445 306 2487; x_wconf 79' lang='lat' dir='ltr'>esset,</span> <span class='ocrx_word' id='word_1_303' title='bbox 330 2436 564 2489; x_wconf 74' lang='lat' dir='ltr'>significata.</span> <span class='ocrx_word' id='word_1_304' title='bbox 616 2434 753 2487; x_wconf 83' lang='lat' dir='ltr'>Itaque</span> <span class='ocrx_word' id='word_1_305' title='bbox 786 2442 853 2474; x_wconf 84' lang='lat' dir='ltr'>aut</span> <span class='ocrx_word' id='word_1_306' title='bbox 883 2441 973 2488; x_wconf 85' lang='lat' dir='ltr'>post</span> <span class='ocrx_word' id='word_1_307' title='bbox 1007 2433 1184 2473; x_wconf 75' lang='lat' dir='ltr'>‘structo&#39;</span> <span class='ocrx_word' id='word_1_308' title='bbox 1209 2431 1358 2471; x_wconf 77' lang='lat' dir='ltr'>excidit</span> <span class='ocrx_word' id='word_1_309' title='bbox 1381 2431 1534 2475; x_wconf 35' lang='lat' dir='ltr'>‘tecto&#39;q</span> <span class='ocrx_word' id='word_1_310' title='bbox 1571 2429 1669 2481; x_wconf 88' lang='lat' dir='ltr'>quod</span> 
     </span>
     <span class='ocr_line' id='line_1_35' title="bbox 184 2497 1669 2558; baseline -0.008 -11"><span class='ocrx_word' id='word_1_311' title='bbox 184 2504 464 2558; x_wconf 86' lang='lat' dir='ltr'>Oudendorpio</span> <span class='ocrx_word' id='word_1_312' title='bbox 483 2504 522 2543; x_wconf 93' lang='lat' dir='ltr'>in</span> <span class='ocrx_word' id='word_1_313' title='bbox 546 2509 712 2543; x_wconf 86' lang='lat' dir='ltr'>mentem</span> <span class='ocrx_word' id='word_1_314' title='bbox 735 2503 857 2551; x_wconf 78' lang='lat' dir='ltr'>uenit,</span> <span class='ocrx_word' id='word_1_315' title='bbox 885 2509 951 2541; x_wconf 85' lang='lat' dir='ltr'>aut</span> <span class='ocrx_word' id='word_1_316' title='bbox 968 2501 1081 2555; x_wconf 90' lang='lat' dir='ltr'>paulo</span> <span class='ocrx_word' id='word_1_317' title='bbox 1102 2507 1188 2554; x_wconf 89' lang='lat' dir='ltr'>post</span> <span class='ocrx_word' id='word_1_318' title='bbox 1213 2497 1442 2539; x_wconf 71' lang='lat' dir='ltr'>‘musculus‘</span> <span class='ocrx_word' id='word_1_319' title='bbox 1467 2498 1669 2538; x_wconf 89' lang='lat' dir='ltr'>delendum</span> 
     </span>
     <span class='ocr_line' id='line_1_36' title="bbox 184 2565 1671 2624; baseline -0.007 -11"><span class='ocrx_word' id='word_1_320' title='bbox 184 2583 260 2624; x_wconf 80' lang='lat' dir='ltr'>est,</span> <span class='ocrx_word' id='word_1_321' title='bbox 285 2573 396 2614; x_wconf 88' lang='lat' dir='ltr'>ethic</span> <span class='ocrx_word' id='word_1_322' title='bbox 409 2571 653 2612; x_wconf 79' lang='lat' dir='ltr'>adiciendum</span> <span class='ocrx_word' id='word_1_323' title='bbox 678 2570 901 2610; x_wconf 75' lang='lat' dir='ltr'>‘musculo’.</span> <span class='ocrx_word' id='word_1_324' title='bbox 938 2567 1012 2610; x_wconf 87' lang='lat' dir='ltr'>Cui</span> <span class='ocrx_word' id='word_1_325' title='bbox 1031 2568 1135 2608; x_wconf 87' lang='lat' dir='ltr'>reiid</span> <span class='ocrx_word' id='word_1_326' title='bbox 1153 2567 1360 2619; x_wconf 83' lang='lat' dir='ltr'>suffragari</span> <span class='ocrx_word' id='word_1_327' title='bbox 1378 2567 1547 2615; x_wconf 76' lang='lat' dir='ltr'>uidetur,</span> <span class='ocrx_word' id='word_1_328' title='bbox 1573 2565 1671 2618; x_wconf 82' lang='lat' dir='ltr'>quod</span> 
     </span>
     <span class='ocr_line' id='line_1_37' title="bbox 186 2632 1668 2695; baseline -0.007 -13"><span class='ocrx_word' id='word_1_329' title='bbox 186 2650 226 2683; x_wconf 90' lang='lat' dir='ltr'>et</span> <span class='ocrx_word' id='word_1_330' title='bbox 256 2654 373 2695; x_wconf 89' lang='lat' dir='ltr'>supra</span> <span class='ocrx_word' id='word_1_331' title='bbox 405 2638 567 2680; x_wconf 85' lang='lat' dir='ltr'>eandem</span> <span class='ocrx_word' id='word_1_332' title='bbox 590 2651 726 2677; x_wconf 87' lang='lat' dir='ltr'>nocem</span> <span class='ocrx_word' id='word_1_333' title='bbox 756 2638 959 2677; x_wconf 86' lang='lat' dir='ltr'>delendam</span> <span class='ocrx_word' id='word_1_334' title='bbox 982 2637 1197 2684; x_wconf 85' lang='lat' dir='ltr'>docuimus,</span> <span class='ocrx_word' id='word_1_335' title='bbox 1225 2642 1263 2674; x_wconf 89' lang='lat' dir='ltr'>et</span> <span class='ocrx_word' id='word_1_336' title='bbox 1284 2635 1385 2674; x_wconf 81' lang='lat' dir='ltr'>infra</span> <span class='ocrx_word' id='word_1_337' title='bbox 1406 2634 1446 2673; x_wconf 91' lang='lat' dir='ltr'>in</span> <span class='ocrx_word' id='word_1_338' title='bbox 1469 2632 1563 2673; x_wconf 93' lang='lat' dir='ltr'>Par.</span> <span class='ocrx_word' id='word_1_339' title='bbox 1590 2647 1668 2673; x_wconf 90' lang='lat' dir='ltr'>sec.</span> 
     </span>
     <span class='ocr_line' id='line_1_38' title="bbox 187 2702 1548 2759; baseline -0.008 -8"><span class='ocrx_word' id='word_1_340' title='bbox 187 2724 266 2751; x_wconf 90' lang='lat' dir='ltr'>non</span> <span class='ocrx_word' id='word_1_341' title='bbox 291 2707 536 2755; x_wconf 70' lang='lat' dir='ltr'>‘musculus’‚</span> <span class='ocrx_word' id='word_1_342' title='bbox 563 2706 631 2745; x_wconf 87' lang='lat' dir='ltr'>sed</span> <span class='ocrx_word' id='word_1_343' title='bbox 657 2706 872 2745; x_wconf 72' lang='lat' dir='ltr'>‘musculis&#39;v</span> <span class='ocrx_word' id='word_1_344' title='bbox 897 2704 1167 2759; x_wconf 86' lang='lat' dir='ltr'>suprascripta</span> <span class='ocrx_word' id='word_1_345' title='bbox 1190 2703 1321 2742; x_wconf 86' lang='lat' dir='ltr'>littera</span> <span class='ocrx_word' id='word_1_346' title='bbox 1345 2717 1366 2741; x_wconf 93' lang='lat' dir='ltr'>o</span> <span class='ocrx_word' id='word_1_347' title='bbox 1390 2702 1548 2756; x_wconf 85' lang='lat' dir='ltr'>legitur.</span> 
     </span>
    </p>

    <p class='ocr_par' dir='ltr' id='par_1_3' title="bbox 188 2767 1674 2894">
     <span class='ocr_line' id='line_1_39' title="bbox 301 2767 1674 2824; baseline -0.007 -8"><span class='ocrx_word' id='word_1_348' title='bbox 301 2773 350 2816; x_wconf 91' lang='lat' dir='ltr'>C.</span> <span class='ocrx_word' id='word_1_349' title='bbox 377 2774 445 2824; x_wconf 85' lang='lat' dir='ltr'>ll,</span> <span class='ocrx_word' id='word_1_350' title='bbox 471 2774 495 2814; x_wconf 77' lang='lat'><strong>3</strong></span> <span class='ocrx_word' id='word_1_351' title='bbox 514 2774 554 2813; x_wconf 88' lang='lat' dir='ltr'>in</span> <span class='ocrx_word' id='word_1_352' title='bbox 576 2773 635 2812; x_wconf 86' lang='lat' dir='ltr'>his</span> <span class='ocrx_word' id='word_1_353' title='bbox 660 2773 812 2813; x_wconf 80' lang='lat' dir='ltr'>uerbis:</span> <span class='ocrx_word' id='word_1_354' title='bbox 842 2771 1065 2812; x_wconf 70' lang='lat' dir='ltr'>‘Musculus</span> <span class='ocrx_word' id='word_1_355' title='bbox 1088 2785 1137 2811; x_wconf 85' lang='lat' dir='ltr'>ex</span> <span class='ocrx_word' id='word_1_356' title='bbox 1162 2771 1259 2810; x_wconf 89' lang='lat' dir='ltr'>turri</span> <span class='ocrx_word' id='word_1_357' title='bbox 1282 2770 1460 2810; x_wconf 83' lang='lat' dir='ltr'>latericia</span> <span class='ocrx_word' id='word_1_358' title='bbox 1482 2784 1502 2809; x_wconf 90' lang='lat' dir='ltr'>a</span> <span class='ocrx_word' id='word_1_359' title='bbox 1526 2767 1674 2808; x_wconf 88' lang='lat' dir='ltr'>nostris</span> 
     </span>
     <span class='ocr_line' id='line_1_40' title="bbox 188 2836 1672 2894; baseline -0.007 -8"><span class='ocrx_word' id='word_1_360' title='bbox 188 2846 276 2887; x_wconf 88' lang='lat' dir='ltr'>telis</span> <span class='ocrx_word' id='word_1_361' title='bbox 300 2841 581 2894; x_wconf 87' lang='lat' dir='ltr'>tormentisque</span> <span class='ocrx_word' id='word_1_362' title='bbox 604 2840 840 2890; x_wconf 75' lang='lat' dir='ltr'>defenditur7</span> <span class='ocrx_word' id='word_1_363' title='bbox 875 2840 1005 2880; x_wconf 85' lang='lat' dir='ltr'>hostes</span> <span class='ocrx_word' id='word_1_364' title='bbox 1037 2853 1090 2878; x_wconf 80' lang='lat' dir='ltr'>cx</span> <span class='ocrx_word' id='word_1_365' title='bbox 1123 2853 1232 2878; x_wconf 92' lang='lat' dir='ltr'>muro</span> <span class='ocrx_word' id='word_1_366' title='bbox 1258 2852 1299 2878; x_wconf 85' lang='lat' dir='ltr'>ac</span> <span class='ocrx_word' id='word_1_367' title='bbox 1322 2837 1494 2877; x_wconf 87' lang='lat' dir='ltr'>turribus</span> <span class='ocrx_word' id='word_1_368' title='bbox 1516 2836 1672 2877; x_wconf 89' lang='lat' dir='ltr'>submo-</span> 
     </span>
    </p>
   </div>
  </div>
 </body>
</html>
