1835 3240
113 916 153 949 10

118 1255 157 1287 15

118 1591 161 1623 20

124 1929 166 1960 25

620 183 804 228 COMM.
828 183 869 226 II
899 181 1024 225 CAP.
1050 181 1247 225 30—33.
1658 185 1739 228 309

186 315 295 356 quam
318 299 458 339 merito
481 312 617 339 eorum
640 298 837 339 ciuitatem
861 304 1204 344 conseruaturum‚
1230 296 1263 336 si
1285 296 1414 349 prins,
1448 312 1560 349 quam
1582 314 1663 339 mu-

184 383 268 409 rum
290 368 393 407 aries
424 366 646 419 attigisset,
681 380 724 406 se
755 366 1018 405 dedidissent:
1058 365 1126 405 sed
1159 364 1366 404 deditionis
1400 365 1546 404 nullam
1577 380 1664 407 esse
1686 367 1713 408 2

184 435 453 477 condicionem
476 434 553 474 nisi
575 434 694 474 armis
707 433 877 473 traditis.
919 431 1037 483 Seid,
1063 432 1213 486 quodin
1228 430 1392 472 Neruiis
1409 431 1582 481 fecisset,
1608 435 1663 473 fa-

184 511 335 544 cturum
349 502 612 553 finitumisque
629 500 926 552 imperaturum,
953 514 1126 550 nequam
1141 499 1333 540 dediticiis
1357 499 1483 553 populi
1496 498 1668 540 Romani

186 570 370 612 iniuriam
392 570 598 609 inferrent.
642 566 703 606 Re
727 566 904 606 nuntiata
927 566 975 605 ad
996 580 1089 606 suos
1105 597 1115 615 ,
1150 581 1248 620 quae
1269 567 1582 620 imperarentur,
1615 568 1671 607 fa·
1693 567 1716 607 3

186 652 277 679 cere
299 638 501 678 dixerunt.
562 635 774 676 Armorum
798 647 939 687 magna
960 633 1204 674 multitudine
1227 635 1273 674 de
1296 649 1407 674 muro
1439 635 1480 674 in
1502 635 1668 685 fossam,
1691 634 1719 675 4

186 720 285 760 quae
307 712 393 747 erat
414 711 504 745 ante
527 703 720 757 oppidum,
746 702 866 752 iacta,
890 703 946 743 sic
969 709 1012 742 ut
1034 715 1153 756 prope
1176 716 1366 742 summam
1380 702 1479 742 muri
1492 702 1672 756 aggeris-

186 788 260 826 que
283 774 530 814 altitudinem
561 771 691 811 acerui
725 784 921 810 armorum
954 771 1244 822 adaequarent,
1280 777 1318 810 et
1352 777 1481 810 tamen
1514 770 1673 810 circiter

189 849 298 895 parte
321 842 434 881 tertia
450 872 460 891 ,
495 846 538 879 ut
560 845 696 893 postea
717 846 966 892 perspectum
990 844 1075 885 est,
1101 838 1228 878 celata
1250 845 1365 890 atque
1388 838 1427 877 in
1450 837 1588 892 oppido
1611 851 1672 878 re-

187 915 295 950 tenta
317 908 439 963 portis
462 906 669 961 patefactis
693 920 739 946 eo
762 907 823 946 die
845 919 939 960 pace
962 912 1053 946 sunt
1075 905 1149 945 usi.
1186 904 1268 946 Sub
1291 920 1498 959 uesperum
1522 903 1672 946 Caesar
1693 906 1750 951 33

188 983 319 1030 portas
351 975 479 1015 claudi
509 975 731 1027 militesque
762 988 814 1014 ex
850 973 989 1028 oppido
1019 974 1131 1014 exire
1161 973 1301 1023 iussit,
1338 988 1386 1014 ne
1418 989 1531 1027 quam
1555 982 1673 1015 noctu

188 1044 368 1098 oppidani
390 1043 436 1082 ab
459 1042 643 1082 militibus
666 1042 850 1082 iniuriam
874 1042 1115 1095 acciperent.
1157 1040 1220 1082 Illi
1243 1049 1333 1082 ante
1355 1042 1470 1091 inito,
1496 1050 1539 1082 ut
1560 1043 1676 1083 intel·
1697 1042 1724 1083 2

187 1113 330 1152 lectum
352 1117 427 1157 est,
454 1110 643 1160 consilio,
673 1110 773 1162 qnod
797 1110 993 1150 deditione
1018 1111 1117 1150 facta
1142 1117 1299 1151 nostros
1332 1111 1528 1164 praesidia
1558 1111 1675 1150 dedu-

191 1186 324 1219 cturos
340 1178 585 1231 autdenique
607 1178 876 1231 indiligentius
900 1185 1131 1218 seruaturos
1150 1179 1416 1227 crediderant,
1442 1178 1680 1232 partimcum

190 1247 252 1295 iis,
278 1261 376 1299 quae
398 1247 647 1287 retinuerant
669 1253 708 1285 et
728 1246 970 1294 celauerant,
996 1246 1132 1292 armis,
1159 1247 1297 1299 partim
1312 1247 1435 1286 scutis
1459 1260 1510 1285 ex
1532 1246 1679 1286 cortice

193 1315 304 1355 factis
328 1321 394 1354 aut
416 1313 625 1354 uiminibus
648 1314 815 1354 intextis
832 1345 841 1363 ,
882 1328 979 1366 quae
1012 1314 1142 1354 subito
1158 1345 1167 1363 ,
1205 1322 1247 1354 ut
1268 1315 1456 1368 temporis
1480 1314 1679 1366 exiguitas

194 1382 429 1435 postulabat,
454 1381 618 1435 pellibus
641 1381 897 1429 induxerant,
925 1382 1042 1421 tertia
1064 1382 1216 1436 uigilia,
1256 1396 1330 1434 qua
1353 1383 1510 1422 minime
1532 1382 1678 1421 arduus

193 1450 241 1489 ad
264 1456 419 1490 nostras
443 1449 681 1489 munitiones
705 1463 896 1490 ascensus
919 1449 1150 1498 uidebatur,
1186 1449 1368 1489 omnibus
1392 1450 1515 1503 copiis
1538 1465 1680 1504 repen-

198 1517 277 1556 tino
302 1531 354 1557 ex
375 1519 513 1571 oppido
546 1517 790 1570 eruptionem
824 1518 1016 1557 fecerunt.
1082 1514 1302 1566 Celeriter,
1339 1524 1380 1556 ut
1412 1524 1504 1558 ante
1528 1515 1681 1558 Caesar
1701 1518 1726 1559 3

192 1584 427 1637 imperarat,
471 1585 627 1637 ignibus
660 1584 948 1638 significatione
980 1586 1084 1624 facta
1117 1599 1169 1624 ex
1201 1585 1393 1638 proximis
1427 1586 1599 1626 castellis
1633 1600 1679 1626 eo

195 1665 426 1691 concursum
450 1659 523 1702 est,
550 1659 838 1707 pugnatumque
860 1652 906 1691 ab
931 1651 1107 1692 hostibus
1129 1652 1185 1691 ita
1207 1652 1353 1692 acriter
1375 1659 1449 1702 est,
1475 1661 1516 1693 nt
1538 1668 1556 1693 a
1583 1653 1680 1693 uiris
1702 1653 1729 1693 4

195 1719 357 1759 fortibus
380 1720 419 1759 in
432 1726 614 1759 extrema
629 1734 696 1773 spe
718 1720 856 1759 salutis
878 1719 1011 1772 iniquo
1035 1720 1121 1759 loco
1145 1727 1285 1759 contra
1308 1733 1392 1769 eos,
1418 1721 1482 1773 qui
1505 1735 1558 1760 ex
1580 1721 1682 1761 uallo

197 1786 446 1840 turribusque
468 1787 543 1827 tela
566 1787 760 1837 iacerent„
781 1787 947 1841 pugnari
971 1787 1117 1836 debuit,
1144 1802 1229 1827 cum
1252 1788 1292 1827 in
1308 1802 1384 1827 una
1396 1788 1543 1828 uirtute
1557 1790 1683 1829 omnis

196 1867 284 1907 spes
317 1855 455 1895 salutis
487 1855 739 1896 consisteret.
798 1853 955 1896 Occisis
978 1856 1025 1895 ad
1061 1855 1260 1895 hominum
1302 1856 1457 1896 milibus
1498 1863 1682 1909 quattuor
1704 1854 1729 1896 5

198 1922 337 1974 reliqui
358 1923 396 1961 in
421 1923 599 1976 oppidum
622 1923 760 1963 reiecti
784 1931 892 1963 sunt.
953 1921 1153 1963 Postridie.
1183 1924 1268 1963 eius
1292 1924 1368 1963 diei
1390 1925 1572 1964 refractis
1594 1939 1683 1978 por·
1705 1923 1731 1964 6

201 1990 266 2039 tis,
291 2003 377 2029 cum
399 1989 475 2029 iam
498 1990 729 2031 defenderet
750 2005 863 2031 nemo
879 2021 888 2038 ,
922 1998 1037 2044 atque
1060 1991 1300 2031 intromissis
1324 1992 1512 2032 militibus
1536 1992 1684 2032 nostris

200 2058 415 2098 sectionem
439 2058 523 2098 eius
547 2059 676 2112 oppidi
694 2059 922 2099 uniuersam
937 2057 1091 2100 Caesar
1104 2059 1293 2099 uendidit.
1325 2059 1388 2099 Ab
1411 2061 1476 2110 iis,
1503 2060 1685 2113 quieme-
1705 2059 1732 2100 7

340 2161 360 2194 2
381 2161 558 2193 dedissent
576 2163 606 2194 B
626 2162 722 2195 ‘mssa
744 2163 793 2196 7’.
958 2163 976 2196 3
996 2163 1232 2195 condicionem
1251 2164 1293 2195 B.
1457 2163 1603 2196 Neruios
1623 2166 1682 2206 ef.

343 2213 361 2244 4
381 2213 610 2254 finitumisque
629 2215 662 2246 A
680 2217 715 2246 et
732 2225 777 2246 m.
793 2224 854 2256 pr.
874 2216 918 2246 B.
1058 2214 1181 2256 populo
1202 2214 1350 2246 Romano
1368 2225 1437 2246 500.
1458 2225 1505 2246 m.
1525 2216 1568 2247 B.

202 2261 219 2293 5
239 2262 399 2294 nunciata
418 2274 462 2294 m.
481 2273 537 2304 pr.
557 2265 600 2295 B.
788 2265 881 2308 suos]
902 2265 952 2297 illi
971 2276 1007 2298 se
1026 2265 1109 2296 add.
1133 2265 1243 2305 bees.
1456 2266 1616 2297 dixerunt
1636 2265 1687 2297 fa-

202 2325 278 2346 eere
298 2325 327 2346 e.
466 2316 486 2348 8
505 2317 783 2357 adaequarentur
799 2318 854 2358 D,·
880 2321 1130 2359 coaequarent,
1151 2315 1213 2347 secl
1229 2326 1391 2357 suprasc.
1413 2317 1542 2349 eadm.
1563 2317 1626 2357 ad,
1649 2317 1685 2349 C.

345 2366 363 2398 9
382 2366 613 2408 perspectum]
634 2377 672 2397 co
691 2378 799 2407 super
816 2378 876 2410 per
892 2379 961 2399 500.
982 2379 1028 2399 m.
1049 2368 1097 2404 B,
1119 2372 1325 2408 compertum
1347 2367 1408 2409 bs.
1527 2368 1567 2400 10
1586 2367 1685 2409 pace]

204 2422 300 2459 parte
321 2428 349 2449 0.
493 2419 553 2450 5υ1)
573 2429 715 2460 uespere
737 2420 822 2461 bes.
968 2421 1008 2452 12
1028 2419 1067 2450 ab
1088 2418 1134 2459 (A
1147 2419 1190 2458 B)
1206 2419 1367 2458 CD(E>,
1390 2419 1454 2460 as.
1575 2419 1615 2451 13
1635 2419 1690 2449 de-

206 2469 365 2501 ducturos
382 2471 452 2502 AB
466 2470 497 2501 D
513 2470 588 2511 (E),
615 2473 651 2502 in
670 2471 700 2502 B
717 2481 784 2502 500.
806 2481 852 2502 m.
875 2471 906 2502 in
926 2481 1033 2513 super
1051 2471 1091 2502 de
1110 2471 1280 2510 scripsit,-
1303 2480 1367 2500 non
1388 2470 1587 2501 inducturos
1609 2471 1626 2501 b
1639 2471 1690 2502 cd

207 2519 271 2560 es,
294 2530 356 2551 non
377 2520 567 2553 indulturos
590 2522 645 2554 C?
816 2522 856 2554 14
875 2521 1110 2562 indulgentius
1131 2521 1177 2552 bc
1194 2524 1230 2552 et
1248 2523 1313 2552 int.
1336 2531 1427 2552 uer-s.
1452 2521 1479 2553 C
1498 2524 1534 2552 et
1549 2531 1618 2552 500.
1640 2531 1686 2552 m.

210 2572 245 2600 in
263 2581 375 2612 marg.
394 2572 437 2603 B.
578 2582 652 2603 cum
673 2572 724 2604 his
744 2572 845 2604 codd.
867 2576 901 2603 et
920 2583 953 2603 u.
1095 2572 1136 2604 18
1155 2582 1321 2603 ascensus
1341 2572 1383 2604 B.
1514 2573 1688 2614 repentino

210 2620 318 2651 ΑΒΗ
332 2622 380 2661 E,-
399 2628 536 2664 repeute
555 2634 571 2654 e
590 2623 654 2664 (f)
674 2626 803 2664 atque,
825 2627 865 2655 ut
883 2624 1060 2663 arbitror,
1082 2633 1121 2662 a,
1150 2633 1253 2664 quem
1272 2623 1511 2654 Aehaintre'zls
1530 2623 1571 2654 de
1590 2624 1619 2655 B
1637 2627 1689 2654 ta-

209 2681 288 2702 cens
307 2674 483 2713 repentino
502 2674 671 2705 eoelzibere
689 2678 840 2713 narrat,
860 2677 945 2705 item
963 2684 1031 2705 500.
1054 2683 1100 2704 m.
1120 2674 1150 2705 B
1168 2677 1204 2705 et
1222 2674 1358 2715 reliqui
1371 2673 1549 2715 plerique,

208 2721 247 2755 21
269 2722 394 2754 acriter
412 2728 465 2755 est
481 2725 554 2756 AB
567 2725 636 2757 CD
649 2725 721 2767 Es
734 2726 942 2766 ‘mzdeoz‘m’,
963 2725 1090 2758 aeriter
1107 2736 1143 2757 u.
1298 2726 1341 2760 23
1361 2725 1392 2756 in
1413 2736 1481 2757 om.
1501 2727 1545 2758 A.

209 2773 251 2807 24
270 2774 392 2805 salutis
410 2776 525 2817 om.s.
714 2777 809 2808 milia
826 2778 857 2809 D
871 2778 946 2820 Es.
1111 2782 1273 2820 quattuor
1289 2778 1381 2817 AB,
1412 2782 1558 2819 quatuor
1576 2776 1687 2819 (Es).

345 2825 386 2858 2ss
406 2836 478 2857 cum
497 2837 592 2859 nemo
614 2827 864 2871 defenderets.
1053 2833 1153 2871 atque
1173 2830 1262 2861 ultro
1282 2829 1432 2861 inmissis
1455 2829 1472 2859 b
1486 2839 1513 2860 r·.

212 2874 312 2907 ‘27:112
332 2875 384 2907 his
404 2875 504 2909 codd.
525 2882 559 2911 et
574 2890 609 2911 u.
