1835 3240
571 139 752 184 COMM.
779 141 795 183 1
817 139 942 183 CAP.
968 141 1088 182 84-
1105 141 1176 182 86.
1642 144 1723 186 535

170 258 301 313 gantia
323 256 505 296 accidere
527 256 676 304 soleat,
713 256 766 295 uti
800 269 846 296 eo
875 261 1081 296 recurrant
1103 261 1141 293 et
1162 253 1199 293 id
1222 254 1470 306 cupidissime
1495 265 1644 309 petant,

168 326 266 380 quod
290 324 401 378 paulo
424 330 516 363 ante
540 324 862 376 contempserint.
897 321 1041 376 Neque
1064 336 1167 361 nunc
1190 335 1232 361 se
1256 321 1406 360 illorum
1433 323 1646 365 bumilitate
1669 325 1693 364 5

167 405 291 444 neque
313 392 441 444 aliqua
464 391 649 443 temporis
673 391 962 444 opportunitate
986 381 1211 443 postulare,
1242 388 1380 441 quibus
1414 389 1532 430 rebus
1555 406 1646 444 opes

167 466 388 513 augeantur
409 472 529 508 suaeg
555 459 622 499 sed
646 472 713 498 eos
737 459 954 507 exereitus,
981 472 1078 510 quos
1101 464 1237 497 contra
1259 471 1302 496 se
1325 457 1468 497 m'ultos
1491 457 1563 496 iam
1581 472 1648 497 an-

120 537 137 567 5
170 541 241 567 nos
263 527 446 575 abierint,
471 527 571 566 uelle
595 527 750 566 dimitti.
785 524 929 577 Neque
951 526 1054 565 enim
1077 539 1150 565 sex
1173 524 1348 578 legiones
1371 524 1447 564 alia
1469 525 1515 564 de
1532 539 1648 565 eausa
1671 525 1697 565 6

167 595 306 635 missas
330 595 367 634 in
383 594 613 648 Hispaniam
636 593 919 647 septimamque
941 593 992 632 ibi
1016 593 1277 646 conscriptam
1302 593 1469 645 neque†
1487 598 1543 631 tot
1565 599 1649 631 tan-

167 669 303 715 tasque
326 663 464 702 classis
488 669 644 714 paratas
675 675 800 714 neque
823 660 1038 700 submissos
1061 660 1179 700 duces
1201 660 1259 699 rei
1282 659 1463 700 militaris
1486 660 1647 713 peritos.

165 729 277 770 Nihil
300 730 434 770 borum
458 730 506 769 ad
528 729 721 782 pacandas
745 728 975 782 Hispanias,
1002 728 1095 767 nihil
1118 728 1166 767 ad
1190 743 1298 768 usum
1324 727 1548 782 prouinciae
1564 741 1650 780 pro·
1671 727 1696 766 7

168 796 322 847 uisum',
358 811 457 850 quae
487 803 645 850 propter
673 797 965 836 diuturnitatem
990 795 1095 848 pacis
1119 795 1264 835 nullum
1287 797 1474 836 auxilium
1499 795 1651 835 deside—

94 872 133 904 10
165 865 279 904 rarit.
305 864 449 905 Omnia
470 865 568 904 haec
590 864 666 904 iam
690 865 836 917 pridem
851 870 988 904 eontra
1002 876 1044 902 se
1067 863 1222 916 parari:
1249 864 1288 902 in
1311 878 1353 904 se
1376 863 1467 903 noui
1490 862 1649 917 generis
1671 861 1698 902 8

168 932 332 986 imperia
355 932 566 981 constitui,
605 939 647 972 ut
678 932 779 971 idem
810 932 858 971 ad
890 938 1023 984 portas
1047 931 1208 970 urbanis
1232 932 1452 984 praesideat
1472 931 1591 970 rebus
1614 937 1653 970 et

167 1000 262 1039 duas
284 999 608 1040 bellicosissimas
639 999 864 1052 prouincias
897 999 1039 1038 absens
1073 1004 1130 1038 tot
1157 998 1271 1038 annis
1303 998 1498 1047 obtineat;
1540 998 1578 1037 in
1610 1010 1652 1037 se
1673 997 1700 1037 9

167 1067 251 1107 iura
274 1067 575 1120 magistratuum
600 1067 860 1116 commutari,
894 1080 942 1107 ne
973 1080 1026 1106 ex
1058 1073 1244 1120 praetura
1276 1072 1315 1105 et
1346 1066 1579 1115 consulatu,
1612 1072 1655 1105 ut

169 1149 347 1188 semper,
385 1134 454 1175 sed
476 1148 546 1188 per
568 1148 712 1189 paucos
736 1134 888 1188 probati
911 1141 951 1174 et
972 1134 1087 1174 electi
1110 1135 1148 1174 in
1172 1133 1395 1187 prouincias
1419 1134 1652 1183 mittantur3

98 1211 135 1243 15
168 1203 208 1243 in
230 1216 273 1243 se
296 1203 414 1242 etiam
436 1203 577 1242 aetatis
610 1203 908 1242 excusationem
932 1203 1028 1242 nihil
1050 1202 1207 1251 ualere,
1241 1216 1355 1257 quom
1388 1200 1655 1254 superioribus

167 1270 281 1310 bellis
304 1271 452 1324 probati
476 1271 522 1310 ad
555 1270 787 1324 optinendos
814 1271 1018 1311 exercitus
1050 1278 1292 1320 euocentur3
1326 1270 1365 1308 in
1398 1282 1441 1309 se
1472 1283 1549 1309 uno
1577 1282 1654 1308 non
1682 1266 1731 1307 [Ο

168 1338 347 1387 seruari,
387 1338 488 1391 quod
510 1339 562 1378 sit
583 1338 761 1378 omnibus
785 1339 915 1378 datum
939 1352 1094 1392 semper
1116 1337 1417 1392 imperatoribus
1434 1367 1444 1386 ‚
1476 1343 1519 1376 ut
1540 1335 1656 1376 rebus

173 1406 338 1445 feliciter
359 1406 482 1459 gestis
504 1413 572 1445 aut
594 1420 680 1445 cum
705 1405 854 1446 honore
877 1406 1007 1459 aliquo
1030 1414 1097 1446 aut
1120 1413 1227 1446 certe
1251 1405 1336 1444 sine
1351 1398 1574 1457 'ignominia
1589 1403 1655 1443 do-

170 1488 273 1513 mum
297 1480 552 1513 reuertantur
573 1474 872 1527 exercitumque
903 1475 1112 1514 dimittant.
1159 1472 1271 1526 Quae
1304 1480 1434 1512 tamen
1467 1471 1597 1511 omnia
1619 1477 1658 1510 et
1685 1470 1729 1510 ll

94 1548 137 1580 20
169 1554 211 1581 se
235 1541 370 1582 tulisse
402 1541 598 1595 patienter
628 1549 667 1581 et
688 1556 776 1582 esse
799 1543 992 1582 laturum:
1029 1556 1154 1595 neque
1178 1555 1280 1581 nunc
1302 1540 1338 1579 id
1369 1554 1511 1593 agere,
1546 1545 1587 1578 ut
1609 1538 1655 1578 ab

169 1609 245 1649 illis
269 1610 477 1649 abductum
499 1610 718 1649 exercitum
743 1616 876 1650 teneat
897 1611 1004 1664 ipse,
1030 1610 1130 1663 quod
1154 1617 1282 1649 tamen
1307 1608 1380 1648 sibi
1405 1607 1555 1647 difficile
1578 1621 1655 1646 non

169 1677 235 1725 sit,
262 1677 331 1717 sed
354 1691 402 1717 ne
424 1677 480 1717 illi
504 1677 687 1727 habeant,
714 1692 789 1730 quo
812 1684 949 1717 contra
973 1692 1016 1718 se
1040 1678 1093 1717 uti
1116 1677 1285 1730 possint..
1317 1674 1506 1724 Proinde,
1532 1681 1574 1714 ut
1596 1688 1654 1714 es·
1684 1672 1734 1713 12

170 1751 230 1784 set
253 1745 411 1794 dictum,
437 1744 651 1799 prouinciis
676 1745 917 1785 excederent
939 1746 1238 1798 exercitumque
1261 1743 1530 1791 dimitterent3
1565 1742 1598 1781 si
1621 1741 1658 1780 id

170 1812 221 1852 sit
243 1814 402 1862 factum,
428 1826 470 1854 se
493 1813 713 1853 nociturum
737 1813 897 1855 nemini.
925 1813 1037 1853 Hanc
1051 1827 1168 1853 unam
1193 1819 1308 1864 atque
1331 1818 1548 1852 extremam
1569 1822 1658 1849 esse

95 1887 136 1919 25
171 1881 277 1933 pacis
301 1881 586 1922 condicionem.
629 1880 674 1922 Id
696 1895 791 1922 uero
814 1881 1002 1922 militibus
1025 1882 1094 1921 fuit
1116 1887 1339 1935 pergratum
1365 1885 1404 1918 et
1424 1877 1653 1926 iucundum,
1673 1875 1732 1920 86

171 1954 211 1986 ut
233 1961 285 1988 ex
305 1948 387 2001 ipsa
411 1949 700 2002 significatione
723 1949 909 2003 cognosci
932 1950 1082 2003 potuit,
1118 1956 1185 1998 ut,
1219 1947 1285 2001 qui
1317 1946 1462 1999 aliquid
1484 1945 1575 1985 iusti
1599 1945 1659 1984 in-

173 2017 364 2056 commodi
386 2017 726 2071 expectauissent,
750 2018 854 2058 ultro
877 2018 1089 2071 praemium
1113 2015 1313 2056 missionis
1337 2016 1501 2054 ferrent.
1549 2010 1655 2052 Nam
1680 2012 1706 2052 2

172 2099 257 2124 cum
281 2085 327 2123 de
349 2085 435 2124 loco
459 2092 497 2124 et
518 2092 693 2139 tempore
715 2085 800 2125 eius
822 2085 878 2125 rei
902 2084 1174 2125 controuersia
1196 2084 1427 2130 inferretur,
1453 2087 1492 2120 et
1511 2093 1606 2119 uoce
1621 2086 1661 2119 et

170 2152 349 2192 manibus
371 2153 547 2192 uniuersi
571 2167 622 2192 ex
645 2153 764 2202 uallo,
790 2152 855 2192 ubi
878 2153 1154 2201 constiterant,
1180 2150 1402 2204 significare
1426 2153 1656 2201 coeperunt,

99 2227 140 2259 30
172 2227 213 2260 ut
233 2221 362 2260 statim
387 2220 702 2271 dimitterentur,
739 2234 866 2273 neque
899 2220 1005 2261 omni
1034 2219 1267 2273 interposita
1301 2218 1374 2258 fide
1398 2217 1547 2255 firmum
1570 2228 1659 2254 esse

175 2302 304 2342 posse,
329 2289 361 2329 si
385 2289 424 2328 in
445 2289 550 2329 aliud
573 2296 724 2343 tempus
748 2289 987 2329 diss'erretur.
1046 2286 1188 2328 Paucis
1211 2300 1298 2326 eum
1322 2291 1430 2325 esset
1450 2284 1490 2324 in
1511 2289 1660 2323 utram·
1683 2282 1708 2322 3

315 2430 335 2462 2
354 2430 544 2461 humilitate
563 2430 690 2469 Aldus,
712 2430 922 2462 humanitate
942 2429 1043 2461 codd.
1193 2429 1211 2461 3
1231 2427 1462 2470 oportunitate
1481 2436 1515 2458 α.

177 2480 195 2511 6
216 2490 322 2521 neque
341 2481 364 2522 †
386 2486 433 2512 tot
451 2481 490 2512 P.
514 2482 589 2513 145.
731 2483 748 2513 7
769 2482 891 2513 classis
910 2491 931 2512 a
946 2481 977 2512 b.
1118 2481 1138 2512 8
1158 2490 1298 2521 quorum
1318 2479 1381 2510 ab.
1535 2476 1663 2519 Hyspa-

179 2530 251 2562 nias
270 2541 304 2562 α.
528 2532 565 2564 11
588 2532 784 2574 praesideat
802 2533 928 2573 Aldus,
951 2532 1125 2573 praesidia
1143 2532 1243 2563 codd.
1266 2531 1348 2563 Vz'd.
1370 2530 1462 2563 Vell.
1484 2530 1529 2569 ΙΙ,
1553 2530 1607 2567 48,
1633 2529 1659 2560 1.

322 2581 361 2612 12
381 2582 478 2614 annis
497 2593 518 2614 a
532 2583 561 2623 b,
583 2593 690 2614 annos
711 2594 746 2615 ιι.
890 2584 929 2615 14
949 2583 1009 2614 sed
1029 2582 1157 2622 Aldus,
1178 2582 1215 2614 fit
1233 2582 1334 2613 codd.
1499 2580 1538 2611 15
1559 2580 1661 2609 etiam

182 2632 243 2671 ab,
265 2642 332 2663 om-
353 2642 386 2662 1!-
573 2644 670 2675 quoin
690 2643 766 2675 ega,
787 2633 876 2675 quod
896 2633 996 2665 codd.
1016 2633 1056 2664 P.
1081 2633 1154 2664 145.
1348 2632 1385 2663 lti
1406 2630 1606 2672 optinendos
1625 2638 1657 2658 a.

321 2683 363 2715 23
383 2683 412 2714 si
430 2683 558 2724 Aldus,
579 2685 638 2715 sed
658 2685 687 2716 si
707 2684 808 2716 codd.
993 2684 1037 2718 ,24
1054 2693 1090 2714 se
1111 2684 1301 2715 nociturum
1319 2692 1340 2713 a
1362 2682 1457 2712 ‘mse
1474 2678 1659 2721 plez-z'qcze‘,

182 2735 372 2766 nociturum
391 2745 427 2767 se
444 2736 556 2767 Aldus
574 2747 608 2768 u.
810 2746 885 2767 esse
905 2736 998 2778 pacis
1017 2746 1038 2767 a
1056 2735 1271 2777 Stephanus,
1294 2734 1387 2776 pacis
1405 2743 1481 2764 esse
1502 2732 1662 2772 reliquae

184 2785 260 2817 cdd.
457 2786 499 2819 26
519 2786 677 2827 cognosci
694 2787 804 2829 potuit
822 2797 842 2817 α
860 2787 1076 2827 Stephanus,
1098 2787 1208 2828 potuit
1226 2784 1385 2825 cognosci
1405 2783 1564 2823 rela'qnae
1582 2782 1662 2814 edd.

326 2836 430 2878 aliqui
449 2846 469 2868 a
490 2838 586 2869 ‘'mss-
601 2838 646 2870 4’.
787 2838 869 2870 iusti
888 2849 906 2869 ιι
921 2839 939 2869 Ι)
953 2848 982 2879 c,
1002 2838 1086 2870 uicti
1099 2848 1132 2871 u.
1274 2837 1316 2869 27
1331 2834 1611 2878 expectauisseut
1625 2845 1657 2866 α,
