1835 3240
83 893 122 926 10

84 1234 122 1266 15

78 1572 121 1605 20

549 159 732 204 COMM.
756 156 838 204 VII
860 158 985 203 CAP.
1009 158 1208 202 49—53.
1633 165 1716 210 435

161 292 234 333 que
255 276 302 317 ad
333 274 529 330 legionem
560 275 754 330 recipite’.
798 274 858 316 Ita
886 287 1065 330 pugnans
1096 280 1186 328 post
1216 274 1371 328 paulum
1407 277 1573 318 concidit
1594 294 1640 321 ac

159 346 239 387 suis
261 344 378 384 saluti
401 343 485 383 fuit.
527 342 696 394 Nostri,
729 358 816 384 cum
838 343 1009 396 undique
1032 349 1330 396 premerentur,
1363 349 1471 383 XLVI
1504 353 1639 387 centu—
1661 348 1714 392 51

157 413 333 453 rionibus
356 412 511 451 amissis
535 412 675 452 deiecti
697 419 788 452 sunt
816 411 918 452 1060.
964 409 1042 451 Sed
1073 410 1351 451 intolerantius
1377 410 1513 452 Gallos
1536 413 1642 453 inse—

158 487 324 536 quentes
348 479 449 534 legio
473 480 622 519 decima
644 479 839 528 tardauit,
873 492 974 531 quae
1005 493 1075 532 pro
1104 479 1278 519 subsidio
1310 478 1423 532 paulo
1456 480 1642 532 aequiore

160 549 245 588 1060
269 548 516 588 constiterat.
562 547 676 587 Hanc
698 561 835 588 rursus
866 554 946 586 XIII
976 547 1142 601 legionis
1173 547 1357 588 cohortes
1380 555 1639 601 exceperunt,
1663 548 1689 589 2

157 629 255 669 quae
287 630 339 656 ex
371 616 511 656 castris
542 614 760 655 minoribus
793 614 956 655 eductae
986 629 1072 655 eum
1096 614 1190 655 Tito
1213 613 1354 656 Sextio
1375 615 1506 668 legato
1529 628 1642 669 cepe-

156 691 246 723 rant
276 684 403 724 loeum
435 683 692 737 superiorem.
746 680 965 736 Legiones,
991 682 1054 722 ubi
1077 683 1242 736 primum
1265 683 1471 737 planiciem
1493 683 1642 737 adtige-
1664 683 1688 724 3

157 759 263 801 runt,
288 752 441 792 infestis
465 758 602 791 contra
623 751 756 791 hostes
779 750 901 804 signis
925 749 1200 790 constiterunt.
1258 750 1570 806 Vercingetorix
1594 751 1640 791 ab
1662 751 1690 792 4

156 820 352 859 radicibus
376 818 486 859 collis
511 833 603 858 suos
624 819 728 858 intra
751 817 988 857 munitiones
1010 818 1186 857 reduxit.
1221 817 1281 858 Eo
1304 818 1365 859 die
1387 819 1528 859 milites
1551 825 1643 859 sunt

156 888 268 940 paulo
290 887 419 927 minus
443 887 683 941 septingenti
707 885 931 926 desiderati.
990 883 1161 925 Postero
1191 886 1252 925 die
1277 885 1429 926 Caesar
1451 887 1634 928 contione
1657 887 1715 931 52

156 956 347 995 aduocata
378 955 639 995 temeritatem
672 953 999 1007 cupiditatemque
1030 952 1194 993 militum
1225 954 1504 1006 reprehendit,
1539 956 1641 1008 quod

156 1022 229 1063 sibi
251 1023 324 1076 ipsi
346 1022 647 1072 iudicauissent,
674 1036 750 1075 quo
773 1022 1060 1076 procedendum
1082 1028 1149 1061 aut
1169 1021 1257 1074 1111111
1271 1022 1465 1074 agendum
1485 1023 1642 1063 uidere-

156 1098 242 1140 tur,
277 1104 402 1144 neque
434 1090 547 1145 signo
578 1090 794 1144 recipiendi
825 1090 915 1130 dato
948 1089 1223 1129 constitissent
1255 1102 1381 1142 neque
1403 1089 1450 1129 ab
1473 1090 1641 1131 tribunis

156 1159 318 1198 militum
333 1158 552 1212 legatisque
564 1158 975 1212 retineripotuissent.
1001 1155 1216 1211 Exposuit,
1244 1158 1334 1210 1111111
1356 1157 1542 1211 iniquitas
1565 1158 1641 1198 loci
1662 1158 1689 1198 2

155 1234 310 1280 posset,
344 1227 431 1279 quid
455 1226 537 1280 ipse
558 1227 606 1267 ad
629 1226 844 1266 Auaricum
867 1225 1081 1275 sensisset,
1121 1239 1208 1265 cum
1240 1226 1326 1265 sine
1358 1226 1456 1266 duce
1487 1233 1526 1266 et
1556 1226 1642 1267 sine

157 1295 331 1347 equitatu
353 1295 609 1348 deprehensis
632 1295 808 1334 hostibus
831 1294 1075 1348 exploratam
1098 1294 1303 1333 uictoriam
1327 1293 1568 1343 dimisisset,
1593 1307 1644 1335 ne

157 1376 318 1415 paruum
341 1363 455 1403 modo
478 1363 754 1403 detrimentum
777 1363 817 1402 in
841 1362 1096 1402 contentione
1117 1368 1277 1415 propter
1301 1362 1545 1414 iniquitatem
1566 1361 1642 1403 loci

157 1431 365 1471 accideret.
409 1429 568 1482 Quanto
591 1444 710 1484 opere
732 1444 867 1470 eorum
891 1429 1010 1469 animi
1031 1429 1339 1482 magnitudinem
1361 1430 1638 1480 admiraretur,
1663 1429 1688 1471 3

156 1512 251 1551 quos
274 1513 351 1538 0011
374 1506 590 1539 castrorum
614 1498 875 1547 munitiones,
909 1511 989 1537 nou
1010 1497 1175 1537 altitudo
1197 1497 1366 1547 montis,
1398 1512 1477 1537 non
1506 1511 1642 1538 murus

154 1566 280 1619 oppidi
304 1568 461 1608 tardare
484 1567 691 1620 potuisset,
719 1573 828 1606 tanto
853 1579 970 1619 opere
993 1564 1190 1605 licentiam
1214 1565 1561 1619 adrogantiamque
1576 1580 1641 1606 re-

154 1634 414 1686 prehendere,
441 1635 540 1690 quod
564 1635 649 1688 plus
673 1648 715 1674 se
734 1648 845 1687 quam
864 1633 1141 1687 imperatorem
1155 1633 1202 1673 de
1215 1633 1384 1673 uictoria
1397 1640 1514 1686 atque
1529 1634 1642 1674 exitu

153 1715 285 1741 rerum
309 1703 457 1742 sentire
481 1702 783 1751 existimarent3
818 1715 891 1741 1166
913 1701 1042 1741 minus
1067 1714 1110 1740 se
1133 1700 1179 1741 ab
1202 1700 1326 1741 milite
1347 1701 1581 1741 modestiam
1604 1708 1643 1741 et
1664 1701 1690 1741 4

153 1770 435 1809 continentiam
459 1770 773 1823 quamuirtutem
787 1775 904 1822 atque
927 1769 1046 1808 animi
1068 1768 1376 1821 magnitudinem
1397 1769 1639 1810 desiderare.

154 1836 238 1877 Hac
260 1838 389 1877 habita
411 1838 596 1878 contione
618 1845 657 1877 et
679 1838 726 1877 ad
749 1844 970 1877 extremam
1001 1837 1222 1877 orationem
1246 1837 1485 1878 confirmatis
1507 1837 1638 1877 militi·
1660 1835 1717 1882 53

81 1934 94 1942 .
151 1904 240 1954 bus,
264 1920 313 1946 ne
335 1906 382 1945 ob
406 1906 505 1946 hanc
528 1920 685 1946 causam
708 1906 838 1946 animo
861 1911 1191 1958 permouerentur
1212 1919 1305 1955 neu,
1331 1906 1430 1959 quod
1453 1905 1640 1961 iniquitas

153 1973 225 2012 loci
249 1973 469 2023 adtulisset,
500 1974 538 2014 id
561 1973 695 2014 uirtuti
720 1974 886 2014 hostium
911 1973 1145 2023 tribuerent,
1171 1974 1306 2014 eadem
1329 1973 1375 2014 de
1397 1973 1643 2028 profectione

299 2099 310 2130 1
334 2098 469 2140 paulum
489 2098 547 2130 Be
564 2098 708 2140 reliqui,
730 2097 903 2140 paululum
924 2098 941 2130 b
955 2109 985 2129 6.
1182 2099 1203 2131 2
1223 2097 1345 2139 nostri]
1367 2097 1432 2129 nisi
1451 2108 1498 2129 m.
1513 2107 1573 2139 pr.
1594 2098 1637 2129 B.

294 2160 326 2180 vx
346 2154 381 2180 et
396 2160 438 2180 xz,
458 2150 489 2180 b.
631 2151 651 2182 4
668 2160 727 2192 pro
747 2152 813 2181 int.
834 2159 926 2181 uer-s.
951 2150 982 2181 b.
1139 2148 1157 2181 6
1177 2149 1344 2181 aeduetae
1361 2149 1404 2181 B.
1560 2147 1639 2180 Tito

152 2201 193 2242 B,
214 2201 254 2233 T.
275 2212 309 2232 u.
503 2202 614 2234 locum
633 2207 798 2245 ceperant
815 2212 895 2233 cum
915 2202 932 2233 b
954 2201 1068 2234 Ooeon.
1090 2211 1125 2233 u.
1328 2201 1348 2234 7
1367 2201 1543 2244 planitiem
1563 2201 1638 2244 (B).

295 2253 491 2295 adtigerunt
508 2254 551 2286 B.
693 2255 713 2288 8
732 2255 864 2286 hostem
883 2265 912 2286 e.
1057 2254 1247 2286 extiterunt
1266 2254 1298 2285 b.
1439 2253 1458 2285 9
1480 2255 1640 2286 munitio-

153 2313 211 2335 nes
232 2306 361 2348 recepit
380 2305 518 2337 reduxit
538 2307 567 2337 b.
713 2311 793 2339 sunt
810 2310 896 2338 ante
915 2306 1104 2339 desiderati
1118 2308 1230 2348 ponit
1248 2307 1276 2338 b.
1442 2306 1482 2339 10
1502 2307 1636 2347 paulum

153 2357 222 2387 AB
237 2357 276 2389 C.
418 2359 628 2399 sextingenti
647 2359 690 2390 B.
833 2359 990 2390 contione
1010 2359 1051 2399 B,
1073 2369 1142 2390 non
1162 2358 1340 2390 concione.
1492 2358 1533 2390 12
1552 2359 1639 2390 iudi-

154 2413 286 2439 cassent
305 2409 335 2440 b.
510 2410 549 2442 13
569 2410 836 2441 constituissent
852 2420 899 2441 m.
917 2420 975 2451 pr.
996 2410 1038 2441 B.
1203 2409 1244 2441 ab
1264 2408 1410 2441 tribunis
1428 2409 1534 2451 A(B)
1550 2410 1636 2451 CD,

153 2468 221 2488 non
241 2468 258 2489 a
278 2459 437 2491 tribunis.
581 2461 622 2493 14
641 2461 799 2503 exposuit
818 2461 848 2493 B
866 2464 903 2493 et
917 2461 1062 2502 reliqui,
1085 2462 1242 2503 exposito
1263 2461 1320 2492 be.
1488 2461 1526 2493 15
1546 2462 1635 2504 61101]

153 2508 229 2549 quid
250 2510 280 2541 b.
423 2513 461 2544 16
482 2512 689 2544 dimississet
706 2513 748 2544 B.
892 2512 932 2544 18
944 2512 1233 2552 accideretA(B)
1248 2512 1318 2544 CD
1333 2512 1390 2551 be,
1412 2512 1585 2554 acciperet
1603 2524 1634 2545 6.

297 2566 420 2603 quanto
441 2574 543 2604 opere
563 2567 598 2595 et
612 2564 769 2597 20131110
790 2573 892 2604 opere
910 2561 1016 2605 A(B)
1030 2563 1120 2603 CD,
1146 2573 1216 2594 non
1235 2567 1445 2604 quantopere
1463 2566 1501 2594 et
1524 2568 1637 2595 tanto-

153 2618 245 2650 pere.
431 2612 472 2644 19
492 2624 575 2655 quos
596 2614 614 2645 b
629 2614 682 2646 ccl
693 2624 721 2654 e,
743 2613 830 2655 quod
850 2613 879 2644 B
899 2613 1074 2654 ‘reliqui⁷.
1244 2623 1359 2644 muros
1378 2613 1409 2644 B
1423 2613 1464 2651 C,
1484 2615 1569 2645 muri
1588 2615 1634 2646 D.

294 2661 336 2693 20
355 2663 544 2704 potuissent
560 2666 607 2697 D.
747 2665 1068 2707 (adrogantiamque
1086 2663 1134 2705 B)
1155 2668 1188 2695 et
1206 2663 1436 2705 arrogantiam
1457 2664 1489 2696 b.

154 2712 195 2743 2‘2
215 2711 255 2743 ab
273 2713 381 2745 milite
399 2714 430 2746 B
447 2719 484 2746 et
497 2718 549 2747 sic
568 2717 678 2748 ‘uela
695 2717 804 2749 milite
823 2717 989 2758 relz’qui',
1011 2717 1045 2748 iu
1063 2716 1173 2748 milite
1193 2717 1211 2747 b
1224 2727 1241 2747 6
1254 2716 1317 2748 de.
1473 2721 1509 2748 et
1526 2717 1635 2749 conti-

153 2763 300 2794 nentiam
320 2774 387 2795 om.
410 2765 502 2798 bde.
663 2768 706 2801 23
725 2773 827 2810 atque
847 2779 914 2799 om.
939 2768 970 2799 b.
1133 2767 1175 2801 24
1195 2768 1353 2798 contione
1371 2767 1414 2799 B.
1590 2769 1632 2800 ad

152 2819 339 2847 extremam
360 2817 548 2849 orationem
566 2819 735 2860 ABCD,
757 2820 799 2851 ad
819 2824 1007 2851 extremum
1025 2819 1182 2851 oratione
1202 2819 1219 2850 b
1232 2819 1320 2850 cde.
1472 2819 1513 2851 26
1533 2821 1629 2852 adtu-

153 2865 251 2896 lisset
270 2865 311 2896 B.
453 2867 484 2898 id
503 2878 571 2899 om.
590 2869 635 2900 D.
775 2870 898 2901 uirtuti
915 2869 1078 2911 hostium]
1099 2869 1186 2900 hosti
1205 2879 1222 2899 6
1239 2868 1333 2900 And.
1355 2868 1470 2901 Oxou.

1320 2921 1403 2962 28*
