1835 3240
753 160 1124 200 —7—

196 292 281 319 rum
304 288 392 316 esse
414 273 586 314 confisus
608 274 697 313 est?
738 271 865 325 Quam
886 272 1018 327 inepte
1047 281 1176 314 autem
1199 272 1352 314 Hirtius
1384 276 1500 328 epist.
1524 280 1571 319 ad
1593 278 1686 321 Bal-

195 346 283 385 bum
308 344 344 395 §.
370 347 394 384 6
418 340 631 382 Caesarem
662 340 968 381 commentarios
1001 341 1208 382 celerrime
1237 342 1500 396 facillimeque
1530 361 1685 402 compo-

194 413 322 452 suisse
344 409 606 463 praedicaret,
631 409 664 448 si
685 409 719 449 is
740 409 872 449 omnia
894 409 969 449 iam
989 409 1192 449 habuisset
1206 409 1246 449 in
1266 409 1579 463 ephemeridibus
1601 429 1686 468 per-

195 478 341 532 scripta
358 509 368 527 ,
405 490 597 530 quamque
619 491 809 530 peruerse
832 478 933 517 idem
957 479 993 529 ἕ.
1019 476 1045 517 8
1068 484 1302 530 quereretur
1323 477 1395 518 sibi
1417 493 1483 519 res
1506 480 1686 522 Alexan-

195 547 307 587 drino
331 553 370 586 et
390 545 584 585 Africano
606 545 710 585 bello
732 552 866 600 gestas
889 559 1073 585 sermone
1096 551 1245 585 tantum
1269 543 1460 587 Caesaris
1494 562 1546 588 ex
1577 558 1687 602 parte

194 622 308 654 notas
333 628 448 663 esse,
483 614 516 653 si
539 613 853 667 ephemeridibus
883 628 905 653 a
928 610 1105 653 Caesare
1135 613 1176 653 in
1208 613 1294 667 ipso
1325 614 1427 654 bello
1460 617 1686 670 compositis

194 683 252 722 uti
285 682 501 736 potuisset,
537 695 586 721 ne
616 682 897 722 animaduertit
929 681 1100 733 quidem.
1171 680 1238 720 An
1269 682 1433 723 latuisse
1465 697 1533 724 eos
1565 684 1687 725 libros

194 749 542 790 Familiarissimum
567 746 755 791 Caesaris
789 764 915 803 neque
948 750 982 789 ei
1016 750 1074 788 his
1097 748 1153 788 uti
1176 763 1413 790 eoncessum
1436 752 1586 802 fuisse,
1621 760 1687 792 aut

195 816 410 859 Caesarem
432 818 472 858 in
495 816 624 857 Gallia
647 819 919 871 ephemerides
943 816 1229 871 composuisse,
1255 824 1392 871 postea
1414 821 1686 872 supersedisse

193 886 464 927 existimauit?
505 883 612 926 Sane
634 900 841 927 mensuras
864 886 1049 926 itinerum
1064 916 1074 935 ,
1108 885 1297 925 montium
1313 916 1323 935 ,
1364 886 1565 927 fluminum
1581 919 1591 937 ,
1617 903 1688 927 nu-

193 968 324 994 meros
348 954 592 1007 captiuorum
615 960 655 993 et
676 953 977 994 interfectorum
1001 967 1050 993 ne
1072 967 1146 1006 ego
1170 953 1324 1006 quidem
1348 955 1467 995 credo
1501 956 1585 996 sola
1607 971 1688 997 me—

191 1023 316 1062 moria
348 1022 561 1062 Caesarem
592 1021 793 1061 custodire
825 1022 1028 1075 potuisse,
1063 1021 1131 1061 sed
1161 1021 1261 1061 idem
1297 1022 1392 1062 haec
1425 1037 1511 1063 eum
1540 1024 1682 1077 ipsum,

191 1090 279 1131 dum
301 1104 365 1131 res
389 1096 575 1144 gereret,
599 1089 903 1144 perscripsisse,
939 1089 1014 1129 nisi
1038 1096 1146 1129 certo
1169 1090 1393 1131 testimonio
1417 1093 1687 1146 comprobabi-

192 1165 272 1208 tur,
298 1172 375 1198 non
398 1158 523 1212 magis
546 1158 718 1197 credam.
753 1156 858 1198 Huic
882 1158 985 1198 enim
1008 1158 1167 1211 negotio
1188 1158 1319 1198 scriba
1335 1159 1475 1212 aliquis
1495 1174 1566 1213 par
1583 1170 1683 1209 erat,

191 1234 231 1267 et
252 1227 372 1267 multo
396 1234 457 1267 est
478 1226 729 1267 uerisimilius
752 1226 818 1265 tali
844 1226 989 1266 homini
1012 1227 1051 1266 id
1072 1227 1294 1266 mandatum
1319 1241 1423 1277 esse,
1450 1242 1562 1281 quam
1584 1225 1687 1269 Cae-

192 1309 319 1335 sarem
353 1296 386 1335 ei
416 1295 475 1335 rei
504 1295 609 1335 inter
640 1308 812 1334 summas
845 1295 1124 1348 occupationes
1157 1308 1338 1335 uacasse.
1389 1293 1468 1335 Sed
1491 1297 1612 1337 multa
1635 1312 1687 1337 ex

192 1363 265 1403 hoc
287 1377 435 1415 genere
457 1363 498 1403 in
520 1363 695 1416 publicas
717 1362 894 1402 rationes
917 1377 938 1402 a
962 1369 1173 1415 quaestore
1195 1363 1475 1403 referebantur
1495 1367 1553 1417 (et
1573 1366 1687 1406 tahu-

193 1432 250 1471 las
272 1431 311 1470 in
334 1429 608 1470 Heluetiorum
631 1430 771 1469 castris
794 1436 977 1482 repertas
1000 1430 1172 1482 itemque
1195 1444 1329 1470 eorum
1347 1462 1357 1480 ,
1383 1433 1447 1484 qui
1470 1432 1682 1473 sectionem

193 1499 321 1552 oppidi
342 1498 642 1538 Aduatueorum
667 1497 882 1547 emissent,
921 1498 968 1537 ad
989 1512 1033 1538 se
1055 1498 1200 1538 relatos
1224 1512 1313 1538 esse
1337 1496 1490 1540 Caesar
1511 1500 1550 1540 b.
1577 1499 1682 1541 Gall.

190 1564 224 1614 I,
249 1565 303 1605 29
325 1573 366 1605 et
386 1565 440 1614 ΙΙ,
466 1564 520 1605 33
543 1573 650 1606 extr.
677 1566 981 1617 demonstrat),
1016 1579 1226 1606 mensurae
1248 1567 1437 1607 itinerum
1460 1569 1547 1609 sine
1570 1569 1684 1608 dubio

190 1647 212 1673 a
233 1634 432 1687 praefecto
456 1639 675 1673 castrorum
698 1632 1006 1673 annotabantur.
1060 1632 1117 1673 Et
1139 1640 1267 1675 tamen
1291 1635 1376 1687 quis
1400 1650 1478 1675 non
1503 1636 1609 1677 uidet
1629 1646 1685 1677 ta-

190 1701 289 1741 libus
311 1701 430 1741 rebus
453 1701 630 1741 breuiter
651 1699 797 1740 notatis
820 1700 967 1740 nullum
1000 1701 1177 1754 potuisse
1206 1703 1398 1742 eiusmodi
1426 1704 1567 1744 librum
1592 1719 1685 1745 con-

192 1770 277 1819 fici,
313 1770 467 1822 qualem
490 1776 530 1809 et
552 1767 717 1809 Seruius
741 1776 780 1808 et
802 1765 1068 1809 Schneiderus
1103 1770 1169 1825 (p.
1204 1770 1287 1822 32)
1320 1771 1390 1812 has
1414 1772 1684 1825 ephemerides

190 1837 311 1878 fuisse
334 1837 481 1891 opinati
503 1838 620 1877 sunt?
679 1835 762 1877 Res
795 1843 927 1890 gestas
959 1844 1115 1888 autem,
1151 1840 1473 1892 quemadmodum
1508 1843 1547 1881 in
1579 1856 1685 1881 com-

189 1905 394 1947 mentariis
418 1913 657 1956 narrantur,
689 1905 766 1945 nisi
790 1903 1005 1946 Caesarem
1029 1907 1219 1947 memoria
1242 1915 1379 1949 tenere
1402 1909 1575 1961 potuisse
1599 1924 1686 1950 cre-

189 1974 322 2014 derem
338 2004 348 2022 ‚
380 1973 428 2014 iis
452 1988 605 2027 quoque
628 1975 722 2014 fides
745 1980 852 2014 esset
874 1974 1102 2029 deneganda
1118 2006 1128 2025 ,
1161 1976 1225 2028 qui
1247 1990 1443 2017 summum
1466 1978 1550 2017 eius
1572 1978 1685 2032 inge-

189 2041 294 2082 nium
316 2042 495 2082 laudibus
519 2044 716 2084 tulerunt:
741 2042 931 2083 mediocri
953 2042 1057 2082 enim
1080 2045 1270 2084 memoria
1293 2044 1340 2084 ad
1365 2044 1464 2085 hanc
1484 2060 1566 2086 rem
1587 2061 1683 2100 opus

189 2116 288 2151 erat.
342 2109 449 2150 Nam
479 2111 565 2165 ipsa
597 2112 805 2152 multorum
836 2110 960 2151 uerba
994 2125 1080 2150 eum
1114 2120 1297 2152 accurate
1331 2114 1486 2153 tradere
1509 2114 1683 2154 uoluisse

189 2178 273 2231 quis
304 2179 460 2219 tandem
493 2179 569 2219 sibi
600 2179 830 2233 persuaderi
874 2180 1106 2233 pateretur?
1161 2179 1379 2221 Enimuero
1411 2196 1498 2222 cum
1531 2179 1685 2222 Caesar

188 2248 397 2300 quotannis
421 2247 468 2287 de
489 2247 607 2288 rebus
636 2248 758 2303 gestis
792 2249 839 2288 ad
868 2253 1049 2287 senatum
1071 2249 1262 2299 referret,
1295 2264 1393 2304 quas
1427 2249 1614 2303 epistolas
1645 2258 1683 2290 et

188 2315 272 2369 ipse
295 2316 485 2355 extremis
509 2316 618 2356 libris
642 2315 706 2367 Il,
732 2316 804 2367 IV,
843 2315 922 2358 Vll
954 2317 1000 2356 de
1030 2315 1131 2356 bello
1155 2314 1308 2357 Gallico
1340 2326 1624 2359 commemorat
1646 2326 1684 2359 et

188 2383 311 2423 editas
335 2383 457 2423 fuisse
480 2382 693 2424 Suetonius
718 2391 899 2434 testatur,
926 2392 965 2425 et
985 2384 1034 2425 ad
1056 2385 1203 2425 amic-os
1226 2385 1332 2426 inter
1352 2386 1437 2440 ipsa
1470 2387 1569 2427 bella
1602 2387 1683 2441 epi-

189 2452 311 2491 stolas
331 2451 518 2502 mitteret,
544 2467 641 2506 quas
658 2453 764 2506 ipsas
782 2467 935 2506 quoque
953 2453 1077 2494 editas
1097 2467 1184 2493 esse
1207 2454 1367 2504 scimus,
1393 2455 1510 2509 legati
1533 2462 1678 2502 autem,

188 2519 223 2558 si
253 2519 342 2571 quid
372 2519 534 2560 absente
566 2518 744 2562 Caesare
772 2528 982 2575 gererent,
1019 2521 1189 2561 dubitari
1221 2536 1298 2561 non
1329 2523 1476 2576 possit,
1509 2523 1600 2575 quin
1636 2524 1679 2562 ad

190 2600 276 2627 eum
299 2587 606 2642 perscripserint
622 2620 631 2638 ,
655 2590 747 2630 item
772 2604 857 2629 cum
880 2590 1055 2644 publicas
1078 2590 1253 2631 rationes
1277 2591 1464 2641 haberet,
1501 2605 1547 2631 ea
1569 2605 1681 2644 prae-

191 2654 284 2694 sidia
308 2656 529 2696 litterarum
553 2654 721 2698 Caesari
743 2659 964 2712 suppetisse
986 2666 1174 2712 apparet,
1198 2666 1263 2707 ut,
1296 2659 1360 2711 qui
1383 2673 1469 2699 eum
1492 2659 1551 2698 his
1575 2658 1681 2697 adiu-

194 2727 271 2761 tum
303 2737 538 2777 componere
570 2726 872 2766 commentarios
905 2733 992 2780 post
1022 2726 1198 2779 quamuis
1239 2727 1398 2780 longum
1432 2734 1583 2780 tempus
1614 2741 1680 2779 po—

192 2789 316 2830 tuisse
338 2792 520 2845 negabit,
554 2793 587 2833 is
609 2794 684 2834 sibi
707 2792 874 2834 Claudio
897 2795 1029 2847 aliquo
1051 2794 1344 2835 obliuiosiorem
1369 2793 1583 2836 Caesarem
1608 2795 1679 2833 lin-

191 2864 257 2911 gat
288 2871 454 2900 necesse
482 2861 547 2900 sit.
608 2860 751 2916 Neque
779 2863 929 2903 firmius
968 2863 1132 2916 reliquis
1170 2863 1413 2916 argumentis
1454 2869 1536 2913 cst,
1575 2862 1677 2917 quod
