1835 3240
754 178 866 184 —--
925 151 1009 192 228
1066 176 1177 183 —-—-

215 277 329 324 cepta
360 269 425 323 qui
457 282 509 309 ex
540 268 600 308 his
632 267 790 321 proeliis
813 280 899 305 eum
923 265 1176 305 adolescente
1199 262 1276 305 Cn.
1301 263 1486 318 Pompeio
1509 265 1702 319 profugis-

213 344 316 388 sent,
330 352 415 378 eum
428 344 468 377 et
481 336 679 376 ulterioris
693 334 906 388 Hispaniae
917 332 1063 386 potitus
1076 339 1197 382 esset,
1212 333 1301 372 dum
1314 329 1465 372 Caesar
1476 333 1701 373 muneribus

213 406 350 445 dandis
374 405 411 444 in
427 403 543 443 Italia
564 403 778 450 detinetur,
804 415 880 453 quo
904 400 1057 440 facilius
1080 400 1275 453 praesidia
1297 407 1434 439 contra
1457 408 1703 454 compararet.

211 471 439 526 Pompeius,
465 472 501 511 in
526 472 636 510 lidem
661 469 968 520 uniuscuiusque
991 467 1160 507 ciuitatis
1184 468 1399 519 confugere
1422 467 1580 520 coepit'.
1624 467 1699 508 Hic

218 541 383 594 primum
406 538 640 579 Pharnacen
663 543 889 590 superatum
912 535 1025 589 plane
1046 536 1176 589 inepte
1200 535 1515 584 commemorari,
1550 549 1635 574 cum
1658 548 1704 575 ea

214 622 279 648 res
303 607 399 647 nihil
421 606 579 645 omnino
602 605 648 645 ad
671 618 733 653 ea,
759 617 858 656 quae
881 603 1065 656 deinceps
1077 604 1320 652 reseruntur,
1346 602 1557 655 pertineat,
1580 615 1704 654 neque

214 676 311 716 alios
335 675 431 727 fugit
454 686 580 725 neque
602 686 707 720 eum,
732 671 796 724 qui
816 669 981 711 inLeid.
998 685 1056 724 pr.
1078 671 1236 724 scripsit
1261 668 1463 723 ‘Scipione
1487 670 1701 722 superato'.

212 742 335 795 Atqui
367 756 431 781 res
463 741 503 780 in
525 739 718 793 Hispania
752 746 883 791 gestas
916 737 1067 777 Hirtius
1090 739 1128 778 b.
1158 738 1278 779 Alex,
1310 753 1344 778 c.
1369 737 1424 778 48
1447 751 1561 777 orsus
1583 751 1605 777 a
1628 737 1705 777 dis-

215 824 330 850 cessu
354 824 405 850 ex
428 807 621 863 Hispania
644 804 831 848 Caesaris
854 806 971 845 uictis
993 806 1162 847 Afranio
1183 805 1424 858 Petreioque
1447 803 1702 854 etVarrone,

216 892 290 930 quo
312 878 398 917 loco
422 873 574 916 Caesar
593 875 630 915 h.
658 876 736 915 eiu.
760 875 814 927 II,
838 875 889 917 :21
914 890 978 916 res
1001 875 1289 929 Hispanienses
1311 875 1540 927 reliquerat,
1567 887 1705 914 narra-

217 946 273 985 uit
295 959 417 998 usque
440 945 487 984 ad
510 943 720 983 aduentum
743 942 791 984 C.
807 943 1013 984 Trebonii.
1047 942 1086 984 Is
1109 950 1256 992 autem,
1282 956 1369 981 cum
1393 955 1495 982 anno
1518 940 1573 981 48
1594 954 1706 994 prae-

217 1020 279 1052 tor
311 1013 483 1052 urbanus
516 1012 657 1051 fuisset
689 1008 837 1063 (Caes.
863 1012 900 1051 b.
927 1013 1007 1052 eiu.
1031 1010 1104 1061 III,
1128 1009 1219 1063 20),
1255 1024 1357 1050 anno
1391 1009 1444 1050 47
1477 1007 1529 1061 Q
1564 1006 1706 1049 Cassio

216 1079 401 1134 Longino
423 1080 462 1120 in
486 1079 672 1119 ulteriore
695 1079 901 1132 prouincia
923 1080 1137 1120 suc-cessit:
1165 1079 1376 1130 eodemque
1398 1092 1501 1117 anno
1524 1084 1563 1116 et
1582 1075 1707 1116 Phar-

218 1162 338 1188 naces
361 1147 488 1188 uictus
511 1154 586 1197 est,
612 1154 650 1187 et
673 1145 826 1188 Caesar
849 1146 1071 1202 Septembri
1093 1147 1157 1187 nel
1179 1144 1345 1185 Octobri
1374 1159 1510 1185 mense
1540 1144 1708 1184 Romam

216 1215 334 1255 rediit
355 1212 462 1263 (Cic.
478 1216 524 1255 ad
540 1214 654 1255 Fam.
670 1214 790 1265 XIV,
814 1216 870 1256 22
892 1223 929 1256 et
950 1215 1020 1265 ⁸23,
1046 1215 1092 1255 ad
1116 1214 1202 1254 Au.
1220 1212 1296 1263 XI,
1320 1212 1389 1253 20.
1415 1213 1484 1262 21,
1509 1212 1569 1265 Q).
1598 1211 1706 1251 Haec

217 1283 484 1323 consideranti
509 1297 585 1322 una
614 1284 715 1322 ratio
737 1284 964 1337 apparebit,
1000 1296 1076 1335 qua
1094 1282 1206 1321 initio
1230 1281 1499 1321 commentarii
1533 1282 1579 1320 de
1607 1280 1708 1320 bello

218 1349 474 1402 Hispaniensi
497 1358 585 1403 apte
606 1348 835 1391 Pharnaces
859 1349 1156 1391 commemorari
1182 1348 1367 1401 potuerit.
1401 1347 1598 1388 Nimirum
1621 1354 1710 1400 post

216 1418 339 1456 uerba
364 1416 586 1458 ‘Pharnace
609 1418 807 1470 superato'
819 1419 1008 1471 quaedam
1032 1417 1229 1457 excidisse
1253 1416 1502 1456 statuendum
1526 1422 1601 1464 est,
1627 1414 1710 1467 qui-

218 1485 289 1525 bus
313 1486 588 1526 declarauerat
609 1486 802 1539 scriptor,
829 1486 920 1539 quid
943 1483 1113 1535 Cacsar,
1139 1498 1224 1524 cum
1249 1497 1302 1524 ex
1322 1482 1421 1523 Asia
1442 1482 1637 1532 redisset,
1664 1482 1710 1522 de

217 1552 408 1607 Hispania
439 1554 733 1603 constituisset,
777 1567 954 1607 quaeque
994 1553 1048 1592 ihi
1088 1565 1151 1592 res
1181 1565 1308 1604 usque
1338 1551 1384 1590 ad
1417 1552 1638 1590 confectum
1670 1549 1709 1589 in

216 1620 354 1661 Africa
388 1621 529 1661 bellum
562 1622 814 1661 accidissent..
858 1620 941 1661 Eas
973 1634 1039 1660 res
1072 1618 1224 1673 plenius
1257 1618 1419 1670 reliquis
1452 1616 1709 1671 scriptoribus

218 1689 396 1729 narrauit
429 1687 595 1729 Cassius
621 1688 695 1728 Dio
717 1687 883 1737 XLIH,
916 1687 997 1729 29:
1031 1694 1169 1727 auctor
1198 1686 1289 1726 belli
1312 1685 1587 1739 Hispaniensis
1617 1684 1710 1723 item

217 1764 258 1797 ut
288 1771 353 1797 res
385 1764 473 1810 post
493 1756 671 1797 Africam
704 1763 904 1810 receptam
938 1769 1062 1808 usque
1094 1755 1140 1794 ad
1173 1754 1384 1794 aduentum
1416 1753 1455 1793 in
1479 1751 1709 1805 Hispaniam

220 1823 408 1865 Caesaris
432 1832 564 1877 gestas
585 1824 761 1865 breuiter
782 1831 823 1864 et
852 1822 1072 1863 summatim
1102 1822 1406 1875 significauerat.
1449 1819 1602 1861 Verum
1633 1833 1712 1860 non

218 1892 377 1931 saniora
411 1899 526 1940 sunt,
562 1905 658 1944 quae
690 1891 810 1932 uerba
835 1890 998 1931 ‘Africa
1021 1890 1199 1944 recepta'
1225 1889 1443 1943 excipiunt.
1486 1886 1590 1927 Nam
1624 1902 1709 1928 cum

221 1958 360 1999 Gnaeo
383 1958 596 2012 Pompeio,
630 1959 693 2011 qui
725 1959 799 1998 iam
830 1959 940 1998 initio
973 1958 1062 1998 belli
1087 1957 1266 1997 Africani
1290 1957 1331 1996 in
1352 1957 1500 1996 insulas
1521 1954 1710 1997 Baleares

218 2028 416 2080 profectus
441 2034 527 2066 erat
550 2027 607 2078 (b.
623 2026 713 2066 Afr.
729 2025 819 2080 23),
845 2039 958 2066 nemo
982 2031 1136 2079 poterat
1159 2024 1294 2064 Africa
1317 2038 1337 2063 a
1354 2021 1531 2063 Caesare
1554 2030 1711 2077 recepta

219 2096 445 2148 profugere.
500 2092 615 2146 Quod
637 2101 767 2134 autem
791 2092 1033 2146 Glandorpio
1063 2106 1132 2146 pro
1156 2088 1232 2130 Cn.
1259 2090 1446 2144 Pompeio
1469 2089 1618 2131 Sextus
1644 2106 1711 2145 po-

219 2163 369 2202 nendus
393 2162 614 2209 uidebatur,
640 2162 744 2201 omni
777 2161 1050 2215 probabilitate
1072 2159 1312 2199 destituitur.
1363 2157 1406 2197 Id
1439 2171 1532 2197 uero
1565 2173 1711 2211 nequa-

220 2245 332 2282 quam
364 2244 456 2269 casu
488 2231 629 2269 sactum
661 2230 856 2279 arbitror,
892 2229 991 2281 quod
1023 2229 1062 2268 in
1093 2226 1185 2267 Par.
1213 2242 1295 2267 sec.
1322 2233 1359 2265 et
1384 2225 1503 2266 Vind.
1538 2240 1596 2278 pr.
1633 2240 1711 2264 non

224 2302 335 2336 ‘cuin
359 2297 650 2344 adolescente',
676 2297 745 2337 sed
775 2297 816 2336 in
846 2296 913 2336 illo
950 2302 1061 2335 ‘cnm
1094 2293 1404 2342 adolescentes’,
1436 2293 1475 2332 in
1508 2294 1580 2332 hoc
1606 2298 1708 2332 ‘eum

222 2364 550 2405 adolescentules'
574 2365 762 2418 seriptum
796 2372 870 2404 est.
912 2362 987 2403 Hic
1011 2376 1162 2415 quoque
1186 2362 1341 2401 omissis
1365 2361 1593 2413 quibusdam
1622 2375 1711 2400 uer-

221 2433 279 2472 bis
302 2432 452 2484 reliqna
475 2432 629 2472 turbata
653 2447 740 2472 esse
762 2432 907 2472 indicio
930 2439 1005 2481 est,
1031 2431 1131 2483 quod
1153 2443 1279 2482 neque
1302 2430 1347 2468 de
1370 2429 1460 2477 illis,
1496 2430 1558 2481 qui
1582 2430 1712 2482 profu-

222 2500 387 2552 gissent,
413 2500 617 2552 quiequam
640 2501 822 2554 deinceps
844 2500 1037 2545 refertur,
1069 2512 1143 2550 quo
1167 2511 1212 2537 ca
1235 2497 1357 2537 uerba
1378 2498 1518 2536 reterri
1543 2497 1708 2550 possint,

223 2574 262 2606 et
291 2567 423 2607 statim
448 2568 542 2607 haec
567 2569 611 2607 de
645 2565 721 2608 Cn.
746 2567 936 2621 Pompeio
968 2567 1256 2619 adiunguntur:
1296 2569 1405 2603 ‘cnm
1439 2572 1477 2604 et
1508 2564 1711 2604 ulterioris

224 2634 438 2688 Hispaniae
461 2636 604 2688 potitus
629 2636 763 2676 esset'.
803 2634 905 2675 Nam
930 2633 1082 2674 etiamsi
1108 2633 1174 2673 ‘et'
1197 2647 1266 2686 pro
1291 2632 1437 2672 ‘etiam'
1461 2632 1630 2685 positum
1652 2632 1712 2671 in-

224 2709 508 2755 terpretemur,
540 2704 640 2756 quod
674 2716 798 2756 neque
831 2703 872 2742 in
902 2700 1088 2741 Caesaris
1110 2699 1307 2752 Hirtiique
1330 2700 1439 2739 libris
1463 2708 1528 2739 aut
1548 2700 1589 2739 in
1609 2700 1711 2740 bello

221 2769 413 2810 Africano
449 2771 587 2810 factum
619 2778 680 2810 est
709 2784 834 2823 neque
865 2770 905 2810 in
935 2769 1007 2809 hoc
1030 2768 1311 2808 commentario
1334 2768 1409 2807 nisi
1433 2768 1494 2807 hic
1518 2774 1557 2807 et
1578 2782 1613 2807 c.
1638 2766 1709 2817 23,

224 2837 264 2887 7,
291 2838 352 2877 ubi
370 2839 434 2877 ‘et’
457 2836 623 2877 inLeid.
642 2851 701 2892 pr.
717 2837 902 2877 omissum
924 2843 1007 2886 est,
1035 2843 1180 2886 tamen,
1207 2843 1249 2876 ut
1271 2833 1347 2876 Cn.
1362 2835 1572 2890 Pompeius
1594 2834 1711 2875 etiam
