1835 3240
81 887 122 920 10

81 1223 121 1256 15

78 1561 120 1596 20

583 154 768 198 COMM.
792 155 830 199 V
853 154 978 198 CAP.
1003 154 1203 197 32—35.
1629 156 1711 200 367

156 277 408 327 properaret,
446 268 619 310 clamore
651 277 692 310 et
721 270 815 311 fletu
847 269 977 310 omnia
1007 268 1314 322 complerentur.
1374 267 1432 308 At
1451 269 1629 312 barbaris
1652 271 1711 316 34

157 338 362 381 consilium
394 350 473 377 non
503 337 640 377 defuit.
703 336 809 378 Nam
841 338 960 378 duces
993 351 1128 378 eorum
1161 342 1244 375 tota
1275 334 1360 375 acie
1382 339 1637 389 pronuntiare

155 409 372 455 iusserunt,
399 418 447 444 ne
471 405 557 458 quis
580 405 626 445 ab
648 405 734 445 loco
757 406 1000 446 discederet:
1025 405 1182 445 illorum
1204 416 1293 444 esse
1313 404 1498 457 praedam
1523 411 1638 458 atque

154 474 232 515 illis
253 473 478 522 reseruari,
513 486 778 526 quaecumque
800 471 971 512 Romani
1001 472 1280 526 reliquissent:
1314 472 1478 524 proinde
1508 473 1640 512 omnia

158 544 198 582 in
222 540 387 581 uictoria
410 540 538 594 posita
560 541 864 580 existumarent.
919 538 1049 580 Erant
1071 547 1110 580 et
1130 540 1280 580 uirtute
1303 546 1343 579 et
1375 553 1538 580 numero
1569 554 1639 594 pu-

157 608 313 664 gnando
335 622 450 661 pares
474 608 622 658 nosti-ig
658 608 815 647 tametsi
837 606 884 646 ab
919 608 1016 647 duce
1039 614 1079 647 et
1100 621 1123 646 a
1154 609 1314 648 fortuna
1335 607 1637 658 deserebantur,

155 684 287 717 tamen
310 689 463 716 omnem
485 689 593 729 spem
615 675 753 715 salutis
774 675 813 714 in
837 675 983 715 uirtute
1006 675 1229 729 ponebant,
1257 683 1297 715 et
1319 675 1499 728 quotiens
1522 689 1640 728 quae-

156 758 230 798 que
252 743 393 784 cohors
415 749 682 797 procurrerat‚
708 742 755 783 ab
778 757 824 783 ea
847 750 957 796 parte
979 756 1145 796 magnus
1167 757 1354 783 numerus
1378 743 1548 783 hostium
1576 757 1641 782 ca-

155 812 285 852 debat.
333 809 421 863 Qua
442 824 485 851 re
507 810 779 851 animaduersa
800 810 1013 850 Ambiorix
1035 810 1282 865 pronuntiari
1316 810 1444 861 iubet,
1479 818 1522 851 ut
1551 825 1640 865 pro·
1663 810 1688 851 3

154 881 216 920 cul
239 879 317 920 tela
339 878 535 919 coniciant
565 892 642 918 neu
671 879 829 932 propius
852 879 1042 919 accedant
1074 885 1136 928 et,
1170 893 1284 932 quam
1317 879 1356 919 in
1387 887 1537 932 partem
1558 877 1642 919 Ro-

153 947 255 987 mani
278 947 465 1000 impetum
488 946 668 996 fecerint,
694 947 836 987 cedant
866 946 1047 999 <leuitate
1070 960 1268 987 armorum
1292 954 1330 987 et
1353 947 1549 987 cotidiana
1572 961 1642 987 ex·
1663 945 1691 987 4

154 1014 386 1054 ercitatione
416 1014 512 1054 nihil
539 1013 588 1054 iis
622 1014 757 1054 noceri
779 1014 940 1068 posse),
976 1028 1115 1054 rursus
1138 1028 1181 1054 se
1204 1015 1251 1054 ad
1273 1014 1384 1068 signa
1403 1015 1640 1068 recipientes

153 1081 426 1134 insequantur.
472 1079 562 1133 Quo
585 1089 794 1136 praecepto
818 1082 864 1123 ab
886 1082 934 1122 iis
958 1082 1258 1136 diligentissime
1282 1083 1493 1122 obseruato
1509 1114 1518 1132 ,
1554 1097 1639 1123 cum
1660 1082 1716 1127 35

154 1149 356 1202 quaepiam
389 1149 530 1190 cohors
562 1163 613 1190 ex
647 1150 742 1190 orbe
765 1157 999 1191 excesserat
1020 1157 1135 1203 atque
1157 1150 1342 1204 impetum
1367 1151 1538 1199 fecerat,
1574 1150 1643 1190 ho-

154 1223 235 1256 stes
257 1216 508 1257 uelocissime
531 1217 795 1271 refugiebant.
845 1216 1011 1258 Interim
1034 1231 1119 1258 eam
1142 1225 1291 1271 partem
1315 1218 1454 1258 nudari
1477 1233 1642 1260 necesse
1664 1220 1691 1260 2

154 1291 240 1324 erat
261 1290 301 1324 et
321 1284 368 1324 ab
390 1285 515 1325 latere
536 1293 673 1339 aperto
697 1286 774 1326 tela
795 1286 934 1340 recipi.
977 1284 1135 1326 Rursus
1150 1316 1160 1335 ,
1196 1299 1280 1325 cum
1312 1286 1352 1326 in
1383 1300 1471 1326 eum
1494 1288 1639 1338 locum,
1664 1286 1689 1326 3

156 1352 256 1391 unde
277 1359 391 1392 erant
412 1353 581 1407 egressi,
606 1355 758 1394 reuerti
779 1361 1009 1408 coeperant,
1035 1361 1075 1394 et
1095 1354 1142 1394 ab
1165 1354 1213 1394 iis
1228 1384 1237 1401 ‚
1263 1354 1326 1406 qui
1349 1361 1579 1404 cesserant,
1606 1361 1646 1395 et

154 1420 200 1460 ab
223 1420 288 1470 iis,
313 1419 376 1473 qui
399 1420 791 1473 proximisteterant,
817 1422 1251 1472 circumueniebantur3
1276 1422 1338 1462 sin
1361 1430 1490 1462 autem
1512 1422 1642 1462 locum
1663 1420 1692 1462 4

155 1494 293 1528 tenere
314 1488 487 1537 uellent,
524 1502 597 1528 nec
627 1489 766 1529 uirtuti
797 1490 905 1530 locus
938 1490 1262 1543 relinquebatur,
1295 1504 1422 1542 neque
1454 1490 1501 1530 ab
1533 1497 1643 1530 tanta

152 1556 403 1595 multitudine
427 1556 607 1597 coniecta
629 1557 706 1597 tela
729 1558 899 1598 conferti
921 1558 1049 1598 uitare
1071 1564 1267 1611 poterant.
1328 1557 1480 1598 Tamen
1502 1565 1561 1598 tot
1581 1558 1641 1598 in-
1663 1555 1688 1597 5

155 1623 368 1663 commodis
407 1624 645 1673 conflictati,
688 1625 821 1665 multis
860 1626 1090 1665 uulneribus
1122 1626 1295 1679 acceptis
1328 1625 1573 1666 resistebant
1604 1633 1644 1666 et

153 1705 296 1745 magna
318 1697 428 1744 parte
453 1691 528 1731 diei
554 1700 799 1746 consumpta,
826 1707 913 1732 cum
936 1707 959 1732 a
979 1693 1103 1746 prima
1125 1693 1211 1733 luce
1234 1694 1280 1733 ad
1304 1693 1437 1733 horam
1462 1701 1641 1733 octauam

154 1765 411 1812 pugnaretur,
437 1759 547 1810 nihil,
574 1761 677 1813 quod
697 1760 794 1814 ipsis
817 1767 924 1801 esset
944 1760 1165 1814 indignum,
1190 1761 1501 1801 committebant.
1538 1760 1641 1801 Tum
1664 1759 1690 1800 6

153 1824 245 1866 Tito
267 1824 476 1867 Baluentio
494 1858 503 1875 ,
537 1827 603 1880 qui
634 1828 839 1882 superiore
870 1843 974 1869 anno
998 1830 1162 1882 primum
1185 1829 1303 1883 pilum
1326 1830 1521 1878 duxerat,
1555 1829 1643 1869 uiro

1660 541 1686 582 ὶῦ

105 1902 119 1910 ”
154 1894 244 1934 forti
267 1901 306 1934 et
336 1909 503 1948 magnae
536 1896 810 1947 auctoritatis,
851 1904 1057 1950 utrumque
1091 1898 1218 1937 femur
1246 1896 1400 1951 tragula
1433 1897 1639 1948 traicitur3

155 1960 327 2015 Quintus
349 1961 570 2014 Lucanius,
596 1965 770 2005 eiusdem
793 1965 960 2016 ordinis,
986 1965 1215 2006 fortissume
1237 1978 1432 2020 pugnans,
1458 1965 1547 2005 dum
1569 1965 1644 2005 cir-
1663 1965 1690 2006 7

301 2085 315 2117 1
347 2090 379 2116 et
407 2087 485 2117 fletu
510 2085 679 2125 BCDE,
709 2097 749 2118 ac
768 2088 847 2118 fletu
865 2098 887 2118 u
908 2091 945 2119 et
970 2087 1044 2119 ‘sie
1061 2098 1144 2118 mss.
1166 2088 1236 2118 111θί
1253 2096 1372 2118 omnes
1390 2085 1449 2116 uel
1464 2089 1498 2117 et
1526 2085 1640 2118 ssetu’.

298 2137 318 2171 2
337 2138 559 2178 pronuntiare
578 2137 652 2168 AB
667 2138 735 2169 CD
748 2163 758 2178 ,
779 2139 992 2180 pronuntiari
1011 2150 1041 2170 e.
1212 2139 1232 2170 4
1250 2146 1434 2169 reseruare
1454 2137 1495 2168 B.

157 2197 386 2229 quaecumque
407 2188 482 2229 (B),
501 2198 569 2220 non
588 2198 824 2231 quaecunque.
967 2191 984 2222 5
1005 2188 1129 2231 posita]
1151 2199 1226 2220 esse
1246 2188 1328 2219 add.
1350 2188 1407 2219 be.
1573 2187 1643 2219 exi-

157 2243 347 2270 stumarent
364 2239 450 2270 BD.
584 2241 763 2282 pugnando
785 2242 802 2272 b
823 2244 857 2272 et
874 2241 1016 2283 aliquot
1035 2241 1139 2281 dett„
1159 2239 1330 2282 pugnandi
1349 2239 1497 2280 reliqui.

157 2291 175 2321 6
194 2294 306 2323 tamen
326 2291 391 2322 etsi
411 2301 440 2322 e.
582 2292 600 2324 7
619 2292 743 2324 salutis
762 2303 856 2336 spem
875 2294 906 2324 b.
1048 2293 1349 2335 quotienscumque
1369 2291 1491 2323 cohors
1511 2291 1528 2322 b
1547 2291 1645 2333 (quo-

158 2341 246 2374 tiens
264 2342 294 2373 B
310 2345 347 2373 et
363 2342 514 2383 ‘semper
530 2343 659 2383 mnf).
838 2344 857 2376 8
876 2348 1097 2386 procurrerat
1114 2343 1145 2374 B
1163 2346 1198 2374 et
1212 2343 1362 2385 reliqui,
1384 2346 1606 2385 procurreret
1622 2352 1645 2373 α

157 2392 242 2424 bce.
384 2403 544 2426 numerus
565 2394 713 2426 hostium
732 2395 781 2434 B,
805 2395 951 2426 hostium
972 2405 1131 2426 numerus
1151 2394 1230 2426 edd.
1391 2394 1429 2426 10
1449 2393 1527 2435 neu]
1548 2403 1588 2425 ne
1607 2397 1644 2425 ut

163 2444 210 2484 C,
232 2456 291 2477 nee
312 2446 329 2477 b
343 2457 372 2478 c.
517 2446 558 2478 12
577 2446 660 2478 nihil
678 2447 730 2478 his
749 2448 800 2487 B,
825 2447 908 2478 nihil
928 2458 970 2478 ex
989 2447 1039 2478 his
1058 2458 1073 2476 e
1092 2450 1127 2479 et
1142 2449 1195 2478 sic
1216 2446 1287 2477 ‘uc-l
1304 2456 1344 2477 ex
1364 2445 1439 2476 hiis'
1461 2446 1520 2476 bc.

161 2495 200 2528 13
220 2496 490 2538 deligentissilne
510 2498 551 2529 B.
696 2498 735 2530 1ss
755 2499 861 2540 recipi
877 2498 910 2530 A
924 2497 1086 2539 (B)CD‚
1107 2499 1262 2540 recipere
1284 2499 1301 2529 b
1316 2497 1406 2529 cde.
1572 2506 1647 2528 rui·-

160 2557 232 2579 sum
254 2549 283 2580 b.
429 2549 467 2582 17
485 2550 659 2592 progressi
678 2561 699 2582 a
713 2551 770 2582 be.
923 2550 965 2582 ab
985 2551 1037 2582 his
1058 2551 1095 2583 C.
1263 2551 1303 2583 18
1322 2550 1361 2581 ab
1382 2549 1434 2580 his
1458 2548 1496 2581 C.

163 2600 201 2631 19
223 2610 283 2631 nec
301 2601 421 2633 uirtuti
440 2602 541 2644 A(I›')
558 2603 628 2635 ΕΙ)
650 2603 911 2644 (Onclencloryn't
927 2606 1033 2634 tzela:
1058 2604 1126 2634 ‘sic
1146 2613 1228 2634 mss,
1241 2628 1250 2642 ,
1273 2613 1342 2634 non
1362 2601 1435 2632 nec⁷
1453 2600 1502 2632 ad
1515 2601 1643 2642 protri-

159 2660 254 2681 mtcm
267 2654 569 2694 nequepertmet).
711 2656 766 2694 ab,
788 2664 857 2685 71on
869 2664 900 2693 a,
913 2653 973 2695 (B)
990 2654 1061 2686 CD
1073 2654 1172 2685 ‘tn-5⁸.
1184 2652 1404 2685 melioresO’.
1541 2650 1644 2681 ‘2010-

160 2701 190 2731 la
204 2710 220 2731 a
233 2700 396 2733 confertis
411 2704 511 2736 uitari
532 2705 549 2735 b
562 2715 592 2735 e.
736 2710 787 2737 tot
805 2710 916 2737 tamen
937 2706 973 2745 b,
995 2709 1110 2736 tamen
1125 2709 1193 2736 tam
1204 2703 1319 2735 multis
1332 2713 1360 2734 e.
1504 2701 1543 2735 21
1565 2711 1644 2731 von-

162 2750 295 2793 ssictati]
315 2751 428 2784 afflicti
449 2755 480 2785 b.
635 2756 678 2790 24
697 2754 775 2788 Tito
793 2756 868 2788 AB
884 2755 974 2795 OD,
995 2755 1036 2787 T.
1058 2766 1092 2787 u.
1258 2754 1449 2786 deduxerat
1468 2752 1499 2783 b.

160 2804 202 2835 25
222 2803 416 2835 actoritatis
438 2805 477 2835 C.
624 2807 784 2839 traicitur
795 2810 944 2849 praeter
961 2807 992 2838 B
1009 2809 1116 2838 etiam
1136 2805 1229 2845 AC,
1252 2804 1436 2836 trahit-itur
1453 2804 1498 2835 D.

162 2854 203 2889 ,26
224 2853 368 2895 Quintus
388 2854 517 2896 BCD,
540 2855 579 2896 Q.
602 2866 636 2888 11.
777 2857 951 2889 Lucianus
973 2857 1003 2888 b.
1148 2855 1346 2888 fortissume
1364 2855 1409 2887 A.
