1835 3240
672 182 1099 224 ——177—

143 302 252 344 etita
276 300 315 339 in
337 298 492 352 optimis
523 297 634 338 codd.
668 297 745 351 legi
776 297 921 337 indicio
944 304 1019 346 est,
1052 297 1153 350 quod
1177 296 1324 350 ‘opere'
1347 311 1397 337 ex
1419 298 1513 340 Par.
1538 316 1618 343 sec.

141 374 365 410 annotatur.
401 364 480 406 Sed
501 366 541 405 in
564 366 623 406 bis
646 365 777 406 uerbis
802 365 1023 405 desiderata
1047 372 1107 404 est
1129 366 1450 405 commemoratio
1468 381 1619 419 eorum,

139 436 203 489 qui
226 449 343 488 opere
366 449 388 474 a
411 449 514 474 nona
536 434 691 486 legione
714 433 1001 472 circummuniti
1025 439 1173 473 essent.
1210 430 1286 472 Cui
1310 434 1365 473 rei
1389 432 1622 477 Oudendor-

138 503 223 556 pius
245 502 299 541 ita
322 502 533 550 succurrit,
558 508 601 540 ut
622 514 674 540 ex
697 507 883 553 quattuor
895 500 1158 540 deterioribus
1173 501 1283 540 codd.
1301 501 1436 541 ederet
1455 505 1620 556 ‘opera’.

138 568 286 609 Verum
308 583 396 608 num
418 583 537 622 opera
555 568 851 608 circummuniri
875 581 919 608 ea
943 568 1075 608 dicere
1098 568 1239 617 liceat,
1274 582 1372 623 quae
1396 568 1433 608 in
1454 570 1624 611 circuitu

137 637 386 687 muniuntur,
413 637 668 677 uehementer
690 636 840 675 dubito.
879 634 1039 689 ‘Opere'
1064 648 1159 675 uero
1186 636 1537 678 ‘circummuniret'
1561 654 1624 680 re-

135 705 357 744 ctissimum
381 711 466 744 est:
492 718 579 744 nam
604 718 655 743 ex
678 703 946 757 superIOribus
970 703 1100 743 uerbis
1125 704 1375 745 accusatiuus
1404 703 1626 760 ‘Pompeia-

139 786 209 812 nas
232 771 376 825 copias'
399 772 651 812 asciscendus
675 779 750 812 est.
797 771 946 811 Eodem
978 773 1089 811 modo
1122 772 1249 811 oratio
1281 772 1462 813 instituta
1495 782 1553 814 est
1583 775 1620 815 b.

137 838 243 879 Gall.
269 838 362 889 VII,
397 838 466 889 81,
498 838 522 879 3
556 840 646 880 ‘dat
679 839 771 879 tuba
803 839 956 892 signum
987 839 1069 879 suis
1092 838 1401 894 Vercingetorix
1433 848 1549 894 atque
1573 857 1624 883 ex

137 908 276 961 oppido
299 907 456 948 educit'.

251 973 298 1015 C.
324 974 393 1025 67,
421 975 441 1014 1
466 974 504 1014 in
528 975 588 1015 his
612 976 766 1015 uerbis:
796 975 871 1016 ‘Eo
895 976 1008 1031 signo
1032 976 1199 1030 legionis
1222 976 1328 1017 illato
1352 978 1622 1030 speculatores

137 1040 303 1083 Caesari
325 1042 618 1083 renuntiarunt.
653 1042 740 1084 Hoc
762 1044 862 1084 idem
886 1044 1013 1084 uisum
1037 1058 1087 1084 ex
1112 1044 1380 1097 superioribus
1395 1046 1622 1098 quibusdam

134 1110 308 1151 castellis
332 1111 684 1152 confirmauerant’
707 1113 935 1152 necessario
958 1112 1207 1152 scribendum
1227 1119 1313 1152 erat
1337 1115 1624 1155 ‘confirmaue-

135 1178 254 1218 runt'.
303 1176 654 1219 Confirmationem
687 1179 789 1220 enim
824 1180 999 1219 nuntium
1030 1180 1142 1232 sequi
1174 1187 1378 1230 tenemus,
1423 1182 1463 1221 ni
1496 1182 1622 1222 fallor.

137 1245 231 1286 Item
259 1250 356 1286 ‘rem
379 1246 626 1286 nuntiarunt'
648 1262 667 1286 a
692 1245 869 1288 Caesare
897 1247 1084 1300 scriptum
1112 1261 1200 1287 esse
1230 1255 1378 1287 certum
1413 1256 1473 1288 est
1502 1250 1620 1289 mihi:

137 1328 224 1354 nam
251 1313 574 1363 ‘renuntiarunt',
601 1314 674 1353 etsi
697 1329 776 1354 non
800 1316 955 1363 salsum,
990 1321 1119 1355 tamen
1144 1316 1392 1355 durissimum
1416 1324 1489 1357 est.
1538 1316 1625 1357 Ex-

137 1380 287 1433 cipiunt
308 1381 428 1420 haec:
458 1378 512 1420 ‘Is
535 1381 642 1420 locus
665 1381 803 1422 aberat
823 1396 845 1422 a
867 1382 979 1422 nouis
991 1380 1166 1435 Pompeii
1190 1384 1332 1423 castris
1355 1384 1516 1424 circiter
1538 1400 1626 1438 pas-

136 1461 206 1486 sus
227 1448 479 1501 quingentos.
515 1447 628 1488 Hanc
650 1449 843 1503 legionem
858 1463 1020 1502 sperans
1035 1447 1186 1489 Caesar
1208 1463 1250 1490 se
1273 1452 1494 1505 opprimere
1509 1467 1623 1506 posse

137 1523 177 1554 et
198 1516 359 1568 cupiens
382 1516 465 1555 eius
490 1516 565 1555 diei
587 1516 866 1556 detrimentum
890 1517 1055 1567 sarcire,
1082 1517 1293 1571 reliquitin
1311 1533 1430 1572 opere
1441 1521 1623 1562 cohortes

137 1584 250 1631 duas,
287 1596 385 1632 quae
418 1583 588 1636 speciem
620 1583 850 1624 munitionis
881 1584 1142 1637 praeberent,
1176 1585 1259 1638 ipse
1283 1586 1441 1627 diuerso
1463 1588 1622 1639 itinere,

136 1663 250 1702 quam
283 1650 409 1703 potuit
440 1650 706 1691 occultissime
722 1682 732 1701 ,
766 1651 938 1704 reliquas
962 1651 1144 1692 cohortes
1168 1667 1331 1694 numero
1353 1652 1559 1706 XXXIII,
1584 1657 1625 1696 in

135 1718 276 1770 quibus
309 1724 395 1757 erat
423 1717 528 1770 legio
559 1732 662 1758 nona
685 1719 817 1758 multis
840 1718 995 1758 amissis
1020 1720 1314 1761 centurionibus
1347 1722 1625 1777 deminutoque

136 1784 300 1824 militum
333 1798 521 1835 numero,
557 1786 603 1825 ad
635 1785 831 1839 legionem
853 1784 1030 1840 Pompeii
1063 1795 1271 1842 castraque
1306 1790 1459 1830 minora
1483 1791 1625 1845 duplici

135 1852 221 1892 acie
243 1852 385 1892 duxit'.
427 1851 596 1903 Verum,
632 1868 716 1893 cum
741 1851 896 1895 Caesar
917 1862 1047 1895 castra
1068 1856 1180 1897 iuxta
1204 1855 1431 1912 Pompeium
1456 1861 1626 1900 muniret

135 1923 191 1968 (c.
217 1918 269 1961 65
293 1923 437 1971 extr),
461 1920 689 1961 incredibile
711 1929 773 1962 est
796 1936 882 1962 eum
907 1923 1002 1963 duas
1026 1924 1209 1964 cohortes
1228 1939 1310 1966 eam
1325 1928 1497 1981 speciem
1513 1942 1625 1981 prae-

135 1989 284 2028 bituras
308 1988 577 2038 existimasse,
611 1996 653 2028 ut
677 1987 885 2044 Pompeius
908 2005 950 2031 re
973 2005 1069 2031 uera
1091 2000 1221 2033 castra
1244 1995 1386 2034 muniri
1411 1996 1626 2037 arbitrare-

136 2064 214 2097 tur.
259 2055 412 2097 Deinde
444 2057 545 2109 quod
576 2057 760 2111 deinceps
784 2055 938 2099 Caesar
958 2059 1130 2113 reliquas
1154 2062 1336 2103 cohortes
1359 2063 1404 2103 ad
1428 2063 1624 2118 legionem

133 2122 309 2178 Pompeii
351 2124 644 2178 opprimendam
676 2139 720 2165 se
750 2127 912 2167 duxisse
943 2127 1105 2178 scribit,
1149 2143 1285 2170 omnes
1324 2132 1481 2185 copias,
1525 2146 1623 2185 quae

134 2199 292 2245 praeter
313 2192 381 2232 has
405 2192 588 2233 cohortes
611 2193 799 2244 aderant,
834 2194 874 2234 in
904 2195 1045 2235 castris
1067 2196 1226 2237 relictas
1250 2211 1338 2239 esse
1361 2200 1622 2240 demonstrat.

133 2259 256 2312 Atqui
286 2259 401 2313 longe
429 2260 563 2315 ,plures
591 2259 763 2300 XXXV
785 2262 1013 2303 cohortibus
1045 2270 1125 2302 tum
1158 2265 1318 2306 affuisse
1348 2268 1410 2307 nel
1434 2282 1486 2308 ex
1508 2283 1541 2308 c.
1569 2266 1622 2309 75

134 2327 326 2367 uidemus.
379 2326 486 2368 Nam
513 2343 602 2368 cum
626 2326 779 2369 Caesar
810 2330 941 2369 statim
973 2339 1062 2383 post
1083 2345 1165 2372 rem
1188 2334 1288 2374 male
1311 2342 1489 2388 gestam,
1525 2350 1625 2389 quac

136 2394 318 2448 deinceps
348 2396 542 2446 refertur,
574 2396 614 2436 in
638 2396 886 2438 Thessaliam
911 2398 1254 2451 proficisceretur,
1289 2417 1404 2442 unam
1429 2405 1622 2456 legionem

135 2462 420 2515 impedimentis
444 2464 639 2517 praesidio
662 2465 879 2519 praemisit,
907 2467 1000 2506 duas
1022 2467 1062 2506 in
1086 2469 1227 2509 castris
1245 2471 1425 2522 retinuit,
1452 2473 1622 2526 reliquas

137 2530 270 2570 eodem
291 2530 457 2581 itinere,
493 2546 567 2584 quo
589 2533 866 2586 impedimenta
882 2564 892 2583 ,
918 2535 1022 2574 misit
1053 2542 1093 2575 et
1114 2537 1227 2590 paulo
1251 2546 1337 2592 post
1358 2540 1440 2592 ipse
1462 2547 1622 2580 secutus

138 2603 210 2635 est.
253 2595 387 2650 Itaque
419 2598 619 2639 minimum
653 2600 821 2653 quinque
857 2602 1032 2655 legiones
1070 2604 1280 2646 affuerunt.
1338 2605 1622 2647 Demonstraui

138 2668 266 2702 autem
289 2678 406 2717 supra
427 2680 463 2718 p.
492 2666 571 2707 153
594 2682 679 2721 sqq.
705 2666 922 2709 Caesarem
952 2671 1110 2711 omnino
1139 2673 1179 2712 in
1203 2672 1373 2714 Graecia
1405 2676 1537 2714 decem
1570 2676 1623 2715 le-

137 2728 273 2781 giones
294 2731 490 2773 habuisse.
535 2733 602 2774 Ex
625 2749 670 2776 eo
695 2750 859 2777 numero
882 2738 954 2778 hoc
977 2745 1152 2793 tempore
1176 2741 1358 2782 afuerunt
1381 2744 1477 2783 duae
1501 2744 1623 2795 legio-

138 2809 207 2835 nes
230 2811 316 2836 cum
338 2797 510 2841 Domitio
533 2799 701 2844 Caluino
723 2804 764 2844 in
787 2803 1046 2856 Macedonia,
1082 2808 1303 2860 quindecim
1328 2811 1511 2850 cohortes
1535 2824 1618 2849 cum

137 2861 248 2902 Fufio
282 2861 431 2906 Caleno
463 2868 501 2908 in
532 2869 705 2923 Achaia,
740 2879 821 2913 tres
854 2873 1038 2914 cohortes
1072 2873 1180 2915 Orici
1213 2884 1325 2916 erant
1353 2878 1390 2917 in
1425 2877 1620 2931 praesidio

174 2929 295 2965 Cacsar,
318 2930 364 2958 ed.
386 2931 524 2969 Nipperd.
1297 2944 1344 2983 12
