1835 3240
760 177 1132 218 ——5—

199 296 246 334 de
268 293 441 346 quidem,
468 292 648 344 inquam,
674 290 919 345 probandos:
946 291 1037 331 nudi
1061 290 1163 330 enim
1186 299 1301 340 sunt,
1328 292 1427 331 recti
1449 299 1488 331 et
1509 292 1684 341 uenusti,

200 361 305 400 omni
337 366 478 399 ornatu
510 358 701 398 orationis
733 366 928 411 tamquam
950 366 1063 398 ueste
1086 359 1280 397 detracta.
1334 355 1414 397 Sed
1445 359 1533 398 dum
1564 360 1689 399 uoluit

196 428 293 467 alios
316 427 462 467 habere
485 433 636 480 parata,
662 427 763 466 unde
785 433 987 466 sumerent
1009 426 1072 478 qui
1097 426 1245 465 uellent
1266 424 1442 464 seribere
1466 426 1685 476 historiam,

196 495 337 548 ineptis
361 501 515 547 gratum
539 495 708 534 fortasse
730 493 847 543 fecit,
884 494 948 546 qui
979 494 1112 533 uolent
1142 492 1206 532 illa
1242 492 1476 532 calamistris
1508 493 1684 542 inurere,

195 576 314 602 sanos
346 562 499 614 quidem
523 561 701 602 homines
728 576 751 602 a
773 561 980 601 scribendo
1011 560 1230 601 deterruit'.
1272 557 1387 612 Quod
1410 559 1595 599 iudicium
1619 557 1687 601 Ci-

195 644 379 670 ceronem
413 631 605 669 facturum
640 629 787 678 fuisse,
829 629 878 685 si
899 630 975 668 iam
1009 635 1087 668 tum
1121 628 1209 668 libri
1240 629 1286 667 de
1317 627 1420 667 bello
1454 627 1560 667 ciuili
1593 628 1686 667 editi

194 698 384 746 fuissent,
420 697 650 737 incredibile
683 703 757 736 est.
812 695 859 735 In
882 696 953 735 hoc
986 696 1089 735 enim
1111 696 1213 736 bello
1238 696 1427 735 tradendo
1452 702 1602 735 certum
1627 702 1688 735 est

192 765 269 805 alia
293 765 423 804 omnia
444 765 660 817 requisisse
684 761 942 813 Ciceronem,
969 779 1082 816 quam
1107 771 1150 803 ut
1171 761 1358 803 Caesaris
1382 763 1558 803 narratio
1582 763 1686 803 cala-

190 833 338 872 mistris
361 833 604 872 inureretur.
650 830 751 872 Cum
782 840 912 872 autem
944 832 1122 884 dialogus
1146 832 1211 872 ille
1234 846 1337 871 anno
1360 829 1437 881 46,
1472 845 1559 870 cum
1583 827 1685 871 Cae—

191 914 258 940 sar
278 900 317 940 in
339 900 478 940 Africa
500 900 641 940 bellum
664 907 847 953 gereret,
882 900 1054 954 scriptus
1078 900 1130 939 sit
1152 899 1356 949 (Ellendt.
1382 913 1420 953 p.
1446 898 1543 940 328.
1579 898 1685 939 Dru-
1725 920 1735 928 ·

190 982 322 1007 mann.
350 967 408 1009 VI
430 983 467 1022 p.
492 967 603 1019 290)
620 999 630 1018 ,
665 968 938 1008 commentarii
970 969 1016 1008 dc
1050 968 1151 1008 bello
1176 968 1280 1008 ciuili
1304 982 1382 1007 non
1405 974 1572 1021 possunt
1592 974 1684 1007 ante

187 1035 354 1075 reditum
384 1050 435 1075 ex
457 1035 596 1075 Africa
619 1033 807 1076 Caesaris
840 1036 931 1076 editi
965 1036 1115 1075 uideri:
1152 1037 1352 1088 mirorque
1376 1033 1680 1082 Schneidewin,

188 1118 273 1143 cum
295 1101 504 1144 Ciceronis
526 1104 711 1144 iudicium
736 1106 782 1144 ad
805 1105 926 1145 libros
945 1105 990 1144 dc
1013 1103 1114 1143 bello
1136 1102 1289 1144 Gallico
1310 1111 1461 1143 tantum
1485 1104 1684 1156 pertinere

188 1171 370 1218 uidisset,
395 1179 525 1212 tamen
550 1173 858 1213 commentarios
882 1173 928 1213 de
950 1172 1052 1213 bello
1077 1172 1181 1211 ciuili
1205 1186 1225 1211 a
1250 1170 1444 1222 Caesare,
1470 1179 1681 1224 antequam

188 1247 327 1279 contra
358 1239 596 1281 Pharnacen
639 1241 983 1294 proficisceretur,
1027 1241 1265 1293 compositos
1307 1240 1511 1280 statuisse.
1575 1237 1680 1279 Mihi

188 1321 300 1357 uero,
335 1323 420 1348 enm
445 1309 483 1348 bi
516 1323 672 1362 qnoque
704 1309 794 1349 libri
822 1309 1039 1362 imperfecti
1064 1309 1144 1348 sint
1167 1311 1285 1360 (nam
1319 1305 1534 1348 Caesarem
1567 1306 1679 1360 plura

187 1376 363 1416 scribere
385 1375 560 1416 uoluisse
582 1376 672 1416 inde
695 1385 870 1430 apparet,
898 1378 998 1430 quod
1021 1377 1113 1417 belli
1135 1376 1401 1417 Alexandrini
1423 1375 1536 1415 initia
1559 1374 1681 1414 tradi-

189 1444 297 1494 dit),
328 1443 655 1484 uerisimillimum
689 1445 845 1483 uidetur
880 1458 947 1484 eos
978 1444 1144 1484 deuictis
1167 1445 1319 1484 demum
1342 1442 1518 1497 Pompeii
1542 1442 1678 1482 liberis

185 1512 394 1551 inchoatos
418 1512 575 1551 omnino
600 1526 676 1551 non
700 1512 746 1552 ab
767 1512 850 1565 ipso
875 1509 1067 1560 Caesare,
1093 1512 1178 1562 sed,
1205 1527 1291 1552 cum
1314 1517 1440 1551 morte
1466 1516 1679 1563 occupatus
1719 1524 1721 1526 ’

185 1585 317 1628 esset,
352 1587 440 1632 post
461 1580 619 1619 caedem
643 1579 794 1618 demum
818 1579 902 1618 eius
926 1580 1107 1633 uulgatos
1131 1593 1236 1619 esse.

300 1643 399 1686 Cum
422 1647 544 1699 igitur
561 1647 802 1699 aliquantum
826 1654 916 1700 post
936 1654 1070 1702 gestas
1089 1661 1154 1687 res
1175 1644 1328 1687 Caesar
1344 1646 1553 1700 scripsisse
1573 1659 1678 1685 com-

183 1714 398 1754 mentarios
421 1715 650 1766 uideretur,
686 1716 757 1756 hac
779 1729 822 1756 re
845 1729 939 1755 usus
963 1722 1025 1755 est
1046 1712 1314 1755 Schneiderus
1338 1715 1383 1755 ad
1408 1714 1678 1768 quaestionem

182 1796 299 1836 saepe
320 1783 507 1824 iactatam
540 1791 579 1823 et
610 1791 742 1824 tamen
765 1783 1010 1837 neglectam,
1048 1784 1094 1823 de
1128 1783 1442 1837 ephemeridibus
1471 1779 1675 1832 Caesaris,

181 1851 431 1891 referendam
474 1858 591 1905 atque
632 1852 955 1892 confirmandam.
1019 1850 1218 1891 Nimirum
1263 1848 1478 1892 Caesarem
1521 1857 1678 1904 praeter

184 1920 515 1969 commentarios,
551 1933 648 1972 quos
681 1920 895 1970 habemus,
932 1919 1073 1960 librum
1107 1920 1299 1973 quendam
1323 1919 1595 1973 ephemerides
1618 1919 1678 1958 in-

182 1987 368 2040 scriptum
401 1987 611 2041 reliquisse
635 1986 766 2028 Seruii
799 1988 1028 2028 testimonio
1061 1988 1290 2040 quibusdam
1323 1987 1587 2029 demonstrari
1619 1987 1676 2027 ui-

181 2068 267 2095 sum
290 2062 370 2095 est:
407 2055 470 2095 cui
493 2055 788 2106 adiunxerunt,
820 2056 923 2109 quod
947 2054 1187 2096 Plutarchus
1210 2057 1282 2096 uit.
1308 2053 1428 2097 Caes.
1456 2070 1490 2096 c.
1526 2054 1582 2096 22
1610 2068 1675 2094 res

181 2131 321 2164 contra
342 2123 592 2164 Tenctheros
616 2131 654 2164 et
674 2123 861 2179 Vsipetes
884 2132 1016 2179 gestas
1040 2127 1087 2166 ἐν
1112 2133 1209 2172 ταῖς
1240 2123 1473 2181 ἐφημερίσι
1496 2123 1676 2164 easdem-

181 2205 254 2245 que
271 2190 479 2247 Appianus
502 2192 582 2232 uol.
604 2190 623 2231 I
646 2207 684 2246 p.
709 2191 764 2233 90
789 2207 852 2247 ap.
883 2190 1110 2246 Schweigh.
1138 2196 1187 2236 ἐν
1208 2202 1307 2240 ταῖς
1327 2192 1461 2240 ἰδίαις
1480 2187 1674 2247 οἷναγροι-

181 2269 284 2312 φαῖς
313 2264 402 2304 τῶν
431 2260 666 2317 ἐφημέρων
695 2264 834 2317 ἔργων
864 2262 1012 2302 relatas
1045 2262 1250 2310 dicerent,
1285 2261 1377 2301 item
1412 2258 1673 2314 Symmachus

180 2328 296 2382 epist.
314 2327 389 2378 IV,
417 2328 468 2369 18
490 2328 740 2382 ephemeride
758 2326 946 2370 Caesaris
970 2330 1162 2383 origines,
1188 2330 1304 2379 situs,
1331 2341 1481 2383 pugnas
1505 2334 1544 2367 et
1565 2326 1674 2379 quid-

180 2397 269 2449 quid
293 2398 432 2437 fuisset
452 2397 492 2437 in
515 2397 689 2437 moribus
712 2405 778 2437 aut
799 2398 951 2451 legibus
975 2396 1194 2438 Galliarum
1217 2398 1319 2438 tradi
1342 2398 1551 2437 scriberet.
1591 2394 1674 2435 Alii

178 2478 265 2503 eum
287 2463 566 2512 Plutarchum,
591 2464 812 2519 Appianum
830 2497 840 2515 ,
866 2464 1143 2520 Symmachum
1166 2466 1273 2519 ipsos
1297 2464 1603 2506 commentarios
1627 2464 1673 2503 de

177 2531 280 2572 bello
314 2531 466 2573 Gallico
498 2534 745 2586 significasse
776 2535 1087 2584 contenderent,
1129 2532 1273 2575 Seruio
1308 2535 1421 2574 tidem
1454 2532 1671 2573 habendam

178 2613 266 2640 esse
288 2609 551 2654 negauerunt.
587 2600 719 2654 Atque
741 2602 833 2642 illud
858 2617 932 2655 quo
956 2604 1086 2643 minus
1110 2609 1217 2642 recte
1240 2603 1448 2642 iudicatum
1474 2608 1596 2650 esset,
1623 2613 1672 2640 ne

180 2664 446 2709 Schneiderus
470 2671 622 2722 quidem
645 2671 894 2724 repugnauit,
924 2671 969 2710 de
992 2669 1152 2720 Seruio,
1179 2671 1360 2723 quoniam
1386 2671 1469 2711 eius
1494 2669 1669 2709 testimo-

180 2733 285 2774 nium
307 2736 379 2776 fide
403 2737 558 2790 dignum
584 2752 673 2779 esse
695 2738 960 2788 asseuerauit,
986 2739 1202 2779 uideamus.
1247 2737 1286 2778 ls
1309 2739 1356 2779 ad
1378 2737 1543 2791 Vergilii
1561 2736 1666 2775 Aen.

180 2797 258 2849 XI,
289 2801 371 2842 743
404 2806 500 2845 haec
533 2807 764 2847 annotauit:
812 2804 879 2846 ‘C.
913 2805 1038 2847 Iulius
1070 2804 1224 2848 Caesar
1263 2822 1350 2847 cum
1394 2806 1598 2846 dimicaret
1626 2803 1667 2842 in

182 2866 312 2909 Gallia
332 2877 373 2911 et
393 2872 439 2912 ab
461 2872 573 2915 hoste
603 2881 740 2929 raptus
763 2888 863 2928 equo
886 2875 971 2916 eius
1003 2882 1231 2929 portaretur
1260 2882 1458 2925 armatus,
1493 2871 1670 2914 occurrit
