1835 3240
88 920 127 953 10

90 1259 129 1291 15

90 1596 132 1630 20

94 1936 135 1968 25

625 185 809 229 COMM.
834 185 853 227 1
884 184 1010 229 CAP.
1035 186 1177 227 4—7.
1631 188 1714 230 259

159 306 253 345 fines
275 301 549 343 Heluetiorum
572 308 611 341 et
630 300 907 355 Allobrogum,
942 299 1006 353 qui
1030 312 1154 352 nuper
1175 299 1304 352 pacati
1328 306 1457 349 erant,
1481 299 1643 342 Rhoda·

158 385 229 412 nus
252 371 336 410 fluit
357 370 467 423 isque
490 368 689 409 nonnullis
711 369 808 409 locis
831 368 930 408 uado
954 367 1161 408 transitur.
1198 365 1437 407 Extremum
1461 368 1639 420 oppidum
1661 368 1686 409 3

156 438 415 491 Allobrogum
438 444 500 477 est
522 437 821 491 proximumque
840 435 1116 476 Heluetiorum
1148 433 1287 474 finibus
1313 432 1467 474 Genua.
1511 433 1580 474 Ex
1596 449 1642 476 eo

156 506 295 561 oppido
319 520 414 560 pons
437 505 484 545 ad
510 505 711 545 Heluetios
734 504 919 557 pertinet.
963 503 1245 557 Allobrogibus
1276 515 1368 542 sese
1395 501 1460 542 uel
1482 515 1644 555 persua·

162 589 276 615 suros
293 605 304 624 ,
348 573 450 627 quod
481 574 650 613 nondum
674 572 776 612 hono
798 571 991 612 6111111010
1013 572 1194 625 1101101001
1215 570 1439 611 Romanum
1461 570 1646 616 uideren—

159 650 237 692 tur,
264 641 562 690 existimabant,
588 641 652 681 uel
674 640 711 680 ui
736 647 960 688 coacturOS,
985 646 1028 679 ut
1049 652 1118 692 per
1137 653 1231 679 suos
1253 638 1350 678 fines
1373 651 1441 678 eos
1462 637 1646 691 11611616-

158 717 310 751 rentur.
364 708 557 750 Omnibus
587 707 705 748 rebus
737 708 783 748 ad
816 706 1100 761 profectionem
1124 706 1349 759 conparatis
1371 706 1472 745 diem
1495 705 1641 755 dicunt,
1667 704 1693 744 4

159 793 234 830 qua
257 778 317 818 die
340 778 387 818 ad
409 778 530 831 ripam
554 775 739 817 Rhodani
761 789 897 815 omnes
928 773 1184 815 conueniant.
1235 772 1275 814 Is
1308 773 1392 814 dies
1424 779 1510 813 erat
1541 786 1579 812 a.
1604 772 1641 812 d.

159 852 187 884 V
207 844 300 887 Ital.
325 846 423 900 Apr.
449 844 501 885 L.
525 844 690 893 Pisone,
714 842 768 883 A.
795 841 965 883 Gabinio
989 841 1233 882 consulibus.

273 911 440 955 Caesari
463 929 550 954 cum
572 913 609 953 id
633 912 853 953 nuntiatum
873 917 997 961 esset,
1022 923 1090 950 eos
1113 923 1183 963 per
1203 908 1446 964 prouinciam
1469 914 1646 949 nostram
1667 907 1694 951 7

156 981 234 1021 1161
250 982 380 1022 facere
392 981 542 1030 conari,
568 987 739 1021 maturat
761 980 808 1020 ab
832 979 926 1020 urbe
949 978 1141 1032 proficisci
1164 985 1201 1018 et
1225 991 1336 1030 quam
1360 976 1543 1017 maximis
1561 983 1647 1030 pot-

159 1055 222 1089 est
250 1048 457 1089 itineribus
480 1049 521 1089 in
547 1048 715 1090 Galliam
737 1048 966 1089 ulteriorem
989 1046 1192 1086 contendit
1220 1052 1260 1086 et
1280 1046 1327 1085 ad
1356 1043 1536 1085 Genuam
1559 1058 1649 1098 per-

161 1117 287 1157 uenit.
334 1115 573 1157 Prouinciae
605 1117 676 1157 toti
708 1131 822 1170 quam
851 1115 1065 1155 maximum
1096 1121 1227 1168 potest
1255 1113 1418 1153 militum
1442 1126 1646 1154 numerum
1668 1111 1696 1151 2

161 1184 326 1238 imperat
348 1187 454 1237 (erat
475 1185 634 1225 00101110
655 1185 694 1225 111
718 1183 846 1225 Gallia
872 1183 1061 1224 ulteriore
1082 1182 1187 1236 legio
1209 1182 1328 1234 una),
1363 1187 1521 1233 pontem
1536 1211 1546 1230 ,
1582 1179 1648 1233 qui

161 1259 248 1292 erat
281 1253 329 1293 ad
361 1252 565 1304 Genuam,
609 1253 717 1294 iubet
747 1253 935 1294 rescindi.
988 1250 1067 1292 Vbi
1089 1251 1135 1291 de
1170 1249 1254 1290 eius
1277 1249 1448 1289 aduentu
1470 1246 1648 1288 Heluetii
1671 1246 1696 1287 3

164 1320 355 1360 certiores
378 1321 470 1361 facti
492 1328 607 1371 sunt,
631 1321 785 1373 legatos
807 1321 856 1361 ad
878 1334 963 1361 eum
987 1319 1149 1359 mittunt
1169 1317 1435 1358 nobilissimos
1458 1316 1647 1365 ciuitatis,

165 1387 276 1427 60105
298 1388 507 1437 legationis
519 1387 752 1429 Nammeius
775 1394 814 1428 et
826 1387 1104 1430 Verucloetius
1117 1385 1333 1440 principem
1356 1385 1482 1425 locum
1497 1383 1651 1438 optine-

165 1454 282 1505 bant,
316 1455 380 1507 qui
409 1455 583 1495 dicerent
614 1456 689 1496 sibi
718 1469 809 1497 esse
838 1456 878 1496 in
907 1455 1038 1496 animo
1060 1454 1145 1495 sine
1167 1454 1245 1494 ullo
1269 1452 1460 1494 maleficio
1481 1451 1560 1491 iter
1581 1464 1652 1506 per

166 1523 405 1575 prouinciam
430 1525 575 1571 facere,
601 1531 809 1578 propterea
832 1523 933 1577 quod
954 1523 1059 1563 aliud
1080 1523 1157 1563 iter
1180 1521 1370 1562 haberent
1390 1519 1560 1560 nullum:
1586 1532 1651 1559 ro-

164 1604 274 1643 gare,
299 1597 342 1630 ut
363 1591 446 1631 eius
469 1591 670 1632 uoluntate
691 1592 729 1632 id
752 1591 826 1631 sihi
848 1592 979 1631 faeere
1000 1590 1134 1630 liceat.
1181 1588 1351 1637 Caesar,
1381 1588 1484 1641 quod
1505 1600 1652 1628 memo·
1672 1588 1699 1627 4

164 1657 224 1698 ria
257 1658 411 1699 tenebat
442 1657 493 1699 L.
520 1656 702 1700 Cassium
734 1659 934 1699 consulem
968 1658 1139 1698 occisum
1171 1656 1468 1708 exercitumque
1499 1655 1583 1695 eius
1605 1653 1652 1694 611

165 1724 361 1766 Η61061115
384 1727 535 1780 11015001
559 1734 598 1767 61
621 1726 691 1767 sub
713 1727 847 1781 iugum
859 1726 1038 1776 missum,
1063 1724 1357 1766 concedendum
1372 1737 1450 1763 non
1463 1722 1651 1777 putabat,

167 1807 294 1847 neque
316 1794 494 1835 homines
516 1795 676 1835 inimico
698 1795 827 1834 animo
838 1794 928 1835 data
949 1793 1135 1834 facultate
1158 1807 1228 1847 per
1239 1791 1481 1847 prouinciam
1496 1790 1653 1831 itineris
1674 1789 1699 1830 5

167 1862 337 1902 faciundi
359 1870 648 1917 temperaturos
667 1862 713 1903 ab
735 1863 880 1903 iniuria
901 1869 941 1903 61
960 1861 1154 1902 maleficio
1176 1859 1446 1902 existimabat.
1481 1857 1651 1908 Tamen,
1675 1857 1701 1897 6

167 1935 209 1969 01
240 1931 405 1984 5116110111
440 1932 689 1972 intercedere
721 1938 882 1985 posset,
920 1932 1009 1970 dum
1032 1929 1201 1980 milites,
1243 1942 1340 1982 quos
1370 1928 1651 1981 imperauerat,

172 2107 404 2140 Heluetiorum
424 2108 512 2140 inter
530 2108 613 2140 lines
634 2119 668 2140 u.
803 2110 816 2142 1
838 2109 1068 2150 Adlobrognm
1093 2111 1177 2140 ante
1195 2116 1290 2139 corr.
1307 2107 1359 2146 B,
1388 2104 1655 2147 Allogobrumf.

253 2159 343 2201 pacti
362 2169 476 2201 marg.
492 2160 521 2191 B
537 2160 577 2192 C.
687 2160 896 2204 Rodanuss.
1009 2162 1030 2195 2
1049 2161 1170 2202 hisque
1188 2159 1238 2192 A.
1350 2158 1368 2191 3
1385 2157 1654 2199 Allogobrumf.

253 2211 376 2243 finibus
396 2222 464 2244 om.
488 2213 519 2243 b.
638 2212 758 2245 Genua
776 2214 894 2254 codd„
915 2213 1053 2246 Geneun
1072 2223 1106 2244 u.
1225 2213 1242 2244 5
1263 2211 1385 2254 populo
1406 2209 1555 2241 Romano
1574 2210 1654 2248 DE,

170 2264 305 2307 publica
323 2264 405 2305 res.
502 2265 521 2297 7
541 2265 641 2297 rebus
660 2266 777 2307 mms.
873 2265 1070 2308 conparatis
1088 2264 1162 2296 ΑΒ
1176 2263 1217 2295 C.
1313 2263 1333 2294 8
1353 2261 1530 2303 Rodanis,
1551 2262 1658 2293 flumi-

174 2317 226 2349 nis
245 2316 398 2349 Rhodani
420 2316 461 2349 C.
626 2327 743 2349 0111065
762 2319 846 2348 ante
865 2317 907 2349 ad
927 2317 988 2360 rip.
1006 2317 1117 2359 ponit
1128 2315 1169 2347 E.
1346 2313 1388 2344 ad
1405 2322 1427 2344 v
1443 2314 1474 2343 B
1493 2315 1529 2343 et
1554 2313 1655 2346 codd.

172 2368 394 2400 Schneider-i.
542 2368 560 2400 9
580 2366 657 2399 Hal.
680 2368 797 2409 (AB),
820 2367 873 2400 ΗΓ
896 2368 1025 2405 CDE,
1048 2366 1138 2409 Rs.
1287 2365 1369 2407 Apr.
1391 2363 1508 2406 (AB),
1528 2364 1657 2406 Aprilis

174 2419 214 2457 Ε,
234 2419 356 2461 Apl's.
497 2418 603 2451 Lucio
620 2419 688 2460 Es.
836 2419 924 2452 Aulo
942 2420 1015 2451 AB
1028 2419 1093 2460 Es.
1249 2416 1286 2448 10
1305 2425 1367 2458 per
1384 2417 1482 2446 inter·
1498 2424 1592 2446 uers.
1611 2425 1659 2447 m.

174 2471 289 2512 secus.
433 2469 472 2501 12
488 2470 665 2502 contendit
681 2470 881 2502 ulteriorem
891 2469 930 2511 s.
1059 2469 1100 2502 12
1118 2471 1153 2500 et
1172 2467 1211 2500 15
1232 2466 1384 2499 Genuam
1403 2465 1504 2498 codd.
1519 2489 1529 2507 ,
1549 2464 1659 2497 Gene-

175 2530 249 2552 uam
280 2531 316 2552 u.
504 2521 543 2554 13
577 2521 821 2564 prouincieque
855 2522 899 2554 E.
1085 2525 1199 2564 potest
1222 2520 1255 2552 A
1270 2521 1302 2551 B
1317 2519 1496 2561 CDEes
1521 2521 1558 2550 et
1589 2521 1656 2551 int.

176 2583 267 2604 uers.
296 2576 366 2605 uel.
392 2583 439 2605 m.
467 2574 507 2614 b,·
547 2583 617 2605 om.
644 2584 680 2605 u.
845 2574 885 2607 17
903 2572 1099 2607 Nammeius
1126 2572 1295 2611 ACDE,
1323 2569 1485 2604 Nameius
1512 2569 1656 2612 (B)du,

177 2623 400 2667 Namproeius
427 2626 488 2656 uel
512 2624 784 2668 Namprociuss.
950 2624 1191 2658 Verucloetius
1208 2626 1240 2656 B
1254 2624 1304 2666 C,
1340 2622 1560 2656 Verucletius
1578 2624 1656 2665 Λφ,

179 2675 405 2707 Verudoetius
430 2676 515 2718 def
532 2677 600 2717 (liic
617 2676 708 2720 cius)
721 2701 728 2715 ,
750 2675 964 2709 Verudecius
983 2677 1014 2708 D
1031 2677 1078 2717 Ε,
1102 2675 1335 2708 Verudoctius
1351 2675 1417 2707 Απ
1440 2673 1547 2706 dubie
1565 2677 1603 2705 et
1618 2685 1654 2705 u.

343 2726 528 2769 principum
545 2728 619 2759 ΑΒ
635 2727 744 2760 CDE
757 2752 766 2769 ,
786 2727 938 2770 principe
957 2737 1120 2769 suprasc.
1140 2737 1194 2759 um
1212 2737 1246 2758 a.
1261 2726 1350 2758 Post
1364 2725 1553 2768 principum
1573 2727 1611 2756 in
1627 2726 1658 2757 Β

170 2777 268 2819 solia
286 2777 319 2817 3,
337 2778 370 2817 4,
392 2778 423 2818 5,
444 2778 463 2810 6
481 2779 707 2811 exciderunt.
849 2779 1050 2822 optinebant
1067 2779 1142 2810 Aa.
1254 2779 1294 2812 19
1313 2778 1381 2810 iter
1397 2777 1513 2819 om.s.

183 2832 342 2867 rogarent
358 2838 404 2858 m.
421 2838 479 2870 pr.
496 2829 570 2870 Ao,
600 2833 741 2870 rogaret
761 2829 832 2871 Atp.
1006 2829 1044 2861 21
1066 2827 1209 2860 Lucium
1226 2828 1295 2870 Es.
1448 2828 1521 2859 eius
1539 2829 1657 2870 om.s.

325 2879 366 2910 22
386 2878 461 2919 iugo
481 2880 579 2921 esc!
595 2891 641 2912 m.
663 2890 729 2912 sec.
755 2881 795 2913 C.
936 2881 978 2911 24
998 2879 1133 2912 facundi
1151 2881 1196 2912 A.

1386 2951 1464 2991 17*
