1835 3240
122 168 205 212 672
718 168 887 211 BELLI
917 166 1165 211 AFRICAE

122 282 177 327 16
200 294 334 322 omnes
357 282 524 323 coniecti
545 296 719 336 pugnare
741 282 996 337 cogebantur.
1030 281 1235 324 Labienus
1256 284 1297 325 in
1318 297 1416 337 equo
1432 286 1558 339 capite
1576 285 1678 326 nudo

197 349 352 391 uersari
372 350 413 391 in
434 351 557 404 prima
580 351 688 399 acie3
715 349 829 390 simul
849 365 942 391 suos
966 351 1180 401 cohortari,
1198 365 1487 405 nonnumquam
1505 354 1679 407 legiona-

197 419 277 459 rios
301 415 488 459 Caesaris
510 417 565 457 ita
587 416 783 470 appellare
802 435 810 457 :
838 415 961 470 ‘Quid
983 418 1053 468 tu',
1077 419 1218 472 inquit,
1247 419 1373 459 ‘miles
1396 419 1502 460 tiro?
1523 428 1600 461 tam
1625 422 1679 460 se-

199 486 357 527 roculus
381 487 452 526 es?
472 483 553 524 Vos
576 498 729 537 quoque
750 485 826 526 iste
848 486 983 526 uerbis
1004 484 1301 527 infatuauit?111
1323 500 1505 540 magnum
1526 488 1680 529 meher-

198 554 285 595 cule
318 566 388 593 uos
419 550 629 604 periculum
661 552 829 606 impulit.
872 551 1073 595 Misereor
1103 554 1256 594 uestri'.
1302 553 1407 594 Tum
1439 554 1547 595 miles
1582 560 1677 596 ‘non
1708 564 1726 595 5

146 622 174 665 2
193 621 307 671 sum',
335 619 484 672 inquit,
516 619 608 659 ‘tiro
623 650 633 669 ,
658 617 837 661 Labiene
853 651 863 671 ,
894 622 963 662 sed
985 622 1030 662 de
1051 622 1208 676 legione
1229 628 1262 661 X
1284 621 1527 661 ueteranus'.
1579 621 1679 664 Tum

198 687 399 729 Labienus
417 692 509 726 ‘non
534 687 737 740 agnosco',
753 688 896 742 inquit,
915 689 1043 743 ‘signa
1064 689 1395 729 decumanorum'.
1427 687 1527 729 Tum
1544 690 1678 731 miles:

202 757 294 797 ‘iam
316 769 393 802 me,
421 754 484 807 qui
507 755 596 804 sim,
620 755 863 809 intelleges'3
893 757 1009 798 simul
1031 758 1221 798 cassidem
1246 757 1291 797 de
1314 757 1438 810 capite
1462 757 1616 806 deiecit,
1641 764 1683 797 ut

198 822 385 878 cognosci
406 822 453 862 ab
477 835 523 862 eo
546 830 702 876 posset,
738 831 853 877 atque
875 824 930 865 ita
950 825 1068 879 pilum
1086 824 1236 866 uiribus
1259 831 1479 865 contortum
1495 854 1506 872 ‚
1534 825 1620 864 dum
1642 825 1682 865 in

200 890 422 932 Labienum
444 890 598 931 mittere
621 892 847 943 contendit,
885 893 973 946 equi
995 894 1171 947 grauiter
1192 893 1359 933 aduerso
1380 891 1529 947 pectori
1550 892 1686 932 adfixit
1720 899 1759 932 10

198 966 238 999 et
268 959 347 999 ait:
387 956 606 1009 ‘Labiene,
641 959 896 1000 decumanum
919 962 1104 1010 militem,
1139 960 1201 1013 qui
1225 967 1263 1000 te
1285 961 1404 1014 petit,
1439 960 1539 1000 scito
1562 959 1681 1000 esse'.

151 1025 176 1067 3
201 1024 386 1067 Omnium
416 1033 546 1066 tamen
577 1026 694 1067 animi
729 1028 770 1068 in
802 1035 996 1069 terrorem
1029 1029 1197 1069 coniecti
1226 1035 1264 1068 et
1295 1028 1466 1068 maxime
1487 1027 1683 1067 tironum:

200 1094 504 1149 circumspicere
536 1095 639 1135 enim
663 1093 877 1136 Caesarem
909 1110 1034 1150 neque
1067 1097 1230 1150 amplius
1262 1097 1393 1136 facere
1416 1095 1491 1135 nisi
1513 1095 1685 1135 hostium

123 1162 178 1207 17
199 1163 326 1203 iacula
346 1163 489 1203 uitare.
526 1160 680 1203 Caesar
700 1163 858 1204 interim
882 1165 1046 1205 consilio
1069 1164 1239 1204 hostium
1262 1163 1419 1216 cognito
1441 1163 1549 1203 iubet
1562 1163 1685 1203 aciem

199 1230 240 1270 in
270 1230 552 1283 longitudinem
584 1244 695 1283 quam
730 1231 940 1271 maximam
974 1231 1121 1284 porrigi
1145 1239 1181 1271 et
1206 1231 1369 1271 alternis
1393 1230 1596 1270 conuersis
1620 1243 1684 1269 co·
1717 1236 1758 1269 15

150 1298 178 1340 2
199 1298 400 1347 hortibus,
435 1304 478 1337 ut
511 1311 586 1337 una
618 1305 730 1351 post,
764 1298 887 1339 altera
920 1305 1011 1339 ante
1043 1299 1155 1353 signa
1187 1298 1390 1347 tenderet,
1423 1298 1479 1337 ita
1501 1310 1686 1337 coronam

200 1365 370 1405 hostium
403 1365 544 1406 dextro
577 1366 817 1418 sinistroque
852 1380 974 1406 cornu
996 1367 1161 1407 mediam
1184 1366 1319 1406 diuidit
1340 1372 1379 1406 et
1400 1380 1513 1406 unam
1537 1371 1687 1419 partem

202 1433 249 1473 ab
272 1433 397 1473 altera
419 1433 623 1473 exclusam
646 1434 840 1487 equitibus
862 1434 1103 1475 intrinsecus
1126 1436 1288 1474 adortus
1310 1448 1394 1474 cum
1413 1433 1587 1488 peditatu
1599 1432 1687 1473 telis

203 1502 393 1543 coniectis
416 1501 455 1542 in
480 1502 608 1555 fugam
631 1501 752 1542 uertit
774 1516 898 1555 neque
920 1502 1076 1556 longius
1098 1515 1334 1556 progressus
1357 1501 1507 1541 ueritus
1524 1499 1687 1541 insidias

201 1584 243 1611 se
266 1570 313 1610 ad
334 1583 426 1611 suos
448 1570 603 1624 recipit.
647 1567 753 1610 Idem
777 1570 900 1611 altera
923 1584 1014 1625 pars
1037 1570 1205 1623 equitum
1229 1570 1476 1624 peditumque
1499 1565 1686 1609 Caesaris
1715 1573 1759 1609 20

155 1637 179 1679 3
202 1638 310 1679 facit.
354 1637 429 1678 His
457 1637 575 1678 rebus
607 1637 729 1692 gestis
761 1652 806 1678 ac
828 1638 964 1693 procul
985 1638 1162 1679 hostibus
1183 1638 1352 1692 repulsis
1376 1636 1689 1677 conuulneratis-

202 1721 275 1760 que
307 1707 355 1747 ad
376 1720 446 1746 sua
468 1706 663 1760 praesidia
687 1719 776 1747 sese
792 1736 802 1755 ‚
836 1706 939 1746 sicut
961 1713 1047 1746 erat
1067 1706 1283 1746 instructus
1299 1736 1309 1753 ‚
1341 1705 1521 1758 recipere
1543 1703 1685 1756 coepit.

127 1774 183 1819 18
204 1773 366 1814 Interim
389 1773 449 1814 M.
473 1772 656 1814 Petreius
680 1780 718 1813 et
741 1771 818 1813 Cn.
842 1772 936 1813 Piso
969 1787 1054 1813 cum
1078 1773 1270 1826 equitibus
1292 1771 1476 1813 Numidis
1496 1778 1587 1811 MDC
1611 1771 1689 1811 ele-

203 1842 276 1882 ctis
303 1841 554 1896 peditatuque
576 1841 748 1881 eiusdem
770 1842 929 1895 generis
953 1841 1051 1881 satis
1074 1841 1214 1896 grandi
1236 1854 1289 1881 ex
1309 1841 1451 1881 itinere
1472 1846 1581 1880 recta
1601 1837 1691 1879 sub-

154 1910 182 1951 2
203 1909 303 1950 sidio
335 1908 418 1949 suis
451 1915 677 1948 occurrunt.
721 1907 852 1961 Atque
885 1909 1019 1950 hostes
1049 1909 1131 1949 suis
1162 1923 1213 1949 ex
1246 1916 1398 1949 terrore
1419 1907 1583 1948 firmatis
1603 1920 1689 1946 rur·
1720 1912 1763 1946 25

204 1990 348 2030 susque
369 1976 574 2017 renouatis
596 1976 736 2016 animis
758 1976 1001 2030 legionarios
1020 1977 1225 2018 conuersis
1245 1976 1437 2030 equitibus
1454 1974 1690 2028 recipientes

204 2043 441 2085 nouissimos
474 2044 622 2084 adoriri
655 2051 693 2084 et
713 2044 887 2098 inpedire
909 2052 1148 2098 coeperunt,
1183 2059 1258 2098 quo
1280 2045 1408 2085 minus
1431 2043 1471 2083 in
1492 2049 1626 2083 castra
1647 2055 1690 2082 se

158 2113 183 2154 3
204 2113 440 2166 reciperent.
486 2110 572 2152 Hac
602 2125 646 2153 re
673 2112 948 2153 animaduersa
981 2109 1133 2153 Caesar
1164 2113 1273 2154 iubet
1301 2112 1413 2166 signa
1444 2110 1624 2151 conuerti
1653 2118 1692 2149 et

346 2249 367 2281 2
387 2258 624 2291 nonnunquam
644 2249 708 2292 (a).
881 2251 900 2283 3
919 2249 1071 2293 apellare
1091 2260 1124 2281 α.
1285 2247 1366 2280 feris
1386 2247 1494 2279 oculis
1514 2247 1545 2279 b.

205 2304 225 2336 4
243 2301 474 2335 meherculem
493 2311 513 2332 α
535 2302 565 2332 b.
724 2302 743 2335 7
763 2302 1016 2334 decimanorum
1036 2302 1067 2333 b.
1218 2305 1288 2332 tum
1307 2300 1356 2331 ait
1372 2299 1469 2331 miles
1487 2309 1508 2330 a
1529 2298 1624 2330 ‘mss.
1644 2296 1689 2328 4’.

347 2354 368 2385 8
388 2353 443 2395 qui
465 2353 560 2384 ‘mssa
580 2352 626 2395 4',
646 2353 721 2396 quis
741 2353 792 2395 (a)
811 2354 956 2395 reliqui.
1149 2352 1302 2393 intellige
1323 2352 1353 2385 b.
1537 2349 1641 2382 eiecit
1659 2350 1690 2381 b.

350 2404 390 2436 10
409 2404 529 2435 adfixit
547 2415 582 2436 a.
725 2405 763 2437 11
786 2409 820 2436 et
837 2405 886 2436 ait
904 2414 972 2436 om.
994 2415 1024 2436 c.
1181 2403 1392 2435 decimanum
1413 2403 1443 2441 b,
1462 2402 1637 2434 decumum
1656 2410 1690 2432 a.

349 2456 389 2487 15
408 2456 621 2495 longitudine
641 2466 739 2498 quam
757 2457 903 2488 maxima
921 2466 942 2488 a
963 2456 1058 2488 ‘tn-cs·
1080 2455 1123 2489 3’.
1305 2454 1344 2487 16
1364 2454 1474 2486 altera
1493 2454 1693 2487 Ablancur-

207 2511 291 2548 tius,
314 2506 456 2538 alteram
475 2506 577 2538 codd.
597 2507 639 2538 P.
660 2507 739 2541 204.
909 2516 1035 2539 corona
1052 2517 1085 2538 α.
1257 2505 1298 2537 18
1317 2505 1495 2537 adortatus
1513 2515 1547 2536 α.

208 2558 249 2592 19
268 2558 441 2589 conuertit
460 2557 491 2588 b.
642 2558 684 2592 20
703 2559 833 2601 recepit
853 2559 883 2590 b.
1032 2556 1137 2599 ideln]
1158 2557 1205 2588 ita
1226 2557 1257 2588 b.
1353 2557 1392 2590 21
1416 2557 1496 2589 tecit
1515 2558 1546 2589 b.

206 2608 343 2650 23Cn.]
362 2608 406 2641 M.
428 2610 459 2639 b.
599 2609 681 2652 MDC]
702 2621 759 2642 ccc
779 2621 799 2642 a
821 2611 903 2642 ‘mei
918 2621 1049 2651 omnes,
1070 2612 1145 2641 nisi
1160 2608 1256 2650 quod
1272 2610 1440 2641 nonrmlli
1450 2613 1593 2651 ponant
1608 2612 1691 2641 ante

208 2660 391 2706 equitibus’
409 2660 522 2701 (z‘dfit
539 2662 575 2691 in
595 2661 671 2693 cdd.
692 2665 774 2694 autc
793 2662 905 2702 Ald.)‚
927 2672 996 2694 om.
1017 2673 1053 2701 c;
1074 2671 1116 2692 mc
1135 2660 1246 2692 Aldus
1265 2664 1298 2692 et
1315 2671 1411 2702 seqq.
1433 2660 1515 2694 sid.
1536 2672 1564 2692 c,
1589 2661 1642 2701 19,
1657 2660 1688 2692 6.

352 2712 473 2745 electis
492 2723 558 2744 om.
583 2714 614 2745 b.
777 2715 822 2748 24
841 2714 992 2746 eiusdem
1010 2713 1145 2754 generis
1165 2723 1232 2744 om.
1255 2713 1286 2744 b.
1450 2718 1546 2745 recta
1563 2713 1689 2753 Aldus,

211 2771 304 2800 recto
323 2775 344 2797 a
365 2765 461 2796 ‘mss.
482 2763 525 2796 5’.
682 2765 724 2798 25
745 2769 970 2796 occurrerunt
989 2764 1019 2795 b.
1170 2768 1270 2805 atque
1290 2764 1405 2796 hostes
1425 2766 1442 2796 5
1461 2764 1564 2805 dell-‚7
1585 2769 1621 2796 at
1637 2774 1693 2795 co-

207 2821 321 2852 hortes
340 2828 361 2850 α
380 2818 410 2849 b.
588 2815 630 2848 26
650 2816 854 2859 recipientes
873 2827 893 2848 α
915 2817 1008 2847 ‘msa
1023 2815 1207 2858 plernjae',
1225 2826 1262 2848 se
1281 2815 1486 2859 recipientes
1504 2816 1544 2848 P.
1563 2816 1690 2849 Manu-

211 2874 282 2904 tius
300 2880 335 2901 η.
475 2866 517 2902 27
538 2866 649 2898 adorti
670 2867 700 2898 b.
843 2866 996 2910 inpedire
1016 2876 1048 2898 a.
