1835 3240
661 183 1085 224 —187—

141 315 212 342 nus
235 298 412 348 discedit,
439 297 539 350 quod
563 305 651 351 post
666 295 864 350 ‘egerunt'
879 296 1048 336 adicitur
1063 293 1275 336 ‘Cassius’.
1313 295 1425 349 Quae
1448 300 1487 339 in
1510 299 1624 340 Leid.

138 382 196 421 pr.
222 373 260 406 et
293 363 399 405 Scal.
435 365 579 419 scripta
612 372 720 414 sunt,
753 365 881 405 deleto
912 364 1035 405 uerbo
1071 364 1266 418 ‘egerunt'
1298 364 1442 418 optime
1465 366 1625 407 habeut.

137 434 178 474 Id
210 434 358 473 illatum
390 440 449 474 est
481 447 501 473 3
530 433 738 487 magistro,
775 433 838 485 qui
869 447 913 473 se
943 433 980 472 in
1015 432 1129 486 paulo
1152 432 1332 485 longiore
1355 433 1627 473 enuntiatione

139 515 218 540 uon
251 501 458 554 expediret
488 508 527 541 et
556 502 653 541 haec
685 501 733 540 ad
764 498 1032 541 Caesarianos
1064 500 1273 540 referenda
1297 500 1562 541 existimaret.
1596 500 1626 540 Ii

136 582 232 608 uero
255 569 367 622 plane
391 570 485 609 nihil
508 569 590 622 pari
613 575 730 621 atque
752 576 868 608 antea
882 569 1036 608 ratione
1050 575 1230 620 egerunt.
1264 566 1368 607 Nam
1390 567 1625 617 Messanae,

137 650 234 689 quae
258 651 322 677 res
346 638 459 690 paulo
483 645 574 677 ante
598 637 722 677 relata
745 643 820 685 est,
847 650 895 676 ne
918 643 1156 689 temptarunt
1177 636 1330 688 quidem
1349 649 1472 675 naues
1495 635 1629 675 defen-

137 705 246 753 dere,
273 711 311 744 et
331 705 403 744 uix
425 705 603 758 oppidum
627 711 823 745 retentum
847 711 921 754 est,
948 704 1024 753 hic,
1057 711 1101 743 ut
1122 704 1305 757 deinceps
1328 705 1516 753 refertur,
1551 718 1628 744 non

137 773 259 812 solum
285 786 405 812 naues
428 780 612 812 seruatae
645 779 751 821 sunt,
778 773 844 812 sed
869 773 984 812 etiam
1010 769 1174 811 Cassius
1199 786 1282 811 eum
1307 772 1543 812 detrimento
1566 785 1629 810 re-

138 840 285 892 pulsus.
330 838 480 881 Contra
512 839 677 881 Cassius
709 841 844 880 eodem
878 840 990 879 modo
1022 847 1138 892 atque
1167 838 1382 880 Messanae
1414 839 1627 879 secundum

137 914 276 948 nactus
309 918 468 948 uentum
500 922 622 948 naues
657 909 703 947 ad
736 909 920 948 incendia
941 908 1158 947 instructas
1181 907 1356 948 immisit.
1392 905 1471 947 Sed
1493 920 1630 947 nume-

136 989 219 1015 rum
244 977 501 1031 quadraginta
522 977 681 1016 nauium
704 976 993 1025 onerariarum,
1027 990 1122 1028 quas
1146 972 1311 1015 Cassius
1336 975 1382 1015 ad
1406 975 1631 1015 incendium

138 1052 393 1097 praeparatas
415 1045 626 1085 immisisse
650 1045 816 1093 dicitur,
851 1044 985 1084 multis
1007 1043 1185 1097 partibus
1209 1056 1305 1084 uero
1329 1042 1519 1083 maiorem
1542 1055 1631 1083 esse

138 1118 177 1151 et
208 1125 260 1151 ex
290 1112 372 1165 ipsa
405 1127 449 1153 re
481 1120 642 1166 apparet
674 1119 714 1152 et
745 1127 797 1152 ex
831 1126 893 1157 eo,
929 1112 1030 1165 quod
1054 1111 1194 1151 dicam.
1230 1110 1337 1151 Nam
1360 1108 1631 1151 Caesarianae

137 1179 277 1220 classis
299 1180 495 1220 dimidiam
525 1187 676 1234 partem
708 1179 880 1229 Vibone,
915 1179 1113 1219 dimidiam
1134 1178 1350 1219 Messanae
1373 1178 1497 1219 fuisse
1519 1178 1630 1219 initio

138 1248 175 1287 h.
203 1263 237 1288 c.
264 1248 504 1288 declaratum
528 1257 604 1289 est.
640 1247 854 1288 Messanae
877 1254 1006 1287 autem
1031 1262 1168 1288 omnes
1187 1261 1308 1288 naues
1322 1247 1510 1287 incensae
1522 1253 1628 1294 sunt,

138 1330 236 1368 quae
258 1317 416 1357 fuerunt
437 1331 600 1357 numero
628 1314 815 1357 XXXV.
850 1313 989 1370 Itaque
1013 1316 1272 1370 quadraginta
1295 1315 1462 1355 nauibus
1484 1314 1633 1355 immis-

138 1385 192 1425 sis
225 1382 391 1425 Cassius
423 1385 498 1424 sibi
526 1385 610 1438 ipse
642 1398 712 1437 par
743 1383 1018 1424 detrimentum
1059 1389 1176 1435 atque
1209 1380 1375 1423 Caesari
1412 1383 1628 1423 intulisset.

137 1451 414 1493 Animaduerti
436 1453 621 1501 arbitror,
648 1467 733 1492 cum
765 1450 975 1491 Messanae
997 1448 1168 1489 XXXV
1192 1464 1314 1491 naues
1338 1448 1527 1491 Caesaris
1549 1451 1632 1490 fue-

138 1520 233 1568 rint,
258 1522 323 1560 uel
352 1521 523 1560 maxime
553 1520 752 1573 probabile
782 1532 869 1558 esse
892 1519 1056 1557 alteram
1081 1518 1277 1557 dimidiam
1301 1520 1440 1560 classis
1464 1526 1628 1573 partem,

140 1602 238 1640 quae
260 1595 345 1627 erat
368 1586 539 1637 Vibone,
564 1587 825 1640 quadraginta
848 1585 1003 1625 nauium
1028 1586 1164 1625 fuisse.
1215 1585 1352 1639 Itaque
1372 1587 1432 1627 hic
1450 1602 1528 1628 non
1550 1601 1632 1626 ma-

139 1656 199 1708 gis
231 1669 344 1709 quam
369 1656 413 1708 §..
430 1655 457 1696 2
488 1668 694 1696 numerum
727 1654 886 1694 nauium
908 1667 929 1693 a
954 1649 1097 1693 Cassio
1120 1654 1167 1693 ad
1189 1654 1412 1695 incendium
1435 1655 1633 1695 immissa-

138 1738 222 1764 rum
247 1725 483 1765 declaratum
509 1724 656 1778 putaui,
683 1723 753 1763 sed
776 1722 897 1763 uerba
919 1721 1096 1761 ‘circiter
1114 1721 1389 1775 quadraginta'
1408 1730 1496 1775 post
1517 1736 1632 1776 supe-

139 1792 247 1832 riora
280 1792 581 1848 ‘applicatisque
610 1792 757 1832 nostris
787 1792 834 1832 ad
865 1798 1010 1831 terram
1043 1790 1221 1831 nauibus'
1255 1790 1473 1840 collocaui,
1507 1798 1549 1831 ut
1572 1791 1633 1831 liic

140 1860 235 1900 item
258 1867 373 1913 atque
396 1861 430 1913 ἓ.
456 1860 483 1900 2
511 1874 695 1901 numerus
719 1860 876 1900 nauium
893 1856 1227 1899 Caesarianarum
1243 1858 1548 1913 significaretur.
1582 1856 1629 1898 In

138 1929 297 1977 uerbis,
343 1942 441 1981 quae
471 1930 585 1983 paulo
614 1936 704 1968 ante
732 1928 772 1968 in
795 1927 908 1968 codd.
934 1927 1143 1981 leguntur,
1191 1927 1276 1966 ‘sed
1300 1927 1633 1980 opportunissime

143 1997 292 2037 nuntiis
332 1996 460 2037 allatis
492 1997 672 2051 oppidum
705 1996 777 2036 suit
813 1993 1031 2036 defensum'
1067 1993 1295 2048 Maduigius
1327 2008 1462 2048 opusc.
1498 1994 1566 2034 alt.
1593 2008 1630 2047 p.

140 2065 223 2107 222
246 2066 532 2106 demonstrauit
567 2064 666 2104 ‘suit’
692 2064 784 2104 ferri
810 2078 886 2103 non
910 2076 1041 2117 posse.
1076 2060 1164 2116 lpse
1188 2062 1393 2102 delendum
1416 2062 1628 2102 iudicauit:

140 2134 250 2183 mihi,
288 2134 377 2186 quia
406 2134 545 2173 deinde
575 2133 678 2173 aliud
708 2132 927 2172 subiectum
950 2131 1135 2180 infertur,
1162 2130 1400 2184 propabilius
1422 2131 1549 2170 uisum
1573 2136 1635 2170 est

143 2202 339 2256 ‘oppidum
370 2209 403 2241 st
437 2201 658 2241 defensum'
699 2215 720 2240 a
755 2197 931 2240 Caesare
961 2198 1151 2251 scriptum
1173 2198 1319 2248 fuisse,
1365 2213 1417 2238 ex
1439 2212 1514 2252 qua
1536 2198 1635 2239 seri-³

142 2276 252 2323 ptura
277 2270 365 2309 aliis
389 2270 485 2310 loeis
508 2270 601 2310 illud
627 2269 727 2309 ‘fuit'
752 2275 883 2308 natum
909 2281 999 2307 esse
1023 2267 1122 2307 idem
1146 2265 1375 2320 Maduigius
1399 2267 1546 2308 docuit.

255 2336 304 2378 C.
333 2337 429 2388 105,
455 2337 478 2377 5
501 2339 604 2378 inter
626 2337 817 2391 prodigia,
852 2349 950 2388 quae
985 2335 1190 2375 uictoriam
1214 2332 1402 2375 Caesaris
1425 2334 1633 2389 portende-

144 2414 246 2456 rant,
274 2407 345 2447 hoc
368 2408 564 2447 refertur:
593 2405 707 2446 ‘Item
731 2404 931 2445 Trallibus
953 2403 991 2443 in
1016 2403 1161 2457 templo
1184 2402 1391 2444 Victoriae
1407 2434 1416 2452 ,
1442 2403 1506 2443 ubi
1530 2400 1633 2444 Cae-

144 2474 243 2513 saris
273 2482 441 2515 statuam
473 2479 832 2522 consecrauerant,
877 2472 1003 2526 palma
1032 2485 1102 2525 per
1134 2485 1201 2511 eos
1235 2471 1379 2511 diesin
1404 2477 1507 2511 teoto
1529 2471 1634 2511 inter

147 2550 374 2593 coagmenta
404 2543 570 2597 lapidum
605 2556 657 2581 ex
679 2542 904 2594 pauimento
927 2539 1113 2579 extitisse
1137 2539 1446 2581 ostendebatur'.
1484 2538 1632 2579 Verum

146 2607 265 2647 uerba
286 2609 352 2649 illa
376 2610 431 2650 ‘in
454 2610 571 2650 tecto'
595 2611 848 2663 refragantur
869 2606 1130 2648 consentienti
1154 2607 1378 2647 testimonio
1398 2606 1488 2648 Val.
1513 2605 1629 2647 Max.

151 2671 183 2721 Ι,
216 2672 257 2723 6,
284 2675 334 2715 12
356 2685 395 2717 et
424 2676 532 2719 Plut.
559 2676 678 2718 Caes.
702 2676 773 2726 47,
800 2676 864 2729 qui
886 2676 1052 2729 palmam
1077 2674 1147 2714 sub
1171 2682 1300 2716 statua
1326 2673 1516 2715 Caesaris
1540 2687 1632 2714 ena-

148 2747 225 2779 tam
249 2755 335 2783 esse
357 2747 549 2786 referunt.
584 2745 724 2799 Itaque
746 2759 824 2785 non
838 2751 1005 2798 possunt
1023 2743 1118 2784 haec
1132 2757 1178 2783 eo
1196 2743 1365 2793 defendi,
1392 2743 1491 2796 quod
1515 2742 1631 2782 etiam

152 2815 253 2848 tecta
286 2812 440 2863 pauisse
470 2815 651 2868 antiquos
683 2814 845 2863 scimus,
880 2813 918 2853 id
947 2811 1049 2865 quod
1082 2812 1128 2851 de
1150 2810 1436 2851 Alexandrinis
1459 2808 1562 2849 Hirt.
1589 2809 1629 2848 h.

148 2875 272 2917 Alex.
299 2877 338 2927 1,
363 2878 387 2919 3
407 2881 544 2923 refert.
577 2881 717 2924 Potius
748 2881 871 2922 Hirtii
902 2880 1024 2921 uerba
1059 2883 1259 2931 ‘tectaque
1288 2885 1380 2918 sunt
1401 2877 1541 2918 rudere
1564 2883 1632 2916 aut
