1835 3240
76 161 158 203 530
636 156 710 199 DE
742 155 930 199 BELLO
963 154 1137 198 CIVlLl

108 273 135 314 6
156 274 204 314 ad
227 270 455 314 Caesarem.
498 271 656 312 Afranii
686 272 802 311 etiam
835 270 937 310 filius
967 269 1197 309 adulescens
1231 269 1277 310 de
1299 283 1369 310 sua
1392 283 1437 309 ac
1460 268 1633 323 parentis

109 341 135 382 7
157 342 218 382 sui
240 341 366 381 salute
388 354 472 380 cuni
497 337 672 379 Caesare
694 352 764 391 per
788 336 1002 391 Sulpicium
1026 337 1196 390 legatum
1217 336 1372 390 agebat.
1403 335 1533 377 Erant
1554 337 1632 390 plc-

157 423 206 449 na
228 408 377 449 laetitia
393 414 431 448 et
451 406 712 459 gratulatione
725 405 870 454 omnia,
895 419 1045 453 eorum,
1070 404 1133 457 qui
1158 410 1260 444 tanta
1280 404 1452 457 pericula
1466 404 1630 453 uitassc,

158 483 199 516 et
219 490 352 516 eorum
369 505 379 523 ,
405 475 467 526 qui
492 473 575 512 sine
599 473 763 512 uulnere
787 480 916 512 tantas
938 485 1002 512 res
1024 471 1243 511 confecisse
1265 471 1520 521 uidebantur,
1554 486 1635 511 ma-

157 556 353 597 gnumque
386 543 553 580 fructum
584 554 678 580 suae
710 540 898 593 pristinae
926 539 1099 578 lenitatis
1122 538 1291 578 omnium
1314 538 1457 578 iudicio
1482 538 1634 579 Caesar

83 612 138 655 75
160 611 332 657 ferebat,
368 608 650 660 consiliumque
684 608 768 647 eius
797 621 817 647 a
842 607 993 647 cunctis
1023 606 1275 660 probabatur.
1339 602 1489 657 Quibus
1519 606 1637 646 rebus

160 677 350 718 nuntiatis
371 675 539 715 Afranio
569 675 616 714 ab
647 675 825 715 instituto
855 688 973 728 opere
995 674 1161 714 discedit
1181 687 1300 725 seque
1322 672 1363 712 in
1386 680 1514 712 castra
1535 674 1636 713 reci-

160 746 228 799 pit,
254 744 311 784 sic
323 750 498 796 paratus,
523 742 801 791 utuidebatur,
828 750 884 791 ut,
909 742 1140 794 quicumque
1162 740 1514 790 accidissetcasus,
1538 740 1637 780 hunc

111 813 138 853 2
161 813 292 868 quieto
314 818 354 851 et
375 824 499 863 aequo
521 810 651 850 animo
675 810 809 849 ferret.
835 808 1018 849 Petreius
1042 822 1137 848 uero
1161 822 1239 847 non
1261 808 1408 847 deserit
1430 821 1536 847 sese.
1561 808 1638 847 Ar-

159 886 242 919 mat
263 877 472 918 familiam:
506 891 592 917 cum
624 877 696 916 hac
719 884 757 917 et
780 877 976 930 praetoria
1000 875 1159 916 cohorte
1182 882 1421 915 cetratorum
1444 874 1641 914 barbaris-

160 961 233 1000 que
256 946 450 999 equitibus
472 945 619 999 paucis,
644 944 904 984 beneficiariis
927 945 1008 985 suis
1027 974 1037 994 ,
1062 958 1159 999 quos
1182 957 1275 983 suae
1299 943 1501 982 custodiae
1522 955 1641 982 causa

160 1014 304 1054 habere
328 1020 554 1062 consuerat,
579 1013 793 1066 improuiso
816 1012 861 1052 ad
884 1012 1026 1052 uallum
1050 1011 1224 1060 aduolat,
1249 1010 1454 1062 conloquia
1477 1009 1640 1050 militum

160 1081 434 1135 interrumpit,
470 1088 627 1120 nostros
649 1080 805 1134 repellit
826 1094 848 1120 a
871 1080 1037 1129 castris,
1074 1092 1170 1131 qnos
1204 1078 1408 1131 deprendit
1437 1076 1637 1117 interficit.

114 1150 138 1191 3
160 1149 317 1202 Reliqui
341 1154 485 1188 co'c'unt
505 1149 609 1188 inter
629 1162 673 1188 se
695 1155 733 1188 et
753 1148 961 1201 repentino
985 1146 1157 1200 periculo
1181 1145 1363 1186 exterriti
1385 1144 1565 1185 sinistras
1578 1157 1641 1184 sa-

163 1219 223 1272 gis
245 1217 452 1257 inuoluunt
481 1217 708 1269 gladiosque
732 1215 981 1266 destringunt
1002 1222 1117 1266 atque
1138 1213 1193 1252 ita
1215 1226 1257 1252 se
1280 1226 1302 1252 a
1323 1213 1484 1252 cetratis
1506 1211 1643 1264 equiti-

162 1287 312 1337 busque
335 1284 548 1323 defendunt
577 1290 797 1322 castrorum
833 1281 1121 1335 propinquitate
1153 1280 1289 1320 conlisi
1311 1293 1431 1332 seque
1451 1279 1491 1318 in
1514 1285 1644 1319 castra

162 1352 357 1405 recipiunt
379 1357 417 1390 et
438 1350 484 1390 ab
508 1350 555 1389 iis
578 1350 831 1399 cohortibus,
869 1362 968 1402 quae
997 1355 1110 1388 eraut
1139 1348 1179 1388 in
1210 1348 1380 1388 statione
1412 1347 1460 1387 ad
1490 1353 1642 1400 portas,

85 1420 142 1465 76
167 1419 444 1460 defenduntur.
488 1415 641 1469 Quibus
663 1417 782 1458 rebus
804 1417 994 1457 confectis
1018 1416 1113 1456 flens
1124 1413 1308 1455 Petreius
1329 1414 1547 1468 manipulos
1569 1414 1644 1453 cir-

163 1487 283 1528 cumit
295 1486 516 1538 militesque
538 1485 709 1539 appellat
722 1499 798 1525 neu
811 1498 854 1525 se
868 1498 943 1524 neu
956 1482 1198 1537 Pompeium,
1224 1483 1499 1536 imperatorem
1513 1495 1642 1531 suum,

164 1553 405 1595 aduersariis
427 1554 474 1593 ad
497 1553 728 1607 supplicium
751 1553 923 1603 tradant,
950 1552 1146 1592 obsecrat.
1184 1549 1251 1590 Fit
1273 1550 1460 1590 celeriter
1481 1562 1646 1590 concur-

116 1623 142 1663 2
165 1636 232 1663 sus
254 1622 291 1661 in
315 1621 568 1675 praetorium.
603 1619 802 1671 Postulat,
826 1627 870 1661 ut
890 1620 1019 1660 iurent
1041 1633 1176 1660 omnes
1199 1632 1242 1659 se
1265 1618 1484 1659 exercitum
1507 1617 1646 1657 duces-

166 1703 240 1743 que
263 1703 338 1729 non
363 1690 590 1729 deserturos
622 1702 749 1741 neque
781 1688 1004 1741 prodituros
1037 1699 1162 1739 neque
1185 1685 1257 1725 sibi
1279 1685 1488 1739 separatim
1512 1698 1534 1724 a
1553 1684 1647 1724 reli-

118 1758 142 1798 3
166 1758 251 1810 quis
274 1757 478 1797 consilium
503 1762 700 1808 capturos.
744 1754 935 1809 Princeps
957 1755 996 1794 in
1019 1755 1114 1795 haec
1138 1753 1258 1793 uerba
1279 1754 1378 1793 iurat
1401 1753 1511 1806 ipse,
1544 1751 1644 1792 idem

164 1825 431 1865 iusiurandum
455 1822 797 1877 adigitAfranium
817 1841 825 1862 :
851 1821 1302 1875 subsequunturtribuui
1324 1820 1488 1860 militum
1511 1826 1647 1859 centu-

120 1893 143 1933 4
166 1892 404 1944 rioncsque,
430 1891 679 1931 centuriatim
703 1890 881 1943 producti
904 1890 1045 1930 milites
1067 1890 1168 1929 idem
1190 1889 1338 1928 iurant.
1372 1887 1560 1935 Edicunt,
1585 1899 1650 1940 pe-

166 1973 238 2000 nes
260 1973 373 2012 quem
396 1959 556 2011 quisque
579 1955 829 1998 sitCaesaris
852 1958 977 2007 miles,
1004 1964 1047 1997 ut
1069 1957 1325 2010 producatur:
1352 1955 1561 2008 productos
1584 1967 1650 2007 pa·

167 2028 243 2067 lam
265 2028 304 2066 in
327 2026 524 2080 praetorio
546 2026 798 2065 interficiunt.
832 2022 910 2065 Sed
933 2026 1139 2078 plerosque
1161 2025 1204 2072 ii,
1230 2024 1293 2076 qui
1315 2029 1563 2076 receperant,
1588 2035 1650 2061 ce-

122 2094 147 2136 5
169 2095 253 2141 lant
273 2101 467 2147 noctuque
498 2107 566 2147 per
596 2093 737 2133 uallum
774 2093 969 2132 emittunt.
1027 2091 1094 2133 Sic
1116 2099 1270 2132 terrore
1292 2091 1422 2130 oblato
1442 2105 1464 2130 a
1488 2089 1649 2129 ducibus

169 2162 380 2202 crudelitas
411 2162 452 2201 in
474 2161 688 2215 supplicio,
724 2175 826 2201 noua
855 2161 994 2214 religio
1025 2159 1279 2200 iurisiurandi
1301 2171 1407 2211 spem
1431 2156 1650 2210 praesentis

172 2229 382 2269 deditionis
414 2229 575 2269 sustulit
605 2235 836 2282 mentesque
868 2228 1029 2268 militum
1064 2226 1263 2266 conuertit
1284 2232 1323 2265 et
1344 2239 1427 2265 rem
1450 2225 1497 2264 ad
1522 2223 1651 2277 pristi-

95 2298 151 2342 77
174 2310 261 2336 nam
284 2296 376 2336 belli
399 2297 590 2336 rationem
614 2297 780 2351 redegit.
826 2294 981 2336 Caesar
1002 2295 1066 2348 qui
1097 2294 1241 2334 milites
1274 2291 1590 2333 aduersariorum
1610 2291 1652 2330 in

171 2371 299 2405 castra
322 2378 391 2418 per
413 2372 563 2419 tempus
587 2364 768 2418 colloquii
803 2370 994 2404 uenerant
1022 2375 1174 2403 summa
1195 2360 1393 2415 diligentia
1415 2359 1591 2412 conquiri
1613 2365 1653 2397 et

318 2483 332 2516 1
353 2484 556 2516 adulescens
575 2495 609 2516 α.
748 2484 769 2517 2
788 2485 839 2516 sui
858 2494 927 2516 om.
948 2485 979 2515 b.
1119 2482 1300 2524 Sulpitium
1318 2491 1351 2513 α.
1494 2481 1511 2512 5
1531 2479 1653 2511 lenita·

173 2535 218 2567 tis
235 2544 302 2566 om.
326 2535 356 2565 b.
498 2536 518 2567 8
537 2536 728 2577 quicunque
748 2534 814 2575 (α).
966 2534 1007 2566 10
1027 2534 1230 2575 praetoriam
1251 2533 1424 2564 cohortem
1443 2541 1463 2562 a
1477 2532 1509 2563 b.

176 2587 217 2620 12
235 2585 415 2626 conloquia
433 2595 466 2615 a.
610 2585 650 2617 13
670 2595 688 2615 a
706 2595 739 2625 a,
761 2595 799 2617 ac
820 2585 917 2616 ‘ln-38.
937 2584 967 2616 4'
987 2584 1026 2625 (i.
1041 2594 1070 2615 e.
1085 2593 1104 2614 a
1122 2594 1168 2623 c.‚
1189 2581 1393 2623 nisallor),·
1414 2582 1453 2612 ab
1473 2592 1509 2613 u.

175 2636 355 2679 deprendit
373 2646 406 2675 α,
428 2646 493 2667 non
514 2636 750 2677 deprehendit.
911 2636 948 2668 17
969 2634 1010 2666 ab
1030 2634 1080 2665 liis
1099 2644 1133 2665 α.
1290 2632 1457 2664 stationes
1475 2643 1510 2664 α.

178 2688 219 2720 18
237 2687 394 2719 circumit
410 2697 430 2718 a
449 2687 469 2720 2
488 2687 590 2726 dett„
612 2686 790 2717 circuitu.
957 2684 994 2717 19
1014 2684 1206 2726 Pompeium
1225 2694 1244 2714 a
1261 2684 1298 2722 b,
1320 2682 1514 2725 Pompeium
1533 2682 1654 2714 absen-

177 2745 243 2770 tem
262 2749 298 2769 ιι.
453 2738 492 2772 21
515 2737 690 2780 postulant
708 2738 810 2769 codd.
987 2736 1113 2779 iurent]
1134 2736 1292 2768 uenirent
1307 2746 1327 2766 a
1350 2738 1442 2767 ‘msa
1465 2734 1510 2769 2'.

176 2789 218 2821 26
238 2789 283 2820 sit
301 2798 368 2819 om.
391 2788 422 2819 b.
562 2787 603 2819 27
626 2787 661 2818 ·it
680 2787 737 2818 uel
754 2788 785 2818 hi
806 2788 823 2818 b
836 2786 874 2827 ε’,
898 2787 929 2818 hi
949 2787 998 2827 (a)
1014 2797 1046 2818 ιι.
1194 2787 1236 2821 28
1255 2791 1386 2818 terrore
1405 2787 1520 2818 oblato
1538 2797 1587 2819 ac
1605 2790 1650 2828 et,

178 2843 240 2881 qui
256 2840 388 2881 ablato,
411 2840 449 2880 b,
470 2844 579 2871 terror
597 2838 730 2869 oblatus
751 2848 783 2869 u.

1675 882 1713 914 10

1676 1218 1715 1250 15

1676 1554 1719 1590 20

1680 1892 1723 1925 25

1682 2229 1723 2262 30
