1835 3240
615 178 908 235 ΡΟΕΜΑΤΑ.
946 188 1207 231 INCERTA
1643 191 1727 234 785

278 305 444 347 Nonius
457 320 505 360 p.
533 304 614 346 198
636 305 724 346 M.:
761 304 873 347 Cinis
896 304 1082 345 feminino
1104 303 1206 357 apud
1229 301 1445 344 Caesarem
1468 313 1506 345 et
1530 303 1653 346 Catu-

166 374 242 414 lum
267 380 306 414 et
329 371 496 414 Caluum
518 373 660 414 lectum
684 381 758 424 est,
783 387 944 426 quorum
970 371 1128 412 uacillat
1149 370 1380 411 auctoritas.

279 440 417 495 Caper
429 456 477 496 p.
493 441 605 482 2244
617 441 664 481 Ρ.
684 457 693 480 :
727 439 873 480 Lutum
896 447 1012 493 alque
1034 439 1240 480 macellum
1261 437 1518 492 singulariter
1541 441 1652 480 exire

161 516 379 560 memento,
404 509 499 549 licet
520 506 730 548 Memmius
752 508 829 548 ista
851 508 1015 548 macella
1035 507 1140 547 dieat
1161 513 1201 547 et
1224 504 1376 547 Caesar
1396 505 1493 545 luta.

307 612 321 645 1
338 610 539 653 Caesarem]
556 611 604 643 ad
621 610 810 643 Strabonis
824 611 1029 652 tragoedias
1040 611 1105 643 lzoe
1116 608 1342 652 referendam
1356 610 1529 650 opinatur
1539 608 1655 652 Meye-

166 675 242 697 rus.
395 665 416 697 2
431 664 652 705 Eoeemplum
669 673 689 694 a
708 662 825 695 ‚Nonio
845 663 1025 694 adiectam.
1044 673 1090 693 ex
1112 662 1226 694 Caluo
1243 663 1398 702 petitam
1418 670 1491 691 esse
1512 660 1653 692 Charis.

157 727 198 758 p.
219 715 261 748 78
277 716 318 747 P.
338 715 574 747 demonstrat.
766 715 787 746 4
804 715 878 746 Hoc
896 715 966 746 alii
981 714 1028 746 aa
1045 715 1155 746 libros
1174 715 1213 746 de
1232 714 1404 754 analogia
1422 713 1654 753 retulerunt,-

162 766 328 810 Meyorus
338 769 377 798 in
391 766 584 798 Strabonis
597 765 795 807 tragoediis
804 767 965 807 positam
973 766 1096 807 fais-se
1109 766 1235 806 eredit,
1252 768 1368 797 neseio
1381 775 1458 805 eur,
1470 766 1657 807 nisisorte

163 818 234 850 luta
254 819 463 860 tragoediae
478 820 710 860 potissimam
729 820 815 858 apta
835 817 1022 850 iudicauit.
1049 817 1145 850 Nam
1165 818 1355 849 dictatoris
1367 819 1426 857 sit,
1443 827 1506 859 ego
1519 828 1658 859 qaoque

164 868 300 909 dubito,
322 880 413 910 cum,
435 872 501 911 qui
516 870 664 901 harenas
682 870 812 900 vitiose
831 869 904 900 diei
921 871 1154 900 eoeisie‘mauit
1172 869 1227 910 (p.
1243 869 1320 909 755,
1334 870 1381 908 4),
1398 878 1467 899 non
1487 868 1656 900 uideatur

161 921 234 953 luta
251 921 473 962 probaaisse.
499 920 641 953 Nonias
655 930 694 961 p.
716 920 781 951 212
799 919 847 951 M.
868 930 914 950 ea·
935 920 1119 952 Ciceronis
1149 919 1310 961 epistolis
1328 920 1376 950 ad
1391 920 1552 951 Hirtium
1571 920 1659 951 liaeo

154 974 318 1015 profert:
337 973 410 1004 luta
428 978 463 1005 et
481 973 597 1005 limum
617 971 839 1013 aggerebant,
856 973 1132 1013 etpolestfieri,
1145 975 1189 1002 ut
1202 972 1318 1013 Caper
1333 972 1523 1003 Caesarem
1539 982 1659 1003 errore

163 1028 517 1066 commemor-auara,
540 1027 612 1056 nisi
626 1026 730 1066 sorte
749 1025 837 1055 lzaee
856 1024 985 1061 uerba,
1005 1034 1096 1065 quae
1109 1027 1233 1066 potius
1252 1024 1295 1054 ab
1314 1026 1373 1063 iis,
1395 1026 1459 1065 qai
1476 1024 1658 1056 Mutinam

161 1076 384 1113 obsidebant,
402 1079 544 1118 scripta
562 1076 746 1115 uidentur,
769 1085 816 1105 ea)
833 1074 987 1116 epistola
1005 1075 1122 1106 Hirtii
1137 1078 1225 1106 sunt
1242 1075 1309 1114 uel,
1330 1076 1364 1105 si
1377 1075 1495 1116 Capro
1513 1075 1656 1117 aliquid

160 1128 518 1169 tribuendumputas,
537 1127 706 1159 Caesaris
719 1126 916 1158 Octaviani
927 1126 1173 1158 Ciceronianis
1186 1126 1401 1158 adHirtiam
1416 1128 1633 1167 interposita
1646 1140 1656 1158 .-

157 1191 240 1212 nam
253 1181 349 1223 qaod
359 1181 407 1212 ad
419 1181 657 1212 Octauianam
670 1188 808 1220 qaoque
823 1180 1007 1210 Ciceronis
1021 1179 1194 1220 epistolae
1205 1181 1320 1218 erant,
1336 1188 1404 1218 qao
1415 1180 1535 1209 minus
1548 1188 1657 1209 anam

159 1236 195 1264 et
211 1232 369 1264 alteram
389 1231 490 1263 illias
509 1233 545 1261 in
563 1231 736 1262 Hirtiano
755 1239 901 1270 corpore
915 1233 1074 1271 positam
1085 1231 1208 1272 faisse
1227 1229 1436 1269 credamus,
1458 1239 1566 1261 eausa
1587 1240 1656 1261 non

159 1288 224 1316 est.
367 1284 427 1315 Ea?
446 1286 504 1321 iis,
519 1293 611 1325 qaae
630 1285 725 1313 inter
741 1281 906 1313 Caesaris
916 1283 1135 1324 fragmenta
1153 1282 1391 1323 ponebantur,
1407 1284 1441 1312 et
1458 1281 1534 1312 alia
1553 1291 1658 1323 qnae-

160 1335 241 1366 dam
261 1335 412 1374 eoeelasi,
427 1334 468 1366 a’e
485 1335 613 1376 quibas
632 1332 748 1364 dicere
768 1342 906 1363 neeesse
924 1343 991 1364 non
1012 1336 1077 1372 est,
1099 1336 1134 1363 et
1150 1333 1246 1363 haec.
1278 1332 1372 1373 Quae
1389 1332 1490 1373 apud
1501 1332 1658 1364 Priscia-

158 1397 242 1418 nam
262 1386 435 1427 legantur
449 1397 486 1427 p.
508 1386 571 1418 719
589 1385 629 1416 Ρ.
651 1384 741 1425 (Ip.
762 1384 827 1417 278
845 1384 956 1425 Hr.).·
981 1384 1112 1416 Caesar
1129 1385 1161 1416 in
1182 1384 1428 1424 auguralibus:
1453 1385 1498 1416 ‘Si
1519 1385 1657 1416 sincera

159 1447 261 1479 pecus
286 1438 371 1469 erat'
393 1436 498 1468 Laeli
510 1437 678 1469 Caesaris
699 1444 770 1465 esse
788 1439 944 1475 apparet
959 1446 1004 1467 eac
1023 1436 1139 1468 eodem
1152 1436 1342 1468 Pre'seiano
1358 1446 1395 1476 μ.
1412 1434 1473 1466 791
1496 1435 1529 1476 (I
1541 1446 1577 1476 p.
1591 1435 1657 1468 368

160 1490 265 1531 Isr.).·
284 1490 324 1522 L.
345 1489 494 1522 Caesar:
518 1488 723 1529 ‘certaeque
749 1496 804 1518 res
831 1488 1054 1527 augurantur'
1080 1483 1426 1530 οἰωνοσκοποῦνται;
1448 1489 1482 1517 et
1500 1486 1658 1518 eiusdem

157 1542 268 1574 Lucii
278 1541 447 1574 Caesaris
465 1552 549 1581 esse,
566 1550 655 1581 qaae
669 1537 874 1569 Macrobius
890 1540 1038 1580 profert
1048 1539 1126 1570 Sat.
1142 1539 1170 1578 I,
1189 1538 1227 1570 16
1244 1550 1251 1568 :
1275 1537 1378 1569 [nlius
1392 1537 1525 1569 Caesar·
1543 1542 1658 1570 sexto-

126 1595 129 1601 '
160 1594 292 1626 decimo
312 1593 543 1635 auspiciorum
563 1592 648 1623 libro
665 1598 766 1632 negat
780 1592 937 1625 nundinis
952 1591 1145 1623 contionem
1161 1589 1321 1621 aduocari
1336 1600 1450 1631 posse,
1466 1589 1499 1620 id
1513 1593 1567 1620 est
1580 1599 1656 1621 eum

159 1647 281 1689 populo
308 1647 385 1688 agi,
411 1647 555 1687 ideoque
586 1646 746 1677 nundinis
765 1645 993 1677 Romanorum
1013 1642 1132 1674 haberi
1152 1641 1290 1673 comitia
1311 1651 1372 1671 non
1392 1651 1506 1682 posse,
1526 1641 1655 1672 Festus

159 1698 320 1731 ostendit
334 1709 369 1740 p.
387 1699 462 1736 161,
485 1697 526 1729 30
546 1696 652 1728 Miill.
670 1710 680 1728 .·
707 1696 870 1729 Maiorem
890 1695 1064 1728 consulem
1084 1693 1125 1725 L.
1140 1693 1270 1725 Caesar·
1288 1698 1386 1736 putat
1406 1693 1473 1724 dici
1494 1693 1550 1725 uel
1568 1703 1654 1733 eum,

156 1758 261 1790 penes
281 1759 377 1791 quem
397 1749 511 1780 fasces
531 1747 682 1787 sint‚ue1
701 1758 789 1788 eum,
806 1748 859 1789 qui
880 1747 973 1789 prior
992 1745 1103 1776 faetus
1122 1744 1187 1784 sit;
1203 1748 1395 1785 praetorem
1416 1749 1529 1775 autem
1549 1745 1655 1776 maio-

156 1809 226 1831 rem
245 1800 423 1840 urbanum,
439 1800 588 1831 minores
607 1805 754 1830 ceteros.
775 1799 913 1831 Neuter
930 1801 1049 1829 autem
1069 1796 1160 1827 liber
1177 1795 1381 1827 aSaetonio
1401 1807 1656 1829 commemora-

159 1856 228 1894 tur,
250 1864 364 1895 quem,
387 1863 466 1884 eam
484 1852 763 1893 diligentissime
781 1852 822 1883 de
839 1851 1005 1883 Caesaris
1023 1850 1172 1889 seriptis
1190 1848 1340 1889 reserat,
1357 1851 1411 1879 tot
1428 1848 1655 1880 uoluminum

156 1907 373 1936 mentionem
392 1906 554 1937 omisisse
575 1903 784 1934 incredibile
803 1906 876 1934 est.-
895 1911 976 1932 nam
995 1899 1090 1942 qaod
1103 1899 1235 1931 librum
1253 1899 1292 1930 de
1307 1899 1410 1930 astris
1424 1910 1490 1931 non
1506 1911 1654 1932 comme-

154 1958 334 1996 morauit,
354 1955 500 1988 uidetur
518 1956 548 1985 is
566 1955 652 1984 item
671 1956 712 1984 at
734 1953 933 1984 Ptolemaei
949 1950 989 1982 ae
1008 1952 1233 1992 appareniiis
1251 1953 1288 1981 et
1303 1960 1394 1991 qnae
1411 1950 1564 1982 Ioannes
1582 1951 1654 1993 Ly-

159 2007 225 2039 das
243 2007 284 2039 de
303 2010 434 2039 ostent.
450 2016 489 2047 p.
511 2005 576 2037 357
594 2002 706 2036 Belck.
727 2015 764 2035 se
782 2014 828 2034 ea:
850 2002 977 2035 Clodio
1001 2000 1111 2032 Tusco
1129 2003 1284 2032 uertisse
1301 2002 1590 2042 aſjirmatsastis
1607 2004 1655 2034 si-

156 2059 392 2101 milisfaisse.
408 2057 571 2099 Ineptum
581 2057 804 2096 epigramma
817 2052 933 2084 Thrax
944 2063 1028 2094 puer
1039 2053 1182 2083 astricto
1195 2051 1334 2092 (Barm.
1351 2052 1490 2083 anilzol.
1504 2052 1583 2092 llp.
1594 2052 1652 2091 152)

161 2112 316 2144 Caesare
335 2111 525 2151 indignum
547 2108 719 2139 iadieaai.
751 2107 845 2148 Quae
864 2116 948 2137 nero
966 2105 1062 2147 apud
1080 2105 1181 2136 Sera.
1197 2104 1244 2136 ad
1261 2105 1368 2146 Verg.
1384 2106 1474 2136 Aen.
1488 2106 1515 2146 J,
1529 2106 1595 2139 207
1614 2109 1651 2138 in

156 2162 334 2196 Faldensi
350 2162 468 2194 codiee
488 2160 679 2201 leguntur.-
714 2158 837 2189 Oeciso
858 2156 1030 2188 Mezentio
1049 2156 1233 2187 Ascanium
1247 2181 1256 2195 ,
1285 2156 1374 2186 sicut
1394 2155 1501 2188 Iulius
1523 2156 1652 2189 Caesar

157 2214 289 2253 scribit,
304 2213 413 2246 Iulum
432 2217 589 2254 coeptum
607 2210 724 2242 uocari
744 2211 799 2241 uel
819 2209 916 2251 quasi
937 2203 1082 2251 ἰοβόλον
1100 2208 1132 2239 id
1152 2212 1206 2239 est
1225 2208 1412 2248 sagittandi
1432 2209 1576 2251 peritum
1596 2210 1653 2242 uel

156 2276 174 2298 a
193 2267 302 2308 prima
320 2265 446 2297 barbae
466 2262 640 2302 lanugine,
652 2270 749 2303 quain
762 2256 880 2291 ἴουλον
893 2258 1016 2290 Graeci
1030 2259 1158 2298 dieunt,
1172 2268 1257 2300 quae
1271 2259 1301 2290 ei
1316 2264 1466 2301 tempore
1482 2261 1650 2293 uictoriae

157 2317 375 2355 nascebatur,
391 2316 476 2346 haee
495 2314 579 2354 quin
594 2311 820 2353 impacienter
830 2311 982 2349 conficta
994 2312 1082 2350 sint,
1095 2320 1162 2341 non
1177 2309 1312 2350 (labile,
1328 2320 1396 2341 non
1412 2312 1530 2342 minus
1543 2322 1650 2352 qaam

157 2368 221 2400 illa
237 2368 278 2400 de
297 2365 581 2409 ephemeridibus
600 2364 650 2405 (p.
672 2363 703 2403 5)
723 2365 789 2393 aut
805 2360 899 2403 qaod
915 2364 1044 2393 (laetor
1062 2361 1150 2392 libri
1166 2360 1207 2391 (Ie
1229 2363 1369 2402 origine
1385 2364 1506 2403 gentis
1525 2361 1650 2393 Homa-

157 2430 223 2451 nae
243 2420 408 2462 plaribas
427 2418 514 2450 loeis
533 2426 610 2447 eum
629 2414 787 2446 aliorum
805 2416 879 2444 tam
900 2413 1063 2445 Caesaris
1083 2414 1286 2444 testimonio
1305 2414 1445 2452 utitur,
1466 2415 1539 2444 nisi
1555 2413 1650 2455 qaod

157 2472 244 2502 haee
261 2471 449 2513 aliquanto
466 2469 670 2502 recentiora
688 2467 871 2498 uidentur.

180 2935 301 2970 Caesar,
316 2934 362 2963 ed.
378 2933 520 2971 Nipperd.
1362 2918 1417 2960 50
