1835 3240
117 192 198 234 724
633 188 801 230 BELLl
834 187 1231 230 HISPANIENSIS

148 305 173 344 3
195 310 298 344 sunt.
343 301 449 343 Idem
472 303 657 356 temporis
679 302 779 355 capti
803 300 1012 351 tabellarii,
1037 301 1103 354 qui
1124 316 1148 342 a
1169 299 1353 343 Corduba
1374 302 1421 343 ad
1442 302 1671 359 Pompeium

196 371 306 412 missi
338 377 452 411 erant
482 382 763 425 perperamque
785 369 832 408 ad
854 375 990 409 nostra
1013 376 1142 410 castra
1164 377 1450 423 peruenerant,
1483 372 1670 426 praecisis

147 438 174 479 4
194 438 371 479 manibus
403 438 511 478 missi
544 443 635 476 sunt
667 436 774 476 facti.
816 434 907 476 Pari
940 436 1226 477 consuetudine
1256 437 1391 490 uigilia
1419 440 1589 480 secunda
1620 453 1671 480 ex

194 506 334 560 oppido
356 507 486 559 ignem
508 504 667 544 multum
690 503 932 556 telorumque
952 505 1239 545 multitudinem
1260 504 1443 544 iactando
1464 505 1562 547 bene
1590 520 1671 547 ma-

194 588 312 628 gnum
331 581 480 626 tempus
509 579 838 625 consumpserunt
864 573 1161 626 compluresque
1178 572 1405 612 uulneribus
1423 573 1664 613 adfecerunt.

146 642 171 682 5
192 641 416 684 Praeterito
449 646 625 693 tempore
657 639 784 680 noctis
817 639 1060 693 eruptionem
1095 641 1142 680 ad
1174 640 1369 693 legionem
1401 646 1446 679 V1
1477 641 1669 691 fecerunt,

194 724 280 750 cum
302 710 341 748 in
363 721 479 761 opere
503 708 627 747 nostri
651 707 808 748 distenti
832 715 981 759 essent,
1006 709 1227 761 acriterque
1241 722 1416 762 pugnare
1432 715 1668 762 coeperunt3

193 790 355 830 quorum
378 775 437 815 uis
461 789 643 828 repressa
666 790 688 816 a
711 776 884 825 nostris,
910 775 984 815 etsi
1004 776 1184 829 oppidani
1205 776 1409 830 superiore
1431 776 1518 816 loco
1541 776 1674 815 defen·

143 844 170 885 6
192 844 395 884 debantur.
448 842 500 882 Hi
531 857 617 883 cum
650 843 893 897 eruptionem
923 844 1056 883 facere
1088 843 1333 897 coepissent,
1367 851 1499 884 tamen
1529 843 1673 884 uirtute

191 912 356 952 militum
378 917 626 960 nostrorum,
663 911 766 965 [qui]
791 911 865 951 etsi
887 911 1075 951 inferiore
1096 911 1183 951 loco
1206 911 1508 965 premebantur,
1542 917 1674 951 tamen
1708 918 1746 951 10

190 979 337 1033 repulsi
370 978 586 1019 aduersarii
617 978 716 1019 bene
748 978 878 1018 multis
911 979 1138 1019 uulneribus
1169 979 1312 1020 adfecti
1344 979 1384 1019 in
1419 979 1599 1033 oppidum
1630 992 1673 1019 se

114 1046 169 1092 13
192 1046 456 1087 contulerunt.
502 1044 669 1087 Postero
692 1046 753 1086 die
776 1044 984 1100 Pompeius
1007 1061 1059 1087 ex
1080 1047 1222 1087 castris
1245 1047 1327 1087 suis
1348 1047 1550 1087 brachium
1582 1059 1671 1086 coc-

191 1115 246 1168 pit
276 1115 324 1154 ad
356 1114 499 1154 [lumen
531 1111 714 1166 Salsu1113
758 1121 798 1154 et
827 1128 911 1154 cum
943 1114 1067 1154 nostri
1103 1114 1254 1167 equites
1286 1114 1400 1168 pauci
1429 1114 1469 1154 in
1502 1115 1672 1154 statione

191 1182 357 1222 fuissent
379 1196 400 1222 a
424 1182 598 1236 pluribus
620 1181 782 1235 reperti,
808 1182 854 1221 de
876 1181 1046 1221 statione
1067 1189 1159 1222 sunt
1189 1182 1330 1222 deiecti
1360 1189 1398 1221 et
1429 1181 1549 1222 occisi
1570 1188 1670 1221 tres.

141 1250 168 1289 2
188 1249 250 1290 Eo
282 1251 344 1290 die
372 1249 498 1289 Aulus
534 1248 721 1303 Valgius,
761 1249 958 1289 senatoris
990 1248 1117 1298 filius,
1161 1249 1272 1289 cuius
1307 1250 1429 1289 frater
1459 1248 1501 1288 in
1532 1248 1674 1289 castris
1708 1255 1747 1288 15

188 1316 351 1371 Pompei
383 1317 543 1366 fuisset,
578 1316 757 1356 omnibus
789 1316 871 1356 suis
901 1316 1019 1357 rebus
1050 1316 1202 1357 relictis
1225 1331 1364 1371 equum
1386 1315 1614 1356 conscendit
1635 1323 1676 1356 et

141 1385 165 1426 3
189 1385 301 1438 sugit.
347 1382 582 1438 Speculator
612 1384 658 1424 de
690 1383 844 1437 legione
877 1391 905 1423 ΙΙ
935 1382 1173 1438 Pompeiana
1203 1391 1339 1439 captus
1369 1398 1393 1425 a
1424 1383 1611 1424 militibus
1633 1391 1673 1424 et

187 1453 421 1492 interfectus
455 1459 539 1502 est,
573 1451 752 1505 idemque
786 1452 970 1505 temporis
993 1452 1105 1506 glans
1128 1453 1249 1493 missa
1270 1460 1332 1494 est
1351 1452 1560 1506 inscripta:
1595 1465 1670 1504 quo

189 1521 250 1561 die
272 1521 319 1561 ad
342 1520 523 1574 oppidum
545 1519 774 1573 capiendum
797 1520 1055 1571 accederent,
1088 1535 1130 1562 se
1153 1528 1304 1562 scutum
1326 1534 1416 1562 esse
1437 1521 1669 1575 positurum.

139 1587 165 1628 4
188 1586 276 1641 Qua
299 1602 367 1642 spe
390 1587 591 1637 nonnulli,
625 1587 713 1628 dum
745 1587 831 1629 sine
862 1588 1038 1642 periculo
1061 1603 1212 1630 murum
1235 1589 1449 1630 ascendere
1473 1596 1513 1629 et
1534 1588 1672 1643 oppido
1702 1594 1746 1629 20

187 1656 304 1710 potiri
326 1669 442 1710 posse
465 1669 508 1696 se
530 1663 716 1709 sperant,
750 1663 912 1709 postero
935 1657 995 1697 die
1017 1658 1065 1698 ad
1086 1671 1239 1698 murum
1261 1671 1357 1712 opus
1379 1658 1512 1698 facere
1533 1670 1671 1710 coepe-

140 1725 164 1766 5
186 1731 280 1765 runt
300 1731 340 1764 et
360 1723 460 1764 bene
480 1738 622 1778 magna
643 1724 787 1778 prioris
810 1725 910 1765 muri
933 1732 1042 1778 parte
1064 1726 1217 1766 deiecta
1241 1755 1438 1766 ......
1465 1723 1553 1777 Quo
1571 1725 1673 1764 facto

186 1791 234 1832 ab
256 1792 486 1845 oppidanis,
521 1806 566 1832 ac
599 1792 634 1832 si
663 1806 822 1833 suarum
853 1793 1019 1846 partium
1042 1800 1193 1843 essent,
1218 1793 1446 1833 conseruati
1469 1821 1669 1832 ......

185 1860 329 1900 missos
360 1861 491 1900 facere
523 1859 734 1910 loricatos,
770 1860 834 1912 qui
867 1860 1051 1914 praesidii
1082 1874 1203 1901 causa
1237 1860 1447 1915 praepositi
1479 1859 1618 1914 oppido
1647 1872 1670 1898 a

186 1926 374 1981 Pompeio
396 1934 546 1977 essent,
572 1927 751 1967 orabant.
797 1925 949 1980 Quibus
971 1928 1172 1981 respondit
1195 1925 1369 1969 Caesar:
1404 1941 1447 1968 se
1475 1927 1673 1968 condicio·
1702 1933 1744 1966 25

138 1994 165 2035 6
186 2009 256 2035 nes
279 1995 387 2045 dare,
412 2010 492 2036 non
513 1996 692 2049 accipere
715 1996 986 2036 consucuisse.
1029 1994 1089 2036 Ibi
1111 2010 1195 2036 cum
1217 1996 1258 2036 in
1280 1996 1459 2051 oppidum
1482 1995 1671 2036 reuertis-

186 2069 290 2113 sent,
316 2063 439 2104 relato
462 2077 653 2117 responso
677 2064 847 2104 clamore
870 2063 1023 2104 sublato
1045 2064 1151 2104 omni
1172 2077 1319 2118 genere
1341 2064 1510 2104 telorum
1527 2063 1672 2104 emisso

137 2130 162 2170 7
185 2145 360 2185 pugnare
382 2145 451 2185 pro
473 2145 585 2171 muro
605 2138 686 2172 toto
709 2139 947 2185 coeperunt,
983 2139 1141 2186 propter
1171 2133 1275 2185 quod
1303 2133 1386 2172 fere
1414 2145 1557 2184 magna
1579 2143 1670 2184 pars

186 2199 401 2249 hominum,
426 2200 490 2252 qui
511 2199 550 2239 in
573 2199 711 2240 castris
735 2200 882 2240 nostris
904 2207 1054 2250 essent,
1080 2214 1159 2240 non
1181 2199 1430 2248 dubitarunt,
1467 2198 1560 2251 quin
1583 2211 1670 2238 eru-

137 2264 163 2306 8
185 2266 355 2319 ptionem
390 2281 437 2307 eo
469 2267 531 2308 die
562 2275 696 2308 essent
730 2268 883 2308 facturi.
928 2266 987 2308 lta
1017 2281 1165 2308 corona
1195 2267 1435 2308 circumdata
1456 2272 1668 2320 pugnatum
1701 2271 1743 2304 30

1701 582 1717 612 :a

328 2426 349 2459 2
368 2431 484 2458 nostra
505 2432 620 2459 castra
637 2428 728 2469 as5
747 2427 835 2459 dett.
855 2427 1075 2465 Selzneederi,
1096 2431 1212 2459 castra
1231 2431 1349 2458 nostra
1368 2436 1401 2457 u.
1544 2426 1562 2456 5
1578 2423 1673 2456 adfe-

184 2483 304 2510 cerunt
321 2489 355 2510 α.
507 2481 525 2511 6
545 2485 697 2522 tempore
718 2481 828 2512 noctis
847 2490 882 2519 a,
903 2480 1013 2511 noctis
1033 2484 1185 2521 tempore
1203 2477 1283 2510 edd.
1431 2477 1472 2508 ad
1491 2488 1512 2509 a
1532 2478 1561 2517 b,
1583 2478 1617 2508 in
1635 2486 1671 2507 u.

327 2530 494 2572 Sopidanj
512 2542 546 2563 a.
690 2532 709 2565 9
724 2532 747 2563 ii
765 2543 855 2564 unus
874 2532 959 2572 det„
981 2542 999 2563 L
1016 2531 1161 2573 reliqui.
1181 2530 1222 2562 P.
1235 2528 1300 2564 233
1320 2532 1416 2560 eoetr.
1561 2529 1601 2561 10
1613 2528 1673 2559 mi-

183 2583 280 2615 litum
298 2593 366 2615 om.
389 2583 420 2615 b.
563 2585 619 2626 qui
640 2585 791 2616 inclusit
808 2584 985 2626 Scaliger.
1125 2588 1238 2614 tamen
1257 2591 1325 2613 om.
1349 2581 1380 2612 b.
1527 2581 1560 2614 11
1578 2579 1674 2612 adfe-

183 2633 230 2665 cti
247 2644 282 2666 a.
422 2633 461 2666 13
476 2633 611 2667 Salsum
630 2646 650 2667 a
671 2636 712 2674 b‚·
732 2634 866 2667 Salsum
886 2635 1011 2667 ducere
1030 2635 1051 2667 2
1070 2633 1156 2665 dett.
1176 2643 1198 2664 u
1216 2633 1364 2675 (suerat
1384 2632 1528 2674 facere).

186 2684 225 2717 15
243 2684 351 2716 Aulus
370 2694 404 2724 a,
425 2683 465 2715 A.
486 2695 520 2716 u.
680 2684 719 2717 16
738 2684 876 2728 Pompei
893 2694 927 2716 α.
1094 2684 1134 2716 18
1152 2688 1206 2716 est
1220 2687 1305 2725 post
1321 2684 1527 2716 interfectus
1547 2693 1616 2715 om.
1637 2692 1670 2713 a.

329 2736 369 2769 19
389 2747 425 2768 se
445 2747 465 2768 a
485 2737 580 2768 ‘mss-
601 2735 644 2777 2',
667 2747 744 2770 sese
764 2748 799 2769 u.
940 2736 983 2770 20
1001 2735 1191 2768 ascendere
1212 2735 1279 2777 (a).
1421 2735 1542 2778 oppido
1561 2744 1583 2766 a
1603 2734 1621 2765 b
1640 2744 1668 2774 c,

184 2789 343 2832 oppidum
361 2799 396 2820 u.
566 2790 610 2823 22
629 2793 726 2832 parte
746 2790 879 2821 deiecta
897 2799 918 2820 a
937 2789 954 2820 b
974 2799 1002 2828 ο,
1023 2798 1101 2830 pars
1120 2788 1255 2820 deiecta
1274 2792 1328 2820 est
1345 2797 1380 2819 u.
1400 2787 1585 2819 Lacunam
1605 2785 1672 2817 On-

183 2841 402 2882 deudorpz'us
421 2842 576 2873 notauit.
598 2840 636 2872 P.
656 2840 735 2876 234.
898 2839 941 2874 23
960 2839 1125 2872 lacunam
1142 2850 1206 2882 ego
1225 2842 1366 2872 notaui.
1386 2839 1426 2872 P.
1446 2838 1525 2873 234.

182 2892 227 2927 24
239 2892 295 2934 qui
313 2901 334 2923 a
346 2892 384 2933 Vb,
402 2891 524 2934 quique
543 2902 578 2924 u.
717 2894 759 2927 25
773 2892 988 2925 conditiones
1007 2893 1069 2934 (a).
1211 2892 1313 2927 2611st
1331 2902 1352 2924 a
1372 2893 1401 2934 b,
1415 2891 1472 2934 qui
1489 2901 1526 2923 a.
