1835 3240
113 172 197 215 700
704 177 876 221 BELLI
905 175 1155 220 AFRICAE

189 300 301 327 suam
333 300 489 329 causam
520 289 759 343 probauerat
790 289 982 340 Caesari,
1023 304 1067 330 se
1099 304 1121 330 a
1152 289 1295 331 Nasidi
1330 290 1456 331 classe
1495 298 1664 345 captum,

189 367 275 393 cum
305 355 354 395 ad
380 369 516 397 necem
548 358 780 407 duceretur,
813 357 1003 398 beneficio
1025 356 1125 399 Vari
1155 371 1242 397 esse
1273 365 1494 409 seruatum,
1530 367 1666 413 postea

188 421 262 461 sibi
284 423 509 464 facultatem
532 425 676 464 nullam
700 425 825 464 datam
848 425 1101 474 transeundi,
1134 425 1302 478 ignouit.

115 486 172 532 65
303 488 379 531 Est
400 491 439 530 in
461 491 599 531 Africa
622 493 863 532 consuetudo
884 492 1101 532 incolarum
1115 522 1126 542 ‚
1163 498 1202 531 ut
1223 492 1264 531 in
1285 492 1390 545 agris
1412 500 1452 533 et
1472 493 1512 534 in
1542 495 1665 534 omni-

186 555 258 597 bus
280 557 364 598 fere
386 558 487 597 uillis
519 558 589 597 sub
613 565 717 598 terra
745 572 886 612 specus
909 560 1091 600 frumenti
1113 559 1305 599 condendi
1325 560 1452 612 gratia
1473 561 1572 601 clam
1595 562 1661 602 ha-
1693 569 1711 601 5

187 623 307 664 beant
329 632 444 677 atque
465 624 502 664 id
515 633 675 678 propter
687 626 787 666 bella
809 627 981 667 maxime
1003 626 1247 679 hostiumque
1269 627 1435 667 subitum
1458 628 1664 668 aduentum

138 690 166 730 2
187 698 435 745 praeparent.
501 690 588 744 Qua
610 694 656 734 de
677 707 721 734 re
745 692 897 735 Caesar
918 708 987 747 per
1017 694 1184 733 indicem
1216 695 1364 734 certior
1393 696 1518 735 factus
1550 696 1667 736 tertia

187 758 320 812 uigilia
341 759 516 812 legiones
539 761 633 801 duas
656 776 742 801 cum
766 762 942 814 equitatu
963 761 1084 800 mittit
1105 761 1152 801 ab
1175 761 1318 801 castris
1349 762 1429 802 suis
1452 762 1556 802 milia
1578 776 1666 815 pas·

189 839 299 864 suum
320 832 354 865 X
374 833 490 879 atque
511 827 602 868 inde
632 843 774 881 magno
797 842 960 868 numero
983 828 1171 868 frumenti
1193 835 1356 868 onustos
1379 829 1519 882 recipit
1539 830 1580 869 in
1602 843 1666 869 ca-

141 890 165 931 3
189 899 286 932 stra.
351 890 504 945 Quibus
534 895 652 936 rebus
676 896 845 949 cognitis
867 895 1070 936 Labienus
1102 909 1337 949 progressus
1369 910 1390 935 a
1422 896 1504 936 suis
1526 897 1668 937 castris
1699 904 1740 936 10

186 959 291 999 milia
313 974 496 1013 passuum
518 968 581 1002 Vll
602 977 672 1016 per
701 964 835 1017 iugum
859 971 899 1004 et
921 965 1059 1004 collem
1075 994 1085 1014 ,
1122 977 1191 1016 per
1224 976 1337 1016 quem
1362 960 1513 1004 Caesar
1543 963 1665 1017 pridie

139 1025 166 1065 4
187 1027 263 1066 iter
294 1028 465 1078 fecerat,
498 1030 551 1070 ibi
583 1038 714 1071 castra
745 1033 908 1072 duarum
941 1032 1138 1084 legionum
1170 1031 1261 1071 facit
1282 1038 1397 1083 atque
1419 1031 1502 1084 ipse
1524 1031 1665 1071 cotidie

185 1094 419 1136 existimans
442 1094 656 1138 Caesarem
688 1099 820 1139 eadem
851 1113 967 1153 saepe
996 1099 1257 1139 frumentandi
1279 1098 1406 1151 gratia
1428 1106 1665 1139 commeatu-

184 1174 270 1201 rum
293 1176 376 1202 cum
400 1178 541 1218 magno
564 1167 739 1218 equitatu
760 1167 916 1219 leuique
939 1173 1138 1206 armatura
1166 1166 1422 1206 insidiaturus
1453 1166 1551 1206 locis
1582 1166 1665 1206 ido-

111 1227 169 1271 66
191 1229 276 1269 neis
300 1231 482 1271 considit.
528 1229 681 1273 Caesar
701 1234 856 1274 interim
881 1235 928 1274 de
949 1233 1101 1273 insidiis
1123 1231 1292 1272 Labieni
1314 1247 1366 1273 ex
1387 1233 1559 1286 perfugis
1583 1247 1667 1274 cer·
1699 1242 1740 1274 15

184 1296 262 1336 tior
288 1298 413 1338 factus
446 1312 589 1352 paucos
620 1300 703 1340 dies
737 1301 808 1354 [ibi
831 1301 1139 1355 com]moratus,
1184 1300 1272 1339 dum
1304 1300 1436 1340 hostes
1467 1300 1665 1341 cotidiano

180 1362 362 1403 instituto
392 1378 510 1419 saepe
539 1367 640 1407 idem
674 1369 852 1408 faciendo
874 1369 914 1408 in
936 1367 1225 1421 neglegentiam
1249 1367 1562 1416 adducerentur,
1599 1382 1666 1408 su-

181 1428 263 1469 bito
293 1444 407 1472 mane
437 1432 603 1487 imperat
633 1444 745 1488 porta
782 1437 995 1475 decumana
1025 1435 1202 1489 legiones
1235 1449 1277 1475 se
1297 1436 1326 1488 -l-
1347 1441 1423 1474 Vltl
1455 1442 1665 1476 ueteranas

135 1497 161 1537 2
183 1512 270 1537 cum
302 1506 414 1552 parte
445 1501 640 1553 equitatus
671 1503 783 1555 sequi
814 1510 929 1555 atque
962 1503 1155 1555 equitibus
1188 1502 1413 1554 praemissis
1437 1516 1561 1555 neque
1584 1502 1667 1556 opi-

181 1573 322 1607 nantes
344 1568 596 1609 insidiatores
618 1570 748 1610 subito
771 1571 812 1610 in
834 1569 1079 1610 conuallibus
1101 1569 1269 1609 latentes
1292 1583 1348 1608 ea·
1367 1570 1446 1609 leui
1468 1576 1667 1610 armatura
1697 1577 1740 1611 20

132 1632 157 1673 3
180 1634 352 1674 concidit
372 1635 529 1676 circiter
550 1644 594 1684 D,
628 1638 800 1691 reliquos
820 1638 862 1678 in
883 1639 1012 1691 fugam
1037 1636 1302 1690 turpissimam
1324 1636 1508 1676 coniecit.
1559 1635 1666 1678 Inte-

181 1701 254 1742 rim
276 1701 478 1744 Labienus
501 1718 587 1744 cum
611 1706 798 1746 uniuerso
821 1706 995 1758 equitatu
1018 1704 1253 1758 fugientibus
1275 1704 1356 1744 suis
1378 1704 1575 1758 suppetias
1598 1719 1663 1744 oc-

185 1770 324 1809 currit.
381 1769 506 1811 Cuius
530 1773 605 1812 uim
630 1773 893 1813 multitudinis
917 1787 1002 1812 cum
1026 1772 1177 1825 equites
1200 1772 1312 1825 pauci
1335 1768 1566 1812 Caesariani
1587 1772 1664 1812 iam

181 1837 380 1878 sustinere
409 1853 488 1879 non
517 1847 702 1892 possent,
740 1838 893 1881 Caesar
913 1840 1129 1880 instructas
1152 1838 1328 1892 legiones
1352 1838 1519 1878 hostium
1543 1840 1664 1893 copiis

183 1905 368 1945 ostendit.
432 1904 522 1958 Quo
545 1908 648 1947 facto
671 1908 881 1961 perterrito
902 1907 1082 1948 Labieno
1106 1921 1150 1947 ac
1172 1907 1372 1946 retardato
1395 1921 1488 1947 suos
1511 1907 1663 1960 equites
1695 1915 1737 1948 25

133 1971 159 2010 4
180 1973 332 2025 recepit
352 1973 583 2015 incolumes.
618 1973 788 2015 Postero
802 1976 862 2015 die
884 1974 981 2015 Iuba
996 1974 1189 2015 Numidas
1213 1988 1296 2023 eOS,
1323 1974 1386 2026 qui
1408 1974 1494 2014 loco
1517 1975 1662 2015 amisso

103 2038 159 2082 67
183 2040 272 2094 fuga
294 2053 337 2080 se
357 2049 590 2095 receperant
612 2043 652 2082 in
675 2049 823 2092 castra,
857 2043 897 2083 in
920 2056 1037 2083 cruce
1059 2056 1194 2082 omnes
1217 2041 1376 2081 suffixit.
1431 2038 1584 2082 Cacsar
1604 2042 1663 2082 in-

178 2108 291 2148 terim
306 2138 316 2157 ,
353 2109 534 2161 quoniam
556 2110 686 2164 inopia
709 2111 892 2151 frumenti
915 2110 1187 2165 premebatur,
1222 2109 1353 2163 copias
1376 2122 1511 2149 omnes
1534 2110 1573 2149 in
1596 2123 1660 2150 ca-

178 2181 259 2215 stra
289 2177 472 2217 conducit
505 2184 620 2231 atque
654 2179 849 2232 praesidio
878 2178 1020 2233 Lepti,
1054 2177 1284 2231 Ruspinae,
1317 2174 1472 2216 Acillae
1500 2177 1657 2227 relicto,

177 2239 313 2296 Cispio
352 2243 598 2298 Aquilaeque
638 2246 764 2287 classe
804 2246 946 2287 tradita
962 2278 972 2298 ,
1017 2253 1058 2286 ut
1097 2246 1198 2287 alter
1244 2243 1526 2293 Adrumetum,
1565 2245 1664 2285 alter
1693 2252 1735 2285 30

322 2347 335 2379 1
351 2347 558 2389 probauerat
577 2348 718 2382 Caesari
736 2361 769 2391 α,
791 2349 933 2383 Caesari
952 2349 1160 2392 probauerat
1178 2348 1255 2381 edd.
1392 2347 1525 2389 (Nasidi
1542 2346 1578 2386 α)
1600 2357 1659 2378 na-

175 2397 264 2430 uium
285 2399 315 2430 b.
464 2401 483 2433 3
503 2401 567 2432 sibi
587 2400 785 2435 facultatem
803 2413 836 2443 a,
859 2403 1059 2434 facultatem
1079 2402 1142 2433 sibi
1163 2402 1241 2434 edd.
1393 2400 1567 2442 ignorauit
1584 2411 1604 2431 a
1625 2401 1655 2432 b.

318 2450 336 2481 5
355 2449 515 2482 frumenti
535 2452 754 2493 condemna,
775 2453 943 2484 condendi
964 2452 1125 2484 frumenti
1143 2452 1220 2483 edd.
1385 2454 1459 2484 flam
1478 2462 1511 2489 a,
1534 2461 1601 2482 om.
1624 2451 1655 2482 b.

319 2501 337 2532 7
357 2511 416 2543 per
441 2502 586 2534 indicem
604 2504 731 2536 certior
747 2514 768 2536 α
787 2504 1008 2546 Stephanus,
1035 2504 1162 2536 certior
1179 2514 1239 2546 per
1257 2504 1401 2536 indicem
1421 2508 1557 2536 ceterae
1576 2503 1653 2536 edd.

320 2552 360 2584 10
379 2554 572 2594 progressis
589 2565 623 2586 α.
790 2556 828 2588 13
847 2567 927 2598 sepe
946 2567 980 2588 α.
1144 2556 1183 2588 15
1202 2556 1351 2588 considit
1371 2557 1654 2597 Oudendorpz‘us,

176 2603 330 2635 considet
346 2614 367 2635 a
387 2605 405 2635 b
424 2615 462 2644 c;
481 2607 636 2638 consedit
655 2617 689 2638 u.
834 2609 971 2640 interim
989 2612 1072 2640 ante
1091 2607 1217 2639 certior
1230 2611 1335 2649 ponit
1353 2619 1387 2640 α.
1538 2609 1576 2641 16
1597 2608 1657 2650 [ibi

177 2655 433 2697 com]moratus.
454 2657 491 2688 P.
507 2658 585 2691 223.
729 2660 836 2691 hostis
858 2661 888 2692 b.
1032 2659 1071 2692 17
1085 2659 1315 2691 adduceretur
1332 2671 1352 2692 α
1373 2661 1404 2691 b.
1547 2660 1588 2692 18
1601 2660 1658 2691 de-

175 2707 308 2738 cilnana
328 2708 359 2738 b.
524 2713 599 2740 octo
619 2720 652 2740 α.
672 2710 711 2741 P.
731 2711 810 2744 219.
971 2710 1014 2744 20
1033 2720 1074 2741 ex
1092 2719 1155 2750 ego
1174 2711 1353 2751 supplent.
1374 2712 1412 2743 P.
1433 2712 1512 2745 224.

173 2759 215 2790 23
230 2758 306 2800 iam]
322 2769 396 2791 cum
415 2769 448 2801 α,
463 2770 531 2792 om.
554 2760 586 2791 b.
725 2761 767 2793 25
780 2766 880 2803 atque
903 2762 933 2793 b.
1074 2761 1242 2803 28inopia
1262 2761 1422 2794 frumenti
1441 2772 1474 2802 a,
1494 2761 1657 2794 frumenti

175 2809 288 2852 inopia
308 2810 384 2842 edd.
539 2810 780 2853 premebantur
797 2821 830 2842 a.
979 2810 1021 2843 29
1042 2810 1174 2853 Leptim
1196 2813 1226 2844 b.
1376 2813 1532 2845 Achillae
1552 2814 1600 2854 (α)
1619 2823 1654 2844 u.

319 2861 360 2895 30
380 2861 480 2906 Cispo
498 2873 520 2895 α
537 2866 573 2896 et
588 2865 641 2895 sic
659 2866 723 2895 aut
744 2861 876 2906 ‘Crispo
895 2873 977 2895 mss.
999 2867 1032 2895 ct
1051 2863 1129 2896 edd.
1150 2862 1242 2906 qqd.‘
1390 2864 1600 2898 Adrimetum
1618 2875 1653 2896 α.
