1835 3240
92 915 132 948 10

93 1254 132 1286 15

91 1595 133 1627 20

589 179 772 223 COMM.
797 180 877 225 VII
898 179 1024 224 CAP.
1048 179 1248 224 46-48.
1644 188 1725 230 433

171 295 417 344 tercedehat,
452 302 583 336 tamen
608 296 654 336 ab
678 297 846 337 tribunis
868 296 1032 337 militum
1055 295 1272 349 legatisque
1288 327 1298 345 ,
1334 303 1376 336 ut
1398 305 1482 338 erat
1503 314 1524 339 a
1548 299 1648 341 Cae-

170 378 257 406 sare
279 370 531 418 praeceptum
548 395 557 413 ,
581 364 870 404 retinebantur.
916 361 996 404 Sed
1030 364 1121 404 elati
1144 377 1212 417 spe
1235 364 1376 404 celeris
1397 365 1588 407 uictoriae
1612 376 1648 408 et
1672 370 1695 410 3

168 431 337 472 hostium
362 433 450 484 fuga
474 438 512 471 et
534 432 779 486 superiorum
812 439 1028 486 temporum
1052 431 1233 472 secundis
1256 433 1414 486 proeliis
1437 433 1531 473 nibil
1554 435 1648 475 adeo

167 500 328 540 arduum
352 500 423 539 sibi
448 513 536 539 esse
559 500 915 549 existimauerunt,
951 500 1050 552 quod
1081 514 1160 540 non
1182 499 1330 540 uirtute
1354 502 1541 554 consequi
1564 516 1652 555 pos-

171 574 274 617 sent,
301 581 425 620 neque
449 568 561 607 finem
582 568 688 621 prius
712 568 899 619 sequendi
923 568 1115 617 fecerunt,
1146 582 1258 620 quam
1281 582 1392 608 muro
1415 569 1541 622 oppidi
1565 584 1654 623 por-

168 636 296 689 tisque
319 636 694 689 adpropinquarunt.
719 634 818 674 Tum
838 648 934 675 uero
957 648 1006 674 ex
1031 635 1211 675 omnibus
1234 636 1342 675 urbis
1364 637 1541 690 partibus
1565 644 1650 677 orto
1673 638 1698 677 4

168 704 339 744 elamore
363 704 427 756 qui
449 703 604 757 longius
628 702 793 742 aberant
814 702 1020 755 repentino
1043 703 1209 742 tumultu
1232 704 1449 756 perterriti,
1477 719 1561 744 cum
1585 706 1651 745 bo-

168 778 266 811 stem
299 772 402 811 intra
432 778 565 825 portas
599 783 687 810 6556
719 770 1035 820 existumarent,
1069 784 1158 810 sese
1190 784 1243 810 ex
1273 772 1412 825 oppido
1435 772 1648 813 eiecerunt.

166 838 494 880 Matresfamiliae
527 839 572 878 de
604 852 713 878 muro
747 845 898 878 uestem
932 844 1216 891 argentumque
1239 838 1438 880 iactabant
1460 847 1498 881 et
1520 848 1652 894 pecto·
1675 840 1699 881 5

165 921 206 947 re
245 909 346 947 nudo
379 907 644 961 prominentes
679 906 806 959 passis
827 905 1006 945 manibus
1029 905 1329 946 obtestabantur
1349 907 1576 958 Romanos,
1612 917 1654 949 ut

165 977 237 1016 sibi
253 982 461 1029 parcerent
483 987 573 1023 neu,
601 974 700 1013 sicut
715 973 880 1013 Auarici
904 973 1106 1021 fecissent,
1133 988 1182 1014 nc
1204 989 1224 1014 a
1248 975 1476 1016 mulieribus
1500 977 1654 1030 quidem

164 1050 277 1096 atque
300 1043 515 1083 infantibus
545 1042 816 1082 abstinerent:
852 1041 1065 1081 nonnullae
1099 1042 1145 1082 de
1175 1043 1297 1082 muris
1330 1057 1399 1096 per
1429 1058 1566 1084 manus
1590 1046 1654 1085 de-
1676 1045 1703 1085 6

165 1111 309 1151 missae
331 1125 420 1151 sese
442 1110 626 1150 militibus
651 1110 874 1149 tradebant.
918 1107 1070 1149 Lucius
1093 1107 1257 1160 Fabius,
1283 1111 1463 1150 centurio
1487 1112 1654 1165 legionis
1676 1113 1701 1152 7

164 1185 264 1229 VIII,
298 1192 411 1232 quem
443 1179 549 1218 inter
578 1192 670 1218 suos
693 1192 740 1218 eo
763 1178 824 1217 die
848 1177 999 1217 dixisse
1021 1178 1227 1218 constabat
1251 1178 1420 1218 excitari
1443 1193 1486 1219 56
1508 1179 1656 1220 Auari-

166 1247 348 1287 censibus
373 1246 555 1300 praemiis
580 1259 705 1298 neque
728 1245 1025 1285 commissurum
1045 1276 1054 1295 ,
1081 1253 1123 1285 ut
1144 1246 1251 1300 prius
1275 1246 1478 1300 quisquam
1502 1262 1653 1288 murum

169 1316 425 1364 ascenderet,
466 1321 546 1354 tres
577 1328 671 1353 suos
703 1320 840 1353 nactus
863 1313 1126 1367 manipulares
1151 1320 1265 1367 atque
1287 1314 1333 1354 ab
1355 1315 1403 1354 iis
1427 1316 1655 1356 subleuatus

168 1399 318 1424 murum
351 1383 550 1422 ascendit:
586 1382 657 1421 hos
689 1381 773 1434 ipse
803 1394 942 1420 rursus
975 1381 1152 1435 singulos
1184 1389 1401 1436 exceptans
1431 1383 1472 1423 in
1503 1398 1653 1423 murum

169 1452 325 1492 extulit.
356 1450 519 1491 Interim
542 1450 582 1499 ii,
609 1449 673 1502 qui
696 1450 741 1488 ad
766 1448 927 1488 alteram
952 1456 1101 1502 partem
1124 1449 1268 1503 oppidi,
1295 1457 1335 1489 ut
1356 1464 1474 1503 supra
1496 1451 1654 1492 demon·
1668 1451 1730 1496 48

169 1520 396 1569 strauimus,
423 1517 649 1558 munitionis
672 1531 790 1556 causa
814 1524 1097 1566 conuenerant,
1125 1517 1249 1570 primo
1263 1519 1451 1559 exaudito
1465 1521 1652 1570 clamore,

166 1588 256 1628 inde
287 1588 402 1627 etiam
437 1586 585 1626 crebris
625 1585 772 1624 nuntiis
804 1584 983 1635 incitati,
1021 1586 1200 1638 oppidum
1233 1600 1253 1626 a
1284 1585 1477 1627 Romanis
1510 1589 1652 1639 teneri,

168 1655 396 1709 praemissis
420 1653 610 1707 equitibus
633 1667 775 1705 magno
799 1667 992 1693 concursu
1016 1667 1061 1693 eo
1084 1654 1388 1694 contenderunt.
1441 1654 1589 1695 Eorum
1613 1664 1656 1696 ut
1676 1656 1703 1697 2

168 1723 331 1776 quisque
354 1723 501 1776 primus
525 1727 706 1769 uenerat,
732 1720 803 1759 sub
827 1734 937 1760 muro
951 1721 1197 1761 consistebat
1218 1736 1455 1774 suorumque
1477 1737 1654 1777 pugnan-

168 1791 262 1830 tium
285 1804 491 1830 numerum
514 1788 697 1844 augebat.
743 1785 918 1840 Quorum
943 1803 1029 1828 cum
1052 1803 1194 1843 magna
1218 1789 1422 1830 multitudo
1445 1792 1655 1832 conuenis-
1677 1792 1702 1833 3

168 1866 242 1907 set,
269 1858 605 1907 matresfamiliae,
630 1870 728 1910 quae
751 1856 866 1909 paulo
889 1864 980 1897 ante
996 1855 1186 1898 Romanis
1211 1858 1256 1897 de
1279 1872 1389 1898 muro
1408 1872 1545 1899 manus
1568 1866 1654 1900 ten-

117 1937 130 1967 ῖ
167 1928 334 1976 debant,
359 1941 450 1967 suos
474 1926 665 1966 obtestari
687 1932 727 1965 et
748 1938 856 1964 more
881 1922 1036 1965 Gallico
1059 1939 1217 1979 passum
1243 1926 1426 1980 capillum
1451 1934 1654 1968 ostentare

168 1996 391 2048 liberosque
414 1994 453 2034 in
477 2000 732 2047 conspectum
754 1993 932 2047 proferre
955 2001 1186 2047 coeperunt.
1242 1993 1345 2035 Erat
1364 1994 1558 2036 Romanis
1582 2010 1654 2037 nec
1676 1996 1701 2036 4

168 2111 312 2142 cedebat
331 2110 443 2142 ΑΒΖ]
462 2113 515 2151 et,
538 2111 602 2150 qui
619 2108 881 2140 intercedebant
900 2119 976 2140 vum
999 2112 1134 2150 puncto
1152 2110 1213 2140 sub
1234 2121 1274 2151 n,
1299 2111 1350 2151 C,-
1377 2121 1519 2152 magnae
1545 2111 1654 2143 ualles

167 2162 430 2193 intercedebant
447 2171 467 2192 (1
482 2162 498 2192 b
512 2172 538 2191 e.
722 2161 734 2191 ’1
759 2160 799 2190 ab
820 2159 967 2191 tribunis
985 2159 1089 2201 A(B)
1106 2160 1197 2200 CD,
1219 2170 1290 2191 non
1309 2171 1327 2191 a
1346 2161 1508 2194 tribunis.

168 2214 187 2246 3
206 2219 239 2246 et
258 2213 469 2255 superiorum
488 2212 518 2243 B
537 2210 716 2252 (νεῖῖιμιΰ1
738 2212 1020 2253 superiorumque
1041 2211 1058 2241 b
1072 2210 1161 2242 cde.
1315 2213 1334 2244 4
1355 2213 1418 2245 sibi
1437 2224 1514 2246 esse
1533 2215 1654 2247 existi-

168 2270 348 2298 mauerunt
363 2265 394 2296 B
414 2263 589 2305 ‘reliqui',
613 2263 678 2294 sibi
698 2262 945 2293 existimabant
964 2264 1110 2302 (omisso
1130 2264 1223 2304 esse)
1245 2264 1361 2296 bede.
1536 2272 1654 2309 posset

167 2320 249 2348 ante
267 2326 359 2348 corr.
383 2316 422 2347 B.
565 2315 582 2345 5
603 2314 701 2345 tinem
720 2314 812 2355 prius
832 2314 889 2345 Be
910 2313 1104 2354 ‘plurz'mi',
1127 2315 1220 2357 prius
1240 2315 1339 2348 finem
1358 2328 1392 2348 u.
1560 2321 1578 2352 6
1598 2330 1655 2363 ap-

169 2367 520 2410 propinquaruntBD
538 2366 684 2407 reliqui,
707 2366 1067 2407 appropinquauerunt
1092 2367 1142 2406 C,·
1162 2369 1476 2412 appropinquarent
1495 2372 1539 2403 be
1561 2373 1653 2404 ‘aliz'—

170 2420 245 2460 Ψω,
263 2419 359 2461 (adp⁴
383 2419 437 2459 B)⁸
611 2417 628 2448 7
649 2417 794 2448 tumulto
814 2416 856 2447 B.
1043 2417 1173 2449 hostem
1193 2418 1254 2458 (B)
1274 2420 1471 2463 ‘plert'que'‚
1493 2422 1608 2455 hostes
1624 2435 1652 2455 e.

311 2470 330 2501 8
349 2470 599 2500 existumarent
619 2468 691 2500 AB
706 2468 746 2499 C.
904 2477 939 2498 se
959 2467 990 2499 b.
1151 2469 1350 2503 deiecerunt
1369 2473 1415 2504 D.
1557 2475 1575 2507 9
1595 2485 1655 2506 ue-

171 2525 238 2551 stes
254 2521 283 2551 b.
423 2520 570 2562 pectoris
591 2519 655 2550 fine
675 2530 780 2561 prom.
803 2529 882 2550 enm
900 2519 989 2551 solis
1002 2520 1098 2552 And.
1116 2520 1230 2553 Oaeon.
1252 2533 1286 2555 u.
1430 2524 1466 2557 11
1488 2535 1528 2557 116
1546 2536 1564 2557 a
1583 2537 1654 2559 mu-

173 2572 314 2604 lieribus
333 2573 405 2604 AB
420 2573 511 2612 CD,
534 2582 573 2603 ne
592 2572 794 2604 mulieribus
815 2583 831 2603 e
845 2583 880 2604 v.
1025 2573 1066 2605 12
1086 2573 1126 2605 de
1145 2585 1240 2607 muro
1262 2576 1385 2608 bede.
1553 2579 1592 2611 13
1611 2579 1649 2611 L.

171 2625 295 2656 Fabius
314 2635 348 2664 π,
367 2623 494 2655 Labius
513 2625 586 2656 AB
601 2624 640 2656 C.
830 2624 870 2656 16
890 2625 1097 2656 ascenderet
1113 2626 1156 2657 B.
1329 2633 1448 2660 nactos
1467 2639 1514 2661 m.
1532 2640 1588 2671 pr.
1609 2631 1651 2662 B.

316 2675 355 2708 17
373 2675 528 2707 ascendit
545 2675 587 2707 B.
773 2674 835 2706 bos
853 2675 926 2707 BD
948 2676 1145 2717 ‘plerique',
1168 2677 1230 2710 hoc
1250 2689 1330 2710 cum
1349 2690 1363 2711 s
1381 2690 1489 2722 super·
1506 2691 1523 2712 c
1545 2681 1595 2721 C,·
1615 2692 1654 2713 eo

171 2728 204 2767 d,
226 2738 283 2759 eos
303 2727 393 2768 (e)u.
536 2726 577 2758 18
595 2726 732 2758 interim
752 2726 786 2758 hi
803 2726 846 2758 B.
987 2727 1030 2762 20
1050 2728 1174 2760 deinde
1194 2730 1297 2762 etiam
1318 2732 1348 2763 b.
1499 2742 1517 2763 a
1537 2732 1654 2765 Roma-

174 2782 225 2812 nis
244 2781 274 2812 B
293 2782 390 2811 ‘mss.
404 2776 591 2820 plerique'‚
613 2779 652 2810 ab
672 2777 833 2810 Romanis
851 2787 886 2809 u.
1051 2779 1092 2811 21
1113 2790 1279 2813 concurso
1299 2785 1382 2813 ante
1400 2793 1493 2814 corr.
1513 2784 1556 2825 B,
1576 2795 1655 2816 eon-

171 2843 274 2865 uersu
294 2833 345 2871 A,-
367 2841 468 2863 cursu
487 2840 507 2861 α
523 2831 540 2861 b
553 2841 582 2862 e.
723 2830 766 2863 24
785 2830 826 2861 (16
844 2839 938 2861 1111110
956 2841 1023 2862 om.
1046 2841 1062 2861 e
1083 2831 1198 2863 Ooeon.
1362 2835 1404 2867 25
1425 2844 1579 2876 sparsum
1600 2846 1653 2868 ca-

171 2886 288 2928 pillum
310 2885 326 2915 b
340 2884 402 2916 de.
543 2881 584 2914 26
603 2891 746 2923 coepere
768 2881 799 2912 b.

194 2951 314 2985 Caesar,
329 2948 374 2976 ed.
390 2946 530 2983 Nipperd.
1372 2938 1426 2979 28
