1835 3240
716 173 1141 215 —133—-

177 291 371 343 attingere
403 301 480 328 non
512 287 648 339 licere,
683 287 784 327 idem
817 288 863 329 de
894 302 978 343 rep.
1011 286 1066 338 II,
1111 287 1176 339 13,
1207 288 1260 329 25
1284 304 1368 330 eam
1390 291 1465 331 iam
1488 292 1657 333 Numam

175 372 306 412 regem
329 358 375 396 de
397 356 561 409 imperio
584 370 655 395 suo
680 355 831 395 tulisse.
884 354 1118 397 Incredibile
1147 364 1209 397 est
1230 357 1351 410 igitur
1374 356 1538 399 Caesari
1561 362 1661 400 hanc

174 439 271 474 rem,
298 438 397 478 quae
419 424 702 478 antiquissimis
726 423 962 477 reipublicae
983 424 1177 465 institutis
1200 425 1488 475 contineretur,
1514 428 1663 480 superi-

174 493 307 533 oribus
330 493 444 532 annis
468 492 662 533 accidisse
686 492 807 532 uisam
833 505 936 532 esse.
981 489 1176 545 Magister
1198 492 1260 532 hic
1282 499 1319 532 et
1340 493 1603 546 ignorantiam
1627 502 1664 534 et

174 560 353 601 accidere
374 560 466 600 illud
491 575 601 600 suum
624 559 775 599 retulit.
810 558 891 599 lam
917 574 950 598 c.
976 558 1002 599 7
1025 560 1133 613 plura
1157 560 1328 600 eiusdem
1351 561 1510 615 generis
1526 561 1663 614 depre-

174 629 393 669 hendimus.
429 627 601 668 Primum
624 627 664 666 in
680 627 812 667 uerbis
837 628 873 680 ξ.
889 626 914 667 3
940 625 1113 667 ‘Nouum
1129 627 1167 666 in
1179 628 1378 682 republica
1399 629 1662 668 introductum

174 697 396 750 exemplum
419 697 610 749 queritur,
636 703 679 735 ut
701 695 908 735 tribunicia
932 695 1166 736 intercessio
1190 696 1309 736 armis
1324 702 1532 736 notaretur
1548 703 1664 746 atque

174 765 477 819 opprimeretur,
510 777 607 816 quae
630 763 900 816 superioribus
923 763 1036 803 annis
1059 763 1178 803 armis
1211 771 1317 804 esset
1347 764 1559 804 restituta'.
1605 763 1664 804 De

175 832 384 872 tribunicia
406 838 601 886 potestate
626 845 647 870 a
664 828 773 870 Sulla
797 830 999 871 debilitata
1019 831 1159 884 reliqui
1174 832 1388 885 scriptores
1400 847 1535 887 parum
1549 846 1665 873 accu-

173 907 261 940 rate
282 900 542 947 tradiderunt,
580 906 634 947 ut,
661 898 751 951 quid
776 898 940 938 tribunis
963 899 1201 952 ademptum,
1227 900 1317 954 quid
1339 901 1517 941 relictum
1539 907 1662 951 esset,

174 982 252 1007 non
275 968 496 1008 definirent:
522 968 561 1007 in
587 968 755 1021 epitome
770 964 931 1005 Liuiani
954 966 1044 1006 libri
1058 965 1291 1007 LXXXIX
1314 982 1428 1009 omne
1451 969 1512 1009 ius
1534 968 1662 1022 legum

174 1036 423 1075 ferendarum
446 1042 622 1088 ereptum
646 1048 734 1075 esse
757 1036 943 1075 refertur.
981 1032 1061 1075 Sed
1083 1035 1408 1076 intercessionem
1430 1037 1664 1089 quoqueim-

174 1104 362 1144 minutam
394 1117 482 1143 esse
504 1117 525 1142 a
549 1100 745 1143 Cicerone
767 1102 982 1157 significari
1005 1103 1193 1153 creditur,
1227 1104 1292 1157 qui
1314 1104 1355 1144 in
1375 1103 1496 1145 Verr.
1524 1103 1558 1153 I,
1591 1103 1661 1154 60,

174 1171 254 1212 155
276 1172 332 1212 ita
355 1171 503 1211 scribit:
540 1171 675 1224 ‘petita
700 1171 820 1210 multa
845 1178 906 1210 est
927 1171 1028 1225 apud
1050 1171 1166 1211 istum
1190 1179 1409 1225 praetorem
1440 1187 1462 1212 a
1491 1170 1544 1224 Q.
1570 1171 1664 1227 Opi-

173 1240 266 1289 mio,
292 1240 356 1292 qui
379 1240 569 1279 adductus
592 1246 653 1279 est
673 1239 712 1279 in
735 1238 920 1278 iudicium
943 1239 1078 1289 uerbo,
1103 1239 1221 1292 quod,
1247 1254 1331 1279 cum
1356 1247 1463 1281 esset
1484 1240 1664 1280 tribunus

172 1308 313 1361 plebis,
337 1307 633 1347 intercessisset
656 1314 794 1347 contra
809 1307 934 1361 legem
949 1304 1194 1358 Corneliam,
1218 1321 1261 1347 re
1285 1322 1393 1359 uera,
1420 1308 1520 1362 quod
1541 1308 1581 1348 in
1595 1308 1665 1348 tri-

172 1375 319 1415 bunatu
352 1374 520 1414 dixisset
548 1381 686 1414 contra
717 1376 883 1415 alicuius
915 1375 1082 1415 hominis
1114 1375 1257 1415 nobilis
1287 1376 1559 1417 uoluntatem'.
1602 1375 1663 1417 De

173 1456 247 1494 quo
270 1442 373 1490 loco,
408 1455 494 1481 cum
517 1448 599 1481 tota
621 1456 683 1482 res
707 1443 874 1483 obscura
896 1443 962 1492 sit,
998 1442 1093 1482 nihil
1121 1444 1320 1484 affirmare
1344 1445 1486 1484 ausim.
1538 1444 1660 1496 Nam,

173 1516 260 1548 utut
283 1509 376 1549 haec
399 1523 463 1548 res
494 1522 536 1548 sc
566 1510 715 1560 habuit,
751 1508 904 1551 Caesar
934 1517 1041 1550 certe
1072 1510 1342 1552 intercedendi
1374 1519 1609 1566 potestatem
1641 1527 1663 1553 a

173 1574 283 1616 Sulla
306 1576 548 1615 imminutam
572 1591 660 1617 esse
683 1585 816 1631 aperte
839 1585 971 1630 negat,
996 1579 1136 1632 quippe
1158 1580 1222 1632 qui
1244 1579 1309 1630 iis,
1335 1594 1433 1632 quae
1455 1594 1570 1634 supra
1593 1595 1662 1634 po-

171 1644 248 1692 sui,
275 1643 370 1683 haec
393 1643 593 1696 adiungat:
623 1642 789 1685 ‘Sullam
813 1646 957 1685 nudata
980 1645 1159 1686 omnibus
1181 1647 1297 1687 rebus
1319 1647 1531 1688 tribunicia
1553 1656 1663 1702 pote-

170 1717 273 1751 state
295 1717 426 1750 tamen
448 1711 774 1753 intercessionem
799 1713 961 1753 liberam
984 1714 1222 1767 reliquisse'.
1258 1712 1662 1768 Itaqueintercessio-

170 1791 258 1818 nem
291 1792 340 1819 ne
370 1780 594 1819 restitutam
626 1780 779 1833 quidem
812 1781 943 1821 dicere
974 1789 1142 1835 poterat.
1186 1781 1371 1836 Augetur
1399 1784 1658 1836 peruersitas,

169 1847 272 1899 quod
301 1846 338 1886 id
369 1847 489 1887 armis
522 1849 664 1888 factum
697 1848 855 1889 dicitur.
910 1847 1024 1902 Quod
1056 1848 1362 1905 Oudendorpius
1399 1851 1445 1891 ad
1473 1852 1661 1892 inuidiam

167 1913 355 1968 Pompeio
380 1916 596 1955 faciendam
620 1913 835 1957 Caesarem
860 1918 1088 1958 ementitum
1111 1932 1198 1959 esse
1221 1919 1439 1960 existimat.
1493 1919 1550 1960 At
1583 1935 1661 1961 non

168 1989 245 2022 tam
268 1983 409 2024 stolide
431 1984 695 2024 mentiebatur
717 1983 887 2035 Caesar,
922 1993 965 2026 ut
993 2000 1148 2027 causam
1172 1987 1439 2036 tribuniciam,
1476 2003 1589 2042 quam
1618 2003 1662 2030 se

168 2051 378 2092 defendere
401 2052 573 2100 simulat,
608 2052 690 2106 ipse
714 2060 909 2106 tamquam
934 2054 1084 2095 scelere
1113 2055 1416 2096 contaminatam
1447 2057 1661 2110 reprehen-

167 2119 293 2160 deret.
329 2119 462 2161 Verba
483 2125 598 2173 ‘quae
621 2120 889 2173 superioribus
913 2123 1026 2162 annis
1049 2123 1168 2163 armis
1192 2130 1299 2164 esset
1320 2124 1516 2165 restituta'
1535 2140 1554 2166 a
1580 2140 1660 2166 ma-

166 2187 291 2241 gistro
323 2189 370 2229 ad
400 2189 671 2229 exornandam
695 2189 915 2229 orationem
937 2190 1106 2244 ascripta
1131 2198 1238 2231 sunt.
1292 2188 1391 2231 Cum
1423 2192 1659 2234 intercessio

167 2255 285 2296 armis
319 2264 453 2297 notata
485 2258 586 2298 dicta
619 2264 751 2307 esset,
786 2257 969 2298 adiunxit
998 2259 1118 2299 armis
1150 2259 1391 2308 restitutam,
1424 2266 1467 2300 ut
1501 2261 1660 2301 schema

167 2331 413 2375 nasceretur,
439 2333 476 2366 et
496 2325 584 2366 illos
607 2339 701 2366 suos
724 2325 951 2379 superiores
974 2340 1099 2367 annos
1123 2326 1183 2367 hic
1201 2328 1538 2380 quoqueinfersit.
1573 2327 1659 2369 Ex-

167 2391 315 2444 cipiunt
337 2392 447 2433 haec:
482 2391 657 2434 ‘Sullam
689 2394 833 2434 nudata
864 2394 1043 2434 omnibus
1073 2394 1191 2435 rebus
1222 2394 1433 2436 tribunicia
1465 2404 1660 2449 potestate

166 2465 297 2499 *tamen
329 2460 657 2502 intercessionem
687 2462 851 2501 liberam
880 2462 1106 2514 reliquisse,
1138 2461 1385 2516 Pompeium,
1420 2464 1485 2517 qui
1514 2464 1659 2505 amissa

167 2527 394 2569 restituisse
417 2530 616 2580 uideatur,
652 2530 753 2569 dona
776 2530 910 2581 etiam,
945 2543 1044 2583 quac
1067 2537 1159 2571 ante
1182 2531 1407 2582 habuerint,
1432 2532 1655 2573 ademisse'.

170 2591 260 2643 Hic,
286 2595 317 2634 si
339 2595 377 2635 id
399 2605 601 2651 ageretur,
626 2605 669 2638 ut
689 2597 898 2638 tribunicia
922 2604 1097 2651 potestas
1119 2598 1287 2639 ludibrio
1311 2598 1538 2650 haberetur,
1564 2600 1661 2640 nihil

171 2666 325 2712 poterat
345 2664 471 2716 aptius
494 2665 569 2705 dici
592 2680 706 2718 quam
728 2665 814 2705 iura
843 2665 1052 2705 tribunicia
1084 2666 1186 2705 dona
1208 2680 1313 2707 esse.
1357 2665 1435 2708 Sed
1468 2682 1659 2721 quaenam

171 2728 338 2768 suntilla
351 2730 466 2779 dona,
492 2746 591 2785 quae
612 2733 758 2773 tribuni
781 2741 915 2781 antea,
940 2733 1013 2773 hoc
1036 2740 1112 2781 est,
1138 2742 1345 2787 antequam
1360 2735 1568 2775 tribunicia
1592 2749 1659 2788 po-

172 2801 294 2834 testas
317 2810 339 2836 a
359 2795 546 2853 Pompeio
568 2801 862 2851 restitueretur,
888 2801 1134 2841 habuerunt?
1174 2801 1303 2843 Vnam
1333 2802 1657 2843 intercessionem

174 2859 328 2903 Caesar
357 2865 471 2918 paulo
489 2874 593 2907 ‘ante
623 2882 645 2908 a
675 2865 788 2910 Sulla
808 2869 986 2909 relictam
1009 2869 1125 2909 dixit.
1179 2867 1309 2924 Igitur
1329 2884 1378 2910 ne
1399 2869 1658 2911 multitudinis
