1835 3240
105 899 145 932 10

104 1238 143 1271 15

108 2257 149 2290 30

629 162 812 208 COMM.
837 163 856 206 I
878 161 1002 207 CAP.
1028 161 1228 204 58—61.
1653 160 1735 203 523

179 279 377 338 progressi
400 278 542 333 spatio,
568 285 610 319 ut
631 279 797 320 celerem
821 285 1022 333 receptum
1046 275 1251 323 haberent,
1277 273 1483 326 angustius
1503 274 1659 327 pabula-

176 352 345 398 bantur‚
380 347 477 388 alias
499 347 679 401 longiore
702 347 869 387 circuitu
891 345 1091 386 custodias
1114 342 1386 394 stationesque
1408 342 1577 393 equitum
1603 344 1659 383 ui-
1680 343 1705 383 3

176 417 337 466 tabant,
371 422 439 456 aut
468 415 597 469 aliquo
620 421 780 468 accepto
802 414 1038 454 detrimento
1062 418 1128 453 aut
1150 409 1282 464 procul
1305 409 1476 462 equitatu
1500 409 1585 448 uiso
1608 423 1659 450 ex

176 485 302 526 medio
325 483 464 524 itinere
485 483 672 537 proiectis
695 482 862 522 sarcinis
886 481 1101 535 fugiebant.
1145 476 1355 518 Postremo
1387 483 1427 517 et
1447 476 1579 530 plures
1603 477 1661 516 in-

181 551 401 594 termittere
424 552 506 592 dies
529 558 568 591 et
589 557 746 604 praeter
768 550 1092 589 consuetudinem
1128 546 1300 587 omnium
1323 551 1441 585 noctu
1463 544 1680 584 constitue-

175 627 267 661 rant
288 619 480 674 pabulari.
537 617 701 658 Interim
725 616 926 658 Oscenses
950 623 990 656 et
1011 613 1323 668 Calagurritani,
1347 612 1412 665 qui
1435 619 1550 652 erant
1571 625 1655 651 cum
1678 611 1737 655 60

177 686 423 729 Oscensibus
446 686 684 735 contributi,
719 686 881 725 mittunt
910 684 959 724 ad
990 698 1076 724 eum
1109 684 1260 736 legatos
1284 694 1448 733 seseque
1469 680 1662 733 imperata

177 757 352 796 facturos
375 755 622 809 pollicentur.
666 751 752 793 Hos
773 752 1103 793 Tarraconenses
1136 758 1176 791 et
1196 748 1372 789 Iacetani
1406 755 1444 788 et
1466 747 1660 787 Ausetani
1682 748 1708 789 2

177 831 216 864 et
238 823 371 877 paucis
395 829 482 877 post
504 821 639 862 diebus
661 819 1008 876 Illurgauonenses
1024 850 1034 869 ,
1070 818 1135 872 qui
1167 818 1306 857 flumen
1333 815 1523 856 Iliberum
1546 814 1663 855 attin-

179 898 291 945 gunt,
315 891 562 930 insecuntur.
606 888 715 930 Petit
744 889 790 929 ab
821 889 880 929 his
903 887 1105 934 omnibus,
1141 893 1183 925 ut
1214 899 1256 925 se
1288 886 1486 925 frumento
1508 883 1657 923 iuuent.
1683 881 1708 922 3

176 957 422 999 Pollicentur
443 964 560 1010 atque
582 957 762 998 omnibus
784 956 954 1009 undique
987 953 1217 1007 conquisitis
1247 952 1432 992 iumentis
1469 951 1509 992 in
1532 957 1664 991 castra

177 1027 398 1080 deportant.
440 1025 609 1066 Transit
630 1025 746 1066 etiam
769 1024 910 1065 cohors
932 1021 1274 1077 Illurgauonensis
1304 1020 1350 1060 ad
1386 1033 1472 1060 eum
1505 1018 1664 1072 cognito
1687 1016 1713 1057 4

177 1094 347 1134 ciuitatis
370 1093 536 1134 consilio
560 1100 600 1134 et
621 1093 735 1147 signa
757 1107 810 1133 ex
832 1092 1004 1132 statione
1038 1090 1243 1130 transfert.
1297 1086 1449 1141 Magna
1480 1086 1666 1126 celeriter

177 1162 427 1203 commutatio
457 1176 603 1202 rerum.
657 1159 842 1202 Perfecto
874 1166 1016 1214 ponte,
1053 1157 1207 1212 magnis
1239 1156 1408 1210 quinque
1439 1153 1665 1195 ciuitatibus
1688 1151 1714 1193 5

176 1231 224 1270 ad
246 1230 456 1270 amicitiam
480 1230 691 1279 adiunctis,
718 1229 902 1283 expedita
923 1242 967 1269 re
990 1226 1263 1275 frumentaria,
1289 1222 1482 1264 extinctis
1500 1221 1668 1262 rumori—

177 1298 250 1338 bus
273 1298 319 1338 de
341 1297 501 1338 auxiliis
523 1297 741 1351 legionum,
767 1311 867 1350 quae
890 1311 975 1336 cum
1001 1295 1188 1348 Pompeio
1210 1307 1281 1348 per
1294 1291 1575 1332 Mauritaniam
1600 1303 1669 1331 ue-

179 1367 266 1406 nire
289 1365 543 1416 dicebantur,
577 1365 721 1406 multae
750 1365 1049 1419 longinquiores
1073 1363 1257 1404 ciuitates
1279 1361 1326 1401 ab
1350 1360 1516 1400 Afranio
1541 1358 1668 1399 desci-

177 1441 295 1475 scunt
317 1440 356 1474 et
379 1431 568 1474 Caesaris
590 1434 801 1474 amicitiam
824 1440 1061 1486 sequuntur.
1126 1429 1279 1483 Quibus
1302 1429 1420 1469 rebus
1443 1425 1666 1482 perterritis
1689 1423 1743 1468 61

178 1502 319 1542 animis
343 1502 660 1542 aduersariorum
685 1499 853 1552 Caesar,
878 1514 926 1541 ne
949 1513 1105 1554 semper
1125 1513 1268 1553 magno
1292 1497 1459 1537 circuitu
1480 1508 1550 1549 per
1572 1506 1668 1547 pou-

178 1577 253 1610 tem
278 1570 474 1623 equitatus
488 1577 594 1611 esset
615 1570 843 1619 mittendus,
868 1575 1006 1609 nactus
1029 1568 1351 1608 idonenmlocum
1376 1566 1504 1605 fossas
1528 1563 1668 1617 pedum

178 1644 280 1678 200(
299 1638 339 1678 in
362 1638 607 1678 latitudinem
632 1639 851 1692 complures
876 1638 1007 1676 facere
1028 1635 1225 1684 instituit,
1265 1634 1403 1687 quibus
1428 1638 1575 1686 partem
1599 1630 1671 1670 ali-

178 1719 291 1758 quam
324 1705 478 1747 Sicoris
510 1713 714 1746 auerteret
745 1705 967 1757 uadumque
998 1703 1039 1743 in
1068 1717 1114 1743 eo
1153 1702 1313 1742 flumine
1343 1702 1529 1741 efficeret.
1596 1697 1669 1738 His
1691 1695 1718 1737 2

179 1787 304 1827 paene
327 1775 474 1814 effectis
504 1788 687 1827 magnum
720 1773 759 1813 in
783 1773 962 1813 timorem
986 1771 1178 1811 Afranius
1201 1768 1466 1821 Petreiusque
1489 1766 1671 1821 perueni—

182 1849 267 1889 unt,
292 1843 719 1883 neomniuofrumento
742 1840 961 1895 pabuloque
983 1839 1362 1887 intercluderentur,
1389 1837 1487 1890 quod
1508 1835 1672 1876 multum

183 1907 337 1950 Caesar
358 1911 534 1963 equitatu
555 1910 728 1951 ualebat.
772 1908 911 1962 Itaque
934 1908 1183 1949 constituunt
1203 1907 1278 1960 ipsi
1299 1906 1365 1946 lzfs
1387 1905 1483 1945 locis
1502 1903 1672 1944 excede-

181 1991 224 2018 re
247 1985 285 2018 et
305 1978 345 2018 in
368 1975 622 2019 Celtiberiam
645 1978 789 2018 bellum
814 1978 1046 2018 transferre.
1097 1975 1201 2016 Huic
1225 1974 1390 2015 consilio
1413 1971 1670 2025 subfragaba-
1694 1968 1718 2009 3

181 2053 244 2086 tur
265 2046 379 2087 etiam
402 2047 468 2087 illa
488 2061 553 2087 res
568 2078 578 2097 ,
614 2046 714 2100 quod
744 2060 798 2086 ex
829 2045 978 2085 duobus
1010 2044 1220 2084 contrariis
1252 2041 1464 2096 generibus
1486 2052 1584 2093 (piae
1606 2052 1673 2079 su-

180 2115 336 2168 periore
358 2115 459 2156 bello
483 2129 567 2156 cum
590 2113 643 2155 L.
671 2112 852 2154 Sertorio
875 2120 1071 2154 steterant
1093 2112 1275 2152 ciuitates
1299 2111 1428 2150 uictae
1450 2121 1591 2148 nomen
1614 2113 1674 2146 at-

181 2196 255 2235 que
277 2183 482 2238 imperium
506 2183 681 2223 absentis
704 2181 882 2236 Pompeii
907 2181 1110 2230 timebant,
1139 2193 1237 2233 quae
1259 2179 1298 2218 in
1321 2178 1496 2218 amicitia
1518 2188 1674 2216 manse-

181 2258 271 2291 rant
302 2251 455 2306 magnis
487 2251 666 2291 adfectae
697 2250 900 2291 beneficiis
933 2264 1018 2290 eum
1043 2248 1281 2303 diligebant,
1317 2244 1507 2287 Caesaris
1541 2250 1673 2284 autem

181 2325 266 2359 erat
296 2319 335 2359 in
365 2318 546 2360 barbaris
576 2332 718 2359 nomen
743 2318 964 2359 obscurius,
1009 2316 1085 2357 Hic
1107 2329 1271 2370 magnos
1294 2315 1491 2369 equitatus
1515 2325 1674 2366 magna-

327 2457 340 2489 1
363 2457 570 2499 pabulantur
588 2468 608 2489 α
621 2458 652 2489 b.
792 2457 812 2489 8
831 2455 1113 2487 Tarraconenses
1128 2454 1159 2487 b.
1301 2453 1480 2486 Auscitaui
1499 2463 1529 2484 c.

185 2508 202 2540 9
223 2507 383 2540 Hiberum
403 2510 433 2549 b,
456 2509 628 2553 Hyberum
648 2520 692 2550 ας
713 2508 845 2541 Iberum
865 2509 996 2550 ubique.
1016 2519 1051 2539 u.
1214 2506 1254 2539 10
1273 2507 1476 2538 insecuntur
1494 2515 1528 2537 α.

187 2559 227 2591 12
246 2559 519 2600 Lurgauonensis
538 2572 558 2593 a
572 2562 603 2593 b.
773 2561 811 2592 15
831 2560 994 2591 extinctis
1012 2569 1047 2591 α.
1227 2558 1266 2590 18
1286 2557 1474 2589 amiciciam
1495 2565 1529 2588 α.

184 2612 223 2644 21
246 2612 462 2644 latitudinem
480 2613 533 2654 (a)
551 2614 695 2655 reliqui,
717 2612 933 2644 altitudinem
956 2612 987 2642 b.
1203 2611 1247 2644 22
1267 2611 1403 2642 Sicores
1424 2620 1456 2647 a,
1480 2608 1617 2639 Sicoros
1638 2608 1670 2636 I).

328 2663 370 2697 23
389 2674 473 2705 pene
492 2675 526 2696 α.
747 2666 788 2699 25
808 2665 873 2707 ipsi
895 2665 944 2695 his
966 2663 1240 2704 Oudendorpzsas
1260 2664 1337 2705 (secl
1354 2662 1427 2704 iis),
1448 2661 1512 2703 ipsi
1532 2670 1552 2691 a
1572 2659 1669 2690 ‘mss-

186 2713 328 2745 omnes'.
445 2714 487 2747 26
507 2714 775 2756 subfragabatur
791 2726 825 2747 a.
958 2715 1002 2747 28
1020 2725 1094 2746 cum
1115 2713 1268 2746 Sestorio
1290 2715 1320 2744 b.
1461 2712 1502 2746 29
1522 2709 1672 2750 Pompeii

182 2769 266 2807 post
292 2765 444 2797 absentis
466 2767 668 2808 ponendum
693 2767 792 2799 uidit
818 2767 1014 2806 Daui-clus,
1047 2770 1131 2798 ante
1158 2766 1287 2806 magnis
1315 2765 1387 2805 (30)
1401 2766 1542 2806 ponunt
1567 2761 1669 2793 codd.

329 2817 371 2849 30
390 2816 547 2850 adfectae
566 2829 600 2850 α.
742 2818 781 2850 31
803 2823 879 2850 erat
896 2819 928 2849 in
945 2818 1099 2849 barbaris
1112 2828 1133 2849 a
1145 2818 1362 2859 Stephanus,
1383 2816 1414 2847 iu
1427 2814 1584 2847 barbaris
1598 2817 1673 2844 crat

186 2870 323 2899 colerae
341 2867 418 2899 edd.
562 2869 615 2901 hic
634 2879 654 2901 a
667 2870 685 2901 b
704 2869 783 2901 edd.
802 2873 885 2902 anie
904 2869 1043 2911 Steplz„
1064 2869 1140 2900 binc
1153 2868 1359 2909 Stephanus
1374 2877 1407 2898 ll.
1549 2875 1671 2907 magna
