1835 3240
710 171 1137 213 -136—-

177 286 281 327 sulto
318 286 481 339 quodam
517 299 539 326 a
569 283 708 327 Caelio
740 286 788 326 ad
819 283 1054 326 Ciceronem
1081 285 1221 336 misso,
1256 285 1357 338 quod
1377 284 1524 338 legitur
1545 282 1656 324 Fam.

177 352 291 403 VIII,
316 353 357 404 8,
382 352 424 404 5,
449 367 552 394 nunc
575 353 727 406 quidem
761 353 904 392 dicitur
928 350 991 392 ‘C.
1016 351 1214 393 Lucceius
1237 349 1286 393 C.
1308 354 1335 393 f.
1360 351 1460 406 Pup.
1484 351 1658 401 Hirrus'‚

177 422 246 462 sed
268 422 314 463 de
336 422 561 462 coniectura
582 420 630 461 P.
656 419 850 460 Manutii:
875 420 915 459 in
938 420 1000 460 ed.
1025 420 1259 461 Victoriana
1280 434 1315 460 a.
1339 419 1465 468 1536,
1496 433 1662 473 quacum

178 489 306 529 codex
336 487 541 529 Medieeus
576 502 595 527 a
628 486 747 527 Furia
779 488 941 526 collatus
973 494 1058 537 est,
1087 485 1152 527 ι(3.
1177 485 1340 527 Lucius'
1362 488 1548 540 scriptum
1582 494 1658 536 est,

177 570 305 609 neque
327 570 349 596 a
368 554 493 596 Furia
524 555 603 595 ulla
636 554 900 608 discrepantia
930 561 1077 593 notata.
1127 553 1243 594 Hunc
1272 561 1402 594 autem
1423 554 1585 595 Hirrum
1608 568 1662 594 ex

179 620 267 664 Cic.
292 624 338 664 ad
362 621 412 675 Ω.
439 625 552 663 fratr.
576 620 653 672 ΙΙΙ,
679 620 720 671 8,
743 622 784 662 4.
809 621 851 671 9,
877 619 901 661 3
924 621 1068 662 scimus
1096 621 1294 662 tribunum
1326 621 1448 675 plebis
1472 623 1517 662 de
1540 623 1660 662 dicta-

176 698 266 732 tura
288 688 364 731 Cn.
388 689 578 742 Pompeio
610 689 820 729 deferenda
851 689 898 728 ad
928 690 1107 743 populum
1136 691 1242 730 ferre
1265 689 1452 730 uoluisse.
1504 687 1566 729 De
1586 703 1662 741 qua

177 772 221 800 re
243 757 479 799 Plutarchus
502 755 639 811 Pomp.
658 756 712 797 54
732 757 788 797 ita
809 755 969 796 scribit:
997 750 1071 800 κοιὶ
1091 755 1219 813 λόγος
1241 754 1384 805 εὐθύς
1405 754 1557 815 ἐχώρει
1574 773 1661 799 πο-

179 825 255 873 λύς
283 822 393 880 ’ὑπὲρ
428 819 708 879 δικτάτορος,
742 823 794 866 ὃν
826 824 999 879 πρῶτος
1020 826 1082 871 εἷς
1101 824 1242 879 μέσον
1264 828 1506 880 ἐξενεγκεῖν
1538 825 1661 867 ἐτόλ-

175 909 291 949 μησε
330 892 594 939 Λουκίλλιος
634 888 658 934 0‘
687 889 915 947 δήμαρχος
943 892 1002 948 τῷ
1044 890 1170 948 δήμῳ
1210 893 1444 947 παραινῶν
1480 892 1662 935 ἑλέσθαι

177 959 415 1016 δικτάτορα
439 958 705 1015 Πομπήὶὶψ.
745 958 882 1012 Itaque
905 973 1048 1000 nomen
1071 960 1158 1000 huic
1181 960 1326 1001 homini
1348 961 1423 1001 fuit
1454 959 1555 1001 Gaio
1577 959 1661 1000 Lu-

178 1029 268 1068 cilio
291 1027 431 1068 Hirro.
462 1026 606 1081 Neque
629 1028 728 1082 apud
751 1024 869 1068 Caes.
895 1027 934 1067 h.
960 1028 1034 1067 ciu.
1057 1025 1131 1077 III,
1147 1027 1217 1078 82,
1242 1026 1266 1068 5
1291 1029 1444 1068 dubium
1468 1035 1544 1077 est,
1569 1028 1662 1081 quin

172 1094 327 1136 Lucius
349 1095 494 1136 Hirrus
516 1096 607 1136 item
630 1103 673 1137 ut
694 1095 794 1149 apud
816 1092 994 1135 Caelium
1017 1108 1154 1135 errore
1175 1109 1245 1149 pro
1266 1094 1422 1136 Lucilio
1445 1095 1566 1136 Hirro
1594 1109 1663 1149 po-

174 1164 273 1204 situs
296 1164 372 1204 sit:
396 1164 577 1217 idemque
600 1178 742 1204 nomen
764 1178 824 1216 ap.
850 1162 973 1204 Varr.
999 1163 1045 1202 de
1066 1176 1108 1202 re
1129 1170 1232 1203 rust.
1257 1161 1311 1214 II,
1339 1162 1378 1214 l,
1401 1164 1428 1205 2
1449 1164 1661 1205 restituen-

175 1232 264 1272 dum
288 1239 361 1282 est,
388 1232 451 1272 ubi
476 1228 543 1272 ⁴C.
569 1229 712 1271 Lucilii
734 1230 862 1285 Hirpi'
885 1230 1073 1284 scriptum
1097 1237 1171 1270 est.

290 1296 340 1340 C.
364 1298 434 1349 22,
459 1299 486 1339 2
507 1298 604 1339 haec
625 1298 665 1338 in
687 1299 798 1338 codd.
824 1298 1030 1352 leguntur:
1059 1292 1199 1339 ‘Facta
1229 1306 1423 1353 potestate
1447 1313 1499 1340 ex
1521 1299 1660 1353 oppido

172 1367 355 1417 mittitur,
382 1380 507 1420 neque
538 1366 585 1407 ab
609 1380 655 1407 eo
686 1366 793 1419 prius
816 1364 1033 1407 Domitiani
1062 1365 1206 1407 milites
1229 1367 1459 1416 discedunt,
1485 1380 1598 1419 quam
1619 1366 1661 1406 in

171 1442 422 1488 conspectum
445 1432 632 1475 Caesaris
656 1434 887 1474 deducatur.
940 1432 1041 1474 Cum
1064 1447 1110 1474 eo
1133 1434 1179 1474 de
1201 1435 1328 1474 salute
1349 1448 1420 1474 sua
1441 1440 1528 1474 orat
1548 1440 1660 1487 atque

171 1502 380 1553 obsecrat,
405 1509 446 1542 ut
467 1502 540 1542 sibi
563 1508 721 1556 parcat,
747 1508 1000 1555 ueteremque
1022 1502 1233 1542 amicitiam
1256 1509 1538 1542 commemorat
1558 1499 1660 1542 Cae*

171 1571 351 1624 sarisque
374 1570 414 1610 in
436 1584 478 1610 se
501 1569 689 1610 beneficia
714 1569 891 1623 exponit'
915 1576 1009 1610 cett.
1043 1569 1177 1624 Atque
1199 1569 1294 1610 haec
1315 1568 1503 1610 Dauisius
1526 1570 1660 1610 desen-

170 1638 226 1677 dit
246 1638 343 1677 locis
367 1637 593 1693 quibusdam
615 1636 750 1677 Plauti
780 1637 898 1677 Asin.
922 1635 996 1686 ΙΙΙ,
1021 1635 1046 1675 3
1063 1668 1074 1687 ,
1097 1636 1150 1676 71
1177 1637 1293 1677 ‘hanc
1325 1637 1414 1677 iube
1444 1644 1580 1690 petere
1601 1644 1659 1677 at-

170 1719 246 1758 que
280 1718 395 1744 orare
427 1704 606 1754 mecum',
645 1701 808 1744 Curcul.
834 1703 908 1755 ΙΙΙ,
933 1704 987 1745 62
1020 1710 1160 1745 ‘tecum
1193 1718 1262 1744 oro
1294 1712 1333 1745 et
1363 1705 1520 1757 quaeso'
1544 1706 1660 1757 (adde

172 1770 268 1813 Cas.
293 1771 368 1822 ΙΙΙ,
394 1774 435 1823 4,
462 1771 486 1813 5
512 1772 618 1825 ‘quid
641 1779 769 1812 tecum
791 1772 968 1822 oraui?'‚
991 1771 1109 1813 Pers.
1132 1769 1167 1821 I,
1193 1770 1234 1822 3,
1259 1772 1311 1812 37
1336 1772 1426 1812 ‘hoc
1450 1773 1554 1813 enim
1582 1773 1658 1813 iam

170 1839 264 1880 here
295 1841 456 1880 narraui
487 1840 553 1879 tibi
586 1847 792 1893 tecumque
823 1839 968 1893 oraui')
1010 1847 1047 1881 et
1076 1839 1255 1880 Terentii
1286 1838 1387 1880 Hec.
1420 1839 1495 1891 IV,
1529 1841 1580 1892 4,
1604 1841 1660 1883 64

173 1907 252 1962 ‘egi
275 1915 390 1960 atque
413 1908 524 1948 oraui
546 1908 702 1948 tecum'.
757 1906 838 1949 Sed
861 1908 932 1948 boe
954 1908 1038 1948 sine
1061 1907 1177 1948 dubio
1200 1921 1250 1948 ex
1276 1908 1457 1948 familiari
1486 1909 1662 1963 uulgari-

173 1988 247 2028 que
270 1988 453 2016 sermone
476 1977 637 2030 petitum
661 1983 747 2025 est,
780 1976 822 2016 in
843 1990 918 2029 quo
935 2007 945 2026 ‚
979 1983 1022 2016 ut
1042 1975 1162 2016 multa
1183 1982 1274 2016 sunt
1295 1976 1484 2017 liberiora
1499 2007 1510 2027 ,
1541 1977 1597 2018 ita
1617 1977 1660 2017 in

170 2043 242 2083 hac
274 2057 426 2096 quoque
457 2045 624 2084 formula
654 2045 801 2084 factum
835 2051 919 2094 est,
954 2050 1020 2093 ut,
1055 2044 1154 2096 quod
1185 2043 1224 2083 in
1258 2044 1404 2084 orando
1427 2058 1515 2085 cum
1536 2045 1659 2086 altero

170 2111 383 2164 agebatur,
419 2111 468 2151 ad
504 2111 577 2151 hoc
607 2111 770 2153 uerbum
793 2112 904 2165 quasi
926 2112 1073 2152 orando
1095 2112 1287 2152 inclusum
1319 2112 1509 2153 orationis
1533 2114 1660 2154 forma

170 2179 546 2219 accommodaretur.
591 2179 737 2234 Neque
758 2180 843 2220 sine
866 2193 985 2220 causa
1007 2179 1197 2220 accidisse
1220 2179 1414 2231 arbitror,
1438 2187 1483 2220 ut
1504 2180 1660 2221 Teren-

169 2246 263 2296 tius,
288 2247 406 2286 multo
430 2247 495 2288 ille
517 2245 658 2288 Plauto
682 2248 834 2288 cautior
856 2255 893 2288 et
914 2248 1135 2301 elegantior
1150 2279 1160 2298 ,
1184 2248 1311 2302 ipsum
1332 2248 1474 2303 agendi
1496 2248 1661 2289 uerbum

171 2314 360 2354 adiceret.
411 2312 628 2355 Praeterea
651 2316 1040 2356 animaduertendum
1064 2322 1126 2356 est
1146 2329 1195 2356 ne
1218 2316 1388 2357 comicos
1411 2317 1566 2369 quidem
1588 2316 1660 2356 ali-

170 2388 235 2421 ter
265 2381 341 2422 nisi
373 2381 413 2421 in
444 2384 646 2435 personali
678 2384 908 2438 pronomine
938 2384 1008 2424 hac
1047 2383 1230 2424 libertate
1258 2397 1354 2424 usos
1387 2397 1490 2424 esse.
1542 2382 1658 2436 Apud

171 2449 288 2490 alium
320 2457 451 2489 autem
482 2451 712 2503 scriptorem
735 2451 806 2492 hoc
830 2451 982 2492 dicendi
1012 2465 1137 2506 genus
1159 2451 1331 2491 inueniri
1361 2464 1440 2491 non
1461 2449 1654 2491 arbitror:

170 2531 194 2557 a
215 2513 390 2557 Caesare
427 2524 534 2557 certe
567 2524 683 2571 atque
715 2518 762 2558 ab
795 2520 955 2559 exculto
987 2526 1026 2559 et
1048 2518 1198 2559 urbano
1220 2532 1403 2558 sermone
1425 2518 1540 2572 plane
1563 2518 1658 2559 alie-

171 2599 262 2625 num
285 2591 358 2625 est.
392 2583 535 2637 Neque
558 2592 705 2635 tamen,
732 2587 832 2638 quod
855 2593 947 2626 ante
967 2584 1173 2626 Dauisium
1195 2585 1334 2635 fiebat,
1359 2600 1428 2639 pro
1450 2586 1516 2626 illo
1541 2586 1656 2627 ‘orat'

170 2653 391 2706 ponendum
413 2660 500 2693 erat
524 2652 652 2708 ‘agit',
676 2653 761 2699 sed,
786 2659 829 2692 ut
848 2652 924 2692 Tb.
949 2651 1155 2693 Bentleius
1177 2653 1299 2703 uidit,
1323 2653 1395 2693 boc
1416 2654 1543 2707 potius
1566 2660 1658 2694 ante

168 2720 266 2761 illud
287 2719 556 2761 inserendum.

286 2785 336 2829 C.
362 2786 431 2838 35,
455 2787 483 2829 4
503 2788 600 2829 haec
623 2788 813 2829 edunturz
839 2787 1052 2842 ‘principes
1083 2802 1179 2829 uero
1213 2802 1302 2829 esse
1333 2802 1468 2829 earum
1489 2789 1658 2844 partium

172 2852 250 2897 Cn.
274 2853 503 2910 Pompeium
525 2864 564 2898 et
586 2853 635 2897 C.
661 2854 899 2906 Caesarem,
926 2862 1114 2910 patronos
1136 2856 1310 2898 ciuitatis
1325 2887 1336 2908 ,
1360 2871 1526 2911 quorum
1555 2857 1659 2898 alter
