1835 3240
114 144 199 188 638
645 143 816 187 BELLI
837 142 1244 186 ALEXANDRINI

188 257 263 313 ipsi
293 257 367 299 sibi
398 257 603 299 timebant.
647 257 708 299 Ita
734 258 797 310 qui
831 271 933 297 unus
956 270 1008 296 ex
1030 257 1209 298 omnibus
1231 271 1277 298 eo
1299 258 1447 312 proelio
1469 257 1569 299 bene
1591 270 1673 298 rem

188 323 328 377 gessit,
354 323 460 364 solus
484 337 569 363 cum
592 336 663 362 sua
685 320 921 374 quadriremi
945 320 1108 361 uictrice
1129 321 1244 374 perit.

112 385 170 431 26
301 383 383 426 Sub
405 385 506 425 idem
528 392 678 438 tempus
701 381 954 424 Mithridates
966 382 1254 436 Pergamenus,
1274 396 1438 436 magnae
1460 382 1674 424 nobilitatis

188 449 292 489 domi
313 448 581 500 scientiaeque
602 447 642 486 in
663 446 766 486 bello
789 452 828 486 et
850 446 1024 496 uirtutis,
1046 446 1133 487 fidei
1153 446 1429 500 dignitatisque
1446 446 1488 487 in
1502 447 1674 488 amicitia

188 509 374 553 Caesaris
393 541 402 558 ,
437 511 580 550 missus
612 510 652 550 iu
678 507 835 563 Syriam
863 508 1122 563 Ciliciamque
1153 509 1266 549 initio
1297 508 1386 548 belli
1408 508 1673 551 Alexandrini

186 575 234 616 ad
257 573 407 614 auxilia
429 571 670 612 arcessenda
693 585 780 611 cum
803 571 954 626 magnis
978 572 1116 625 copiis,
1133 585 1228 625 quas
1252 570 1437 611 celeriter
1458 579 1496 610 et
1512 586 1676 626 propen-

185 636 341 677 sissima
364 633 565 674 ciuitatum
589 633 791 673 uoluntate
814 639 853 672 et
875 647 946 673 sua
968 633 1172 687 diligentia
1194 633 1435 681 confecerat,
1452 633 1593 675 itinere
1610 648 1675 688 pe-

137 704 165 747 2
188 703 333 753 destri,
360 716 434 755 quo
457 701 709 755 coniungitur
730 700 937 755 Aegyptus
963 698 1108 756 Syriae
1124 732 1133 750 ,
1158 698 1360 741 Pelusium
1383 700 1541 740 adducit
1560 701 1675 755 idque

187 772 366 826 oppidum
401 770 511 810 firmo
542 769 737 823 praesidio
769 774 1000 823 occupatum
1023 768 1203 809 Achillae
1226 775 1386 823 propter
1407 768 1676 821 opportunita-

185 846 263 880 tem
286 838 361 878 loci
386 839 571 890 (namque
593 843 676 877 tota
698 836 902 892 Aegyptos
924 836 1130 877 maritumo
1153 850 1318 877 accessu
1332 834 1479 884 Pharo,
1504 835 1676 889 pedestri

183 906 344 948 Pelusio
375 905 485 946 uelut
513 905 696 946 claustris
728 905 878 945 munita
910 904 1189 957 existimatur)
1222 911 1384 958 repente
1414 904 1567 958 magnis
1599 904 1674 945 cir-

186 975 406 1016 cumdatum
442 972 563 1028 copiis
593 973 798 1027 multiplici
830 973 1025 1027 praesidio
1058 973 1315 1028 pertinaciter
1338 972 1673 1026 propugnantibus

185 1051 225 1085 et
266 1043 467 1097 copiarum
508 1041 804 1096 magnitudine,
846 1055 942 1094 quas
973 1041 1149 1095 integras
1181 1040 1398 1081 uulneratis
1429 1040 1674 1093 defessisque

184 1111 418 1161 subiciebat,
445 1117 484 1150 et
505 1110 802 1164 perseuerantia
825 1109 1126 1163 constantiaque
1150 1108 1412 1163 oppugnandi,
1434 1123 1508 1162 quo
1532 1108 1593 1149 die
1616 1115 1676 1149 est

185 1180 413 1236 adgressus,
430 1178 471 1218 in
493 1191 603 1218 suam
626 1178 780 1233 redegit
801 1184 1036 1232 potestatem
1059 1176 1373 1230 praesidiumque
1394 1176 1447 1216 ibi
1464 1191 1577 1216 suum
1595 1176 1674 1217 col-

137 1248 162 1290 3
184 1248 343 1290 locauit.
386 1245 481 1286 Inde
513 1259 556 1285 re
587 1245 688 1286 bene
710 1252 823 1300 gesta
843 1243 1140 1284 Alexandream
1164 1243 1213 1284 ad
1235 1240 1450 1284 Caesarem
1473 1244 1674 1285 contendit

184 1327 398 1368 omnesque
421 1327 488 1354 eas
511 1313 710 1367 regiones,
728 1327 798 1367 per
819 1326 916 1366 quas
938 1312 1015 1353 iter
1037 1312 1220 1361 faciebat,
1239 1311 1474 1352 auctoritate
1492 1325 1553 1362 ea,
1574 1325 1673 1365 quae

182 1384 409 1439 plerumque
440 1382 551 1423 adest
583 1381 750 1432 uictori,
785 1387 946 1435 pacarat
968 1387 1083 1434 atque
1105 1380 1146 1421 in
1168 1378 1378 1420 amicitiam
1401 1376 1588 1420 Caesaris
1610 1393 1673 1421 re-

104 1452 160 1498 27
183 1452 360 1506 degerat.
410 1448 546 1491 Locus
579 1456 639 1490 est
671 1450 753 1490 fere
783 1449 990 1503 regionum
1024 1449 1181 1490 illarum
1211 1446 1476 1488 nobilissimus
1510 1461 1588 1487 non
1618 1447 1673 1487 ita

181 1521 298 1574 longe
321 1519 368 1560 ab
391 1518 665 1568 Alexandrea,
691 1518 753 1571 qui
777 1517 1003 1558 nominatur
1024 1515 1167 1568 Delta,
1203 1516 1305 1570 quod
1327 1529 1470 1556 nomen
1493 1529 1514 1556 a
1536 1515 1672 1556 simili-

133 1590 161 1633 2
182 1589 316 1630 tudine
346 1588 504 1628 litterae
535 1587 709 1641 accepit:
746 1600 835 1626 nam
870 1600 960 1640 pars
984 1585 1172 1639 quaedam
1195 1584 1365 1624 fluminis
1387 1582 1473 1624 Nili
1496 1583 1670 1624 dcriuata

179 1658 285 1699 inter
314 1671 357 1697 se
389 1655 537 1696 duobus
570 1654 778 1696 itineribus
810 1654 996 1708 paulatim
1026 1653 1196 1694 medium
1227 1652 1333 1693 inter
1354 1666 1398 1692 se
1422 1651 1588 1706 spatium
1609 1664 1672 1691 re-

132 1725 158 1766 3
180 1726 361 1779 linquens
393 1724 664 1765 diuersissimo
700 1723 747 1763 ad
778 1722 870 1763 litus
902 1721 1113 1762 interuallo
1147 1720 1246 1761 mari
1276 1719 1543 1772 coniungitur.
1596 1715 1671 1758 Cui

180 1795 267 1835 loco
298 1808 382 1833 cum
413 1792 727 1847 adpropinquare
748 1789 1008 1831 Mithridaten
1030 1803 1103 1829 rex
1127 1787 1381 1842 cognouisset
1402 1793 1441 1827 et
1462 1792 1672 1826 transeun-

180 1862 269 1902 dum
302 1861 338 1901 ei
368 1860 511 1900 {lumen
533 1860 679 1908 sciret,
704 1872 867 1911 magnas
891 1859 1081 1898 aduersus
1105 1871 1191 1897 eum
1215 1855 1346 1910 copias
1370 1854 1498 1903 misit,
1534 1853 1671 1907 quibus

179 1929 244 1970 uel
275 1928 455 1983 superari
488 1927 689 1980 delerique
710 1925 973 1966 Mithridaten
1003 1925 1067 1966 uel
1100 1925 1185 1966 sine
1216 1924 1331 1964 dubio
1362 1922 1524 1963 retineri
1557 1935 1671 1974 posse

131 1999 158 2039 4
181 1997 377 2038 credebat.
415 1993 749 2048 Quemadmodum
773 2000 901 2034 autem
925 1993 1085 2048 optabat
1107 2007 1192 2032 eum
1216 1992 1338 2042 uinci,
1357 1991 1414 2032 sic
1435 1990 1531 2030 satis
1556 1989 1672 2029 habe-

134 2066 159 2107 5
181 2065 246 2107 bat
277 2064 536 2105 interclusum
567 2077 589 2103 a
612 2061 788 2105 Caesare
811 2077 833 2103 a
856 2076 898 2103 se
920 2061 1099 2102 retineri.
1142 2058 1254 2114 Quae
1276 2060 1422 2114 primae
1445 2059 1580 2112 copiae
1601 2057 1671 2097 flu-

180 2147 269 2174 men
292 2147 313 2173 a
335 2131 451 2173 Delta
477 2131 646 2172 transire
670 2138 708 2172 et
728 2129 954 2171 Mithridati
975 2142 1185 2170 occurrere
1208 2133 1421 2182 potuerunt
1438 2158 1448 2177 ,
1482 2125 1670 2180 proelium

182 2202 465 2242 commiserunt
498 2201 731 2241 festinantes
766 2199 990 2254 praeripere
1022 2196 1350 2250 subsequentibus
1382 2193 1574 2236 uictoriae
1608 2205 1671 2231 so-

131 2268 379 2311 ficietatem.
457 2267 635 2322 Quorum
678 2269 863 2322 impetum
903 2265 1159 2307 Mithridates
1199 2278 1339 2318 magna
1378 2277 1462 2303 cum
1502 2259 1670 2315 pruden-

326 2339 339 2371 1
362 2339 411 2370 ita
431 2339 487 2381 qui
505 2339 556 2371 M.
574 2339 764 2380 Hauptius,
787 2338 902 2380 itaque
921 2335 1024 2368 codd.
1164 2336 1184 2370 2
1203 2335 1292 2378 perit
1312 2343 1332 2365 α
1349 2333 1371 2366 2
1388 2331 1489 2370 dett„
1511 2329 1612 2372 periit
1630 2339 1664 2360 u.

328 2392 345 2422 5
358 2390 473 2422 missis
486 2401 507 2422 α
519 2391 549 2423 b.
692 2390 816 2422 Siriam
830 2400 864 2421 α.
1006 2388 1083 2420 initi
1098 2388 1129 2419 b.
1260 2386 1278 2418 7
1292 2383 1483 2417 ciuitatium
1496 2392 1526 2414 c.

182 2444 203 2476 8
220 2442 384 2484 Aegiptus
403 2453 437 2473 (ι.
579 2441 734 2483 adducit]
755 2440 898 2472 aduenit
916 2440 1103 2472 Davisius.
1265 2437 1283 2469 9
1303 2435 1472 2468 Achilliae
1492 2445 1524 2466 a.

183 2493 451 2536 oportunitatem
465 2504 498 2526 α.
644 2493 683 2525 10
694 2493 860 2535 Aegiptos
873 2502 908 2532 α,
928 2491 1103 2534 Aegyptus
1116 2499 1151 2520 u.
1275 2488 1474 2519 maritumos
1489 2496 1564 2518 cum
1581 2494 1673 2526 pnn-

183 2548 240 2577 σέο
259 2554 367 2586 super
384 2555 399 2577 s
417 2556 452 2577 a.
595 2545 631 2577 11
654 2545 785 2585 magnis
805 2554 873 2576 om.
896 2544 927 2575 b.
1071 2542 1112 2575 12
1130 2540 1358 2583 pugnantibus
1377 2541 1408 2571 b.
1553 2538 1592 2570 15
1613 2537 1672 2568 ad·

182 2605 322 2637 gressus
341 2607 375 2628 α.
517 2597 557 2629 16
575 2596 828 2628 Alexandream
847 2606 867 2627 a
882 2606 910 2635 c,
930 2593 1175 2626 Alexandriam
1195 2602 1229 2623 u.
1373 2592 1412 2624 18
1426 2595 1568 2634 pararat
1579 2599 1670 2622 unus

182 2648 255 2681 det.
276 2650 311 2679 et
323 2656 415 2679 corr.
429 2657 462 2686 a,
485 2651 624 2688 pacaret
635 2651 720 2678 ante
733 2656 827 2678 corr.
839 2656 880 2684 α,-
900 2645 1055 2687 placarat
1069 2642 1298 2674 ‘ceter-imm)
1445 2643 1480 2674 19
1493 2642 1540 2674 ita
1551 2651 1620 2674 om.
1635 2641 1666 2673 b.

326 2697 599 2733 20Alexandrea
617 2708 637 2729 a
651 2709 678 2738 c,
701 2696 912 2730 Alexandria
925 2706 958 2728 u.
1099 2694 1139 2728 21
1153 2693 1318 2735 accepita
1333 2694 1363 2734 h,
1386 2694 1523 2737 cepitu.

183 2752 342 2785 deriuata
355 2761 375 2783 α
389 2751 406 2782 b
419 2750 464 2783 04
478 2750 581 2790 dett„
604 2750 688 2782 mire
703 2749 859 2781 deriuata
871 2758 906 2780 η.
1046 2746 1089 2779 23
1102 2746 1185 2777 mari
1200 2747 1228 2785 b,
1251 2755 1269 2776 a
1282 2746 1366 2777 inari
1378 2745 1522 2786 reliqui.

181 2805 226 2839 24
245 2801 519 2845 adpropinquare
538 2811 571 2832 α.
751 2798 986 2837 Mithridaten,
1008 2807 1075 2828 non
1095 2815 1139 2819 -η
1157 2801 1237 2837 tein,
1258 2797 1388 2838 ubique
1407 2796 1458 2837 (a)
1481 2795 1610 2827 Graeu.
1631 2803 1666 2825 α.

325 2854 367 2890 :26
387 2853 585 2886 Mitridaten
605 2854 640 2883 et
656 2851 697 2886 29
718 2848 884 2882 Mitridati
902 2853 935 2882 et
954 2849 991 2882 31
1017 2848 1211 2882 Mitridates
1230 2858 1262 2879 α.
1461 2846 1497 2880 31
1520 2845 1669 2888 pruden-

1705 517 1722 549 ςῖῐ

1709 843 1750 877 10

1711 1183 1749 1217 15

1704 1521 1747 1557 20

1702 1859 1745 1893 25

1703 2198 1745 2231 30
