<?xml version="1.0" encoding="UTF-8"?>
<!DOCTYPE html PUBLIC "-//W3C//DTD XHTML 1.0 Transitional//EN"
    "http://www.w3.org/TR/xhtml1/DTD/xhtml1-transitional.dtd">
<html xmlns="http://www.w3.org/1999/xhtml" xml:lang="en" lang="en">
 <head>
  <title>
</title>
<meta http-equiv="Content-Type" content="text/html;charset=utf-8" />
  <meta name='ocr-system' content='tesseract 3.04.00' />
  <meta name='ocr-capabilities' content='ocr_page ocr_carea ocr_par ocr_line ocrx_word'/>
</head>
<body>
  <div class='ocr_page' id='page_1' title='image "./commentarii00caesuoft_0388.png"; bbox 0 0 1835 3240; ppageno 0'>
   <div class='ocr_carea' id='block_1_1' title="bbox 93 163 1196 212">
    <p class='ocr_par' dir='ltr' id='par_1_1' title="bbox 93 163 1196 212">
     <span class='ocr_line' id='line_1_1' title="bbox 93 163 1196 212; baseline -0.003 0"><span class='ocrx_word' id='word_1_1' title='bbox 93 170 175 212; x_wconf 83' lang='lat'>378</span> <span class='ocrx_word' id='word_1_2' title='bbox 616 167 690 210; x_wconf 88' lang='lat' dir='ltr'>DE</span> <span class='ocrx_word' id='word_1_3' title='bbox 722 167 914 210; x_wconf 88' lang='lat' dir='ltr'>BELLO</span> <span class='ocrx_word' id='word_1_4' title='bbox 946 163 1196 209; x_wconf 86' lang='lat' dir='ltr'>GALLICO</span> 
     </span>
    </p>
   </div>
   <div class='ocr_carea' id='block_1_2' title="bbox 99 278 1666 2031">
    <p class='ocr_par' dir='ltr' id='par_1_2' title="bbox 123 278 1653 739">
     <span class='ocr_line' id='line_1_2' title="bbox 170 278 1648 335; baseline -0.001 -12"><span class='ocrx_word' id='word_1_5' title='bbox 170 282 290 323; x_wconf 90' lang='lat' dir='ltr'>mittit</span> <span class='ocrx_word' id='word_1_6' title='bbox 309 281 350 323; x_wconf 93' lang='lat' dir='ltr'>in</span> <span class='ocrx_word' id='word_1_7' title='bbox 371 280 548 332; x_wconf 88' lang='lat' dir='ltr'>hiberna,</span> <span class='ocrx_word' id='word_1_8' title='bbox 571 281 654 335; x_wconf 88' lang='lat' dir='ltr'>ipse</span> <span class='ocrx_word' id='word_1_9' title='bbox 677 296 762 322; x_wconf 91' lang='lat' dir='ltr'>cum</span> <span class='ocrx_word' id='word_1_10' title='bbox 786 281 910 321; x_wconf 89' lang='lat' dir='ltr'>tribus</span> <span class='ocrx_word' id='word_1_11' title='bbox 931 280 1150 334; x_wconf 83' lang='lat' dir='ltr'>legionibus</span> <span class='ocrx_word' id='word_1_12' title='bbox 1173 281 1317 321; x_wconf 89' lang='lat' dir='ltr'>circum</span> <span class='ocrx_word' id='word_1_13' title='bbox 1331 278 1648 322; x_wconf 88' lang='lat' dir='ltr'>Samarobriuam</span> 
     </span>
     <span class='ocr_line' id='line_1_3' title="bbox 171 347 1649 401; baseline -0.002 -10"><span class='ocrx_word' id='word_1_14' title='bbox 171 350 287 391; x_wconf 88' lang='lat' dir='ltr'>trinis</span> <span class='ocrx_word' id='word_1_15' title='bbox 301 349 475 390; x_wconf 90' lang='lat' dir='ltr'>hibernis</span> <span class='ocrx_word' id='word_1_16' title='bbox 498 349 670 389; x_wconf 86' lang='lat' dir='ltr'>hiemare</span> <span class='ocrx_word' id='word_1_17' title='bbox 691 348 896 388; x_wconf 85' lang='lat' dir='ltr'>constituit</span> <span class='ocrx_word' id='word_1_18' title='bbox 916 355 970 397; x_wconf 91' lang='lat' dir='ltr'>et,</span> <span class='ocrx_word' id='word_1_19' title='bbox 995 347 1097 401; x_wconf 91' lang='lat' dir='ltr'>quod</span> <span class='ocrx_word' id='word_1_20' title='bbox 1118 348 1216 388; x_wconf 89' lang='lat' dir='ltr'>tanti</span> <span class='ocrx_word' id='word_1_21' title='bbox 1237 355 1365 389; x_wconf 86' lang='lat' dir='ltr'>motus</span> <span class='ocrx_word' id='word_1_22' title='bbox 1381 347 1533 389; x_wconf 89' lang='lat' dir='ltr'>Galliae</span> <span class='ocrx_word' id='word_1_23' title='bbox 1545 348 1649 388; x_wconf 83' lang='lat' dir='ltr'>exti-</span> 
     </span>
     <span class='ocr_line' id='line_1_4' title="bbox 123 415 1648 469; baseline -0.002 -10"><span class='ocrx_word' id='word_1_24' title='bbox 123 417 151 459; x_wconf 85' lang='lat'>4</span> <span class='ocrx_word' id='word_1_25' title='bbox 173 425 327 467; x_wconf 86' lang='lat' dir='ltr'>terant,</span> <span class='ocrx_word' id='word_1_26' title='bbox 353 424 472 457; x_wconf 89' lang='lat' dir='ltr'>totam</span> <span class='ocrx_word' id='word_1_27' title='bbox 496 417 658 456; x_wconf 84' lang='lat' dir='ltr'><strong>hiemem</strong></span> <span class='ocrx_word' id='word_1_28' title='bbox 681 415 765 469; x_wconf 90' lang='lat' dir='ltr'>ipse</span> <span class='ocrx_word' id='word_1_29' title='bbox 785 416 833 455; x_wconf 90' lang='lat' dir='ltr'>ad</span> <span class='ocrx_word' id='word_1_30' title='bbox 856 415 1076 456; x_wconf 85' lang='lat' dir='ltr'>exercitum</span> <span class='ocrx_word' id='word_1_31' title='bbox 1098 428 1258 455; x_wconf 87' lang='lat' dir='ltr'>manere</span> <span class='ocrx_word' id='word_1_32' title='bbox 1289 416 1479 457; x_wconf 87' lang='lat' dir='ltr'>decreuit.</span> <span class='ocrx_word' id='word_1_33' title='bbox 1540 415 1648 456; x_wconf 89' lang='lat' dir='ltr'>Nam</span> 
     </span>
     <span class='ocr_line' id='line_1_5' title="bbox 170 481 1649 537; baseline -0.001 -11"><span class='ocrx_word' id='word_1_34' title='bbox 170 486 238 526; x_wconf 92' lang='lat' dir='ltr'>illo</span> <span class='ocrx_word' id='word_1_35' title='bbox 260 484 506 526; x_wconf 87' lang='lat' dir='ltr'>incommodo</span> <span class='ocrx_word' id='word_1_36' title='bbox 528 484 574 523; x_wconf 88' lang='lat' dir='ltr'>de</span> <span class='ocrx_word' id='word_1_37' title='bbox 597 481 734 523; x_wconf 90' lang='lat' dir='ltr'>Sabini</span> <span class='ocrx_word' id='word_1_38' title='bbox 757 491 883 524; x_wconf 91' lang='lat' dir='ltr'>morte</span> <span class='ocrx_word' id='word_1_39' title='bbox 905 484 1054 537; x_wconf 85' lang='lat' dir='ltr'>perlato</span> <span class='ocrx_word' id='word_1_40' title='bbox 1077 496 1212 523; x_wconf 91' lang='lat' dir='ltr'>omnes</span> <span class='ocrx_word' id='word_1_41' title='bbox 1235 483 1318 522; x_wconf 88' lang='lat' dir='ltr'>sere</span> <span class='ocrx_word' id='word_1_42' title='bbox 1340 481 1491 524; x_wconf 89' lang='lat' dir='ltr'>Galliae</span> <span class='ocrx_word' id='word_1_43' title='bbox 1512 484 1649 524; x_wconf 88' lang='lat' dir='ltr'>ciuita-</span> 
     </span>
     <span class='ocr_line' id='line_1_6' title="bbox 172 550 1647 605; baseline -0.001 -11"><span class='ocrx_word' id='word_1_44' title='bbox 172 561 232 594; x_wconf 87' lang='lat' dir='ltr'>tes</span> <span class='ocrx_word' id='word_1_45' title='bbox 255 553 300 593; x_wconf 90' lang='lat' dir='ltr'>de</span> <span class='ocrx_word' id='word_1_46' title='bbox 322 552 424 592; x_wconf 88' lang='lat' dir='ltr'>bello</span> <span class='ocrx_word' id='word_1_47' title='bbox 447 550 746 601; x_wconf 77' lang='lat' dir='ltr'>consultabant,</span> <span class='ocrx_word' id='word_1_48' title='bbox 780 552 940 591; x_wconf 90' lang='lat' dir='ltr'>nuntios</span> <span class='ocrx_word' id='word_1_49' title='bbox 970 551 1267 605; x_wconf 79' lang='lat' dir='ltr'>legationesque</span> <span class='ocrx_word' id='word_1_50' title='bbox 1297 550 1338 589; x_wconf 91' lang='lat' dir='ltr'>in</span> <span class='ocrx_word' id='word_1_51' title='bbox 1361 564 1494 591; x_wconf 89' lang='lat' dir='ltr'>omnes</span> <span class='ocrx_word' id='word_1_52' title='bbox 1517 559 1647 604; x_wconf 87' lang='lat' dir='ltr'>partes</span> 
     </span>
     <span class='ocr_line' id='line_1_7' title="bbox 174 618 1649 672; baseline -0.001 -11"><span class='ocrx_word' id='word_1_53' title='bbox 174 619 419 661; x_wconf 74' lang='lat' dir='ltr'>dimittebant</span> <span class='ocrx_word' id='word_1_54' title='bbox 440 625 503 667; x_wconf 92' lang='lat' dir='ltr'>et,</span> <span class='ocrx_word' id='word_1_55' title='bbox 537 618 629 671; x_wconf 92' lang='lat' dir='ltr'>quid</span> <span class='ocrx_word' id='word_1_56' title='bbox 650 618 791 671; x_wconf 85' lang='lat' dir='ltr'>reliqui</span> <span class='ocrx_word' id='word_1_57' title='bbox 813 619 968 659; x_wconf 90' lang='lat' dir='ltr'>consilii</span> <span class='ocrx_word' id='word_1_58' title='bbox 991 625 1201 672; x_wconf 81' lang='lat' dir='ltr'>caperent,</span> <span class='ocrx_word' id='word_1_59' title='bbox 1236 624 1353 670; x_wconf 87' lang='lat' dir='ltr'>atque</span> <span class='ocrx_word' id='word_1_60' title='bbox 1375 618 1476 658; x_wconf 89' lang='lat' dir='ltr'>unde</span> <span class='ocrx_word' id='word_1_61' title='bbox 1497 619 1649 659; x_wconf 91' lang='lat' dir='ltr'>initium</span> 
     </span>
     <span class='ocr_line' id='line_1_8' title="bbox 172 686 1653 739; baseline -0.001 -10"><span class='ocrx_word' id='word_1_62' title='bbox 172 688 262 729; x_wconf 89' lang='lat' dir='ltr'>belli</span> <span class='ocrx_word' id='word_1_63' title='bbox 284 688 419 735; x_wconf 87' lang='lat' dir='ltr'>fieret,</span> <span class='ocrx_word' id='word_1_64' title='bbox 453 686 716 739; x_wconf 82' lang='lat' dir='ltr'>explorabant</span> <span class='ocrx_word' id='word_1_65' title='bbox 737 693 1005 739; x_wconf 89' lang='lat' dir='ltr'>nocturnaque</span> <span class='ocrx_word' id='word_1_66' title='bbox 1027 687 1066 726; x_wconf 91' lang='lat' dir='ltr'>iu</span> <span class='ocrx_word' id='word_1_67' title='bbox 1087 687 1184 726; x_wconf 79' lang='lat' dir='ltr'>locis</span> <span class='ocrx_word' id='word_1_68' title='bbox 1208 687 1375 727; x_wconf 76' lang='lat' dir='ltr'>desertis</span> <span class='ocrx_word' id='word_1_69' title='bbox 1397 686 1563 726; x_wconf 86' lang='lat' dir='ltr'>concilia</span> <span class='ocrx_word' id='word_1_70' title='bbox 1586 687 1653 727; x_wconf 90' lang='lat' dir='ltr'>ha-</span> 
     </span>
    </p>

    <p class='ocr_par' dir='ltr' id='par_1_3' title="bbox 126 752 1654 875">
     <span class='ocr_line' id='line_1_9' title="bbox 126 752 1654 807; baseline -0.003 -9"><span class='ocrx_word' id='word_1_71' title='bbox 126 756 150 798; x_wconf 89' lang='lat'>5</span> <span class='ocrx_word' id='word_1_72' title='bbox 173 756 330 796; x_wconf 87' lang='lat' dir='ltr'>bebaut.</span> <span class='ocrx_word' id='word_1_73' title='bbox 382 752 527 806; x_wconf 84' lang='lat' dir='ltr'>Neque</span> <span class='ocrx_word' id='word_1_74' title='bbox 562 755 681 794; x_wconf 91' lang='lat' dir='ltr'>ullum</span> <span class='ocrx_word' id='word_1_75' title='bbox 702 756 785 796; x_wconf 88' lang='lat' dir='ltr'>fere</span> <span class='ocrx_word' id='word_1_76' title='bbox 807 755 926 794; x_wconf 92' lang='lat' dir='ltr'>totius</span> <span class='ocrx_word' id='word_1_77' title='bbox 950 755 1086 794; x_wconf 90' lang='lat' dir='ltr'>hiemis</span> <span class='ocrx_word' id='word_1_78' title='bbox 1109 761 1259 807; x_wconf 85' lang='lat' dir='ltr'>tempus</span> <span class='ocrx_word' id='word_1_79' title='bbox 1281 754 1367 794; x_wconf 92' lang='lat' dir='ltr'>sine</span> <span class='ocrx_word' id='word_1_80' title='bbox 1392 753 1654 794; x_wconf 86' lang='lat' dir='ltr'>sollicitudine</span> 
     </span>
     <span class='ocr_line' id='line_1_10' title="bbox 175 820 1654 875; baseline -0.003 -11"><span class='ocrx_word' id='word_1_81' title='bbox 175 822 362 864; x_wconf 82' lang='lat' dir='ltr'>Caesaris</span> <span class='ocrx_word' id='word_1_82' title='bbox 385 821 635 872; x_wconf 87' lang='lat' dir='ltr'>intercessit,</span> <span class='ocrx_word' id='word_1_83' title='bbox 672 823 765 875; x_wconf 90' lang='lat' dir='ltr'>quin</span> <span class='ocrx_word' id='word_1_84' title='bbox 795 823 962 875; x_wconf 86' lang='lat' dir='ltr'>aliquem</span> <span class='ocrx_word' id='word_1_85' title='bbox 987 822 1031 861; x_wconf 87' lang='lat' dir='ltr'>de</span> <span class='ocrx_word' id='word_1_86' title='bbox 1054 822 1230 862; x_wconf 87' lang='lat' dir='ltr'>consiliis</span> <span class='ocrx_word' id='word_1_87' title='bbox 1254 837 1299 862; x_wconf 84' lang='lat' dir='ltr'>ac</span> <span class='ocrx_word' id='word_1_88' title='bbox 1321 829 1428 861; x_wconf 90' lang='lat' dir='ltr'>motu</span> <span class='ocrx_word' id='word_1_89' title='bbox 1451 820 1654 862; x_wconf 89' lang='lat' dir='ltr'>Gallorum</span> 
     </span>
    </p>

    <p class='ocr_par' dir='ltr' id='par_1_4' title="bbox 99 888 1666 2031">
     <span class='ocr_line' id='line_1_11' title="bbox 127 888 1657 944; baseline -0.002 -13"><span class='ocrx_word' id='word_1_90' title='bbox 127 890 153 931; x_wconf 88' lang='lat'>6</span> <span class='ocrx_word' id='word_1_91' title='bbox 176 890 352 931; x_wconf 83' lang='lat' dir='ltr'>nuntium</span> <span class='ocrx_word' id='word_1_92' title='bbox 375 889 587 944; x_wconf 85' lang='lat' dir='ltr'>acciperet.</span> <span class='ocrx_word' id='word_1_93' title='bbox 630 889 678 930; x_wconf 92' lang='lat' dir='ltr'>In</span> <span class='ocrx_word' id='word_1_94' title='bbox 701 891 759 931; x_wconf 88' lang='lat' dir='ltr'>his</span> <span class='ocrx_word' id='word_1_95' title='bbox 782 890 828 930; x_wconf 87' lang='lat' dir='ltr'>ab</span> <span class='ocrx_word' id='word_1_96' title='bbox 851 889 977 930; x_wconf 86' lang='lat' dir='ltr'>Lucio</span> <span class='ocrx_word' id='word_1_97' title='bbox 999 888 1147 929; x_wconf 86' lang='lat' dir='ltr'>Roscio</span> <span class='ocrx_word' id='word_1_98' title='bbox 1173 890 1439 944; x_wconf 88' lang='lat' dir='ltr'>[quaestore]‚</span> <span class='ocrx_word' id='word_1_99' title='bbox 1466 903 1579 942; x_wconf 90' lang='lat' dir='ltr'>quem</span> <span class='ocrx_word' id='word_1_100' title='bbox 1600 888 1657 929; x_wconf 88' lang='lat' dir='ltr'>le-</span> 
     </span>
     <span class='ocr_line' id='line_1_12' title="bbox 173 955 1657 1012; baseline -0.001 -14"><span class='ocrx_word' id='word_1_101' title='bbox 173 958 282 1012; x_wconf 86' lang='lat' dir='ltr'>gioni</span> <span class='ocrx_word' id='word_1_102' title='bbox 305 957 623 998; x_wconf 85' lang='lat' dir='ltr'>tertiaedecimae</span> <span class='ocrx_word' id='word_1_103' title='bbox 645 960 908 1012; x_wconf 83' lang='lat' dir='ltr'>praefecerat,</span> <span class='ocrx_word' id='word_1_104' title='bbox 937 959 1084 998; x_wconf 86' lang='lat' dir='ltr'>certior</span> <span class='ocrx_word' id='word_1_105' title='bbox 1105 959 1230 997; x_wconf 83' lang='lat' dir='ltr'>factus</span> <span class='ocrx_word' id='word_1_106' title='bbox 1254 966 1314 998; x_wconf 89' lang='lat' dir='ltr'>est</span> <span class='ocrx_word' id='word_1_107' title='bbox 1336 971 1497 1010; x_wconf 82' lang='lat' dir='ltr'>magnas</span> <span class='ocrx_word' id='word_1_108' title='bbox 1522 955 1657 997; x_wconf 88' lang='lat' dir='ltr'>Gallo-</span> 
     </span>
     <span class='ocr_line' id='line_1_13' title="bbox 173 1025 1656 1079; baseline -0.001 -14"><span class='ocrx_word' id='word_1_109' title='bbox 173 1040 258 1065; x_wconf 88' lang='lat' dir='ltr'>rum</span> <span class='ocrx_word' id='word_1_110' title='bbox 281 1025 412 1079; x_wconf 86' lang='lat' dir='ltr'>eopias</span> <span class='ocrx_word' id='word_1_111' title='bbox 435 1039 568 1066; x_wconf 90' lang='lat' dir='ltr'>earum</span> <span class='ocrx_word' id='word_1_112' title='bbox 591 1026 796 1066; x_wconf 89' lang='lat' dir='ltr'>ciuitatum</span> <span class='ocrx_word' id='word_1_113' title='bbox 814 1058 825 1076; x_wconf 79' lang='lat'>,</span> <span class='ocrx_word' id='word_1_114' title='bbox 858 1040 956 1079; x_wconf 88' lang='lat' dir='ltr'>quae</span> <span class='ocrx_word' id='word_1_115' title='bbox 978 1025 1213 1065; x_wconf 83' lang='lat' dir='ltr'>Armoricae</span> <span class='ocrx_word' id='word_1_116' title='bbox 1244 1027 1504 1079; x_wconf 84' lang='lat' dir='ltr'>appellantur,</span> <span class='ocrx_word' id='word_1_117' title='bbox 1537 1039 1656 1078; x_wconf 90' lang='lat' dir='ltr'>oppu-</span> 
     </span>
     <span class='ocr_line' id='line_1_14' title="bbox 127 1092 1656 1148; baseline -0.003 -13"><span class='ocrx_word' id='word_1_118' title='bbox 127 1094 153 1135; x_wconf 87' lang='lat'><strong>7</strong></span> <span class='ocrx_word' id='word_1_119' title='bbox 173 1094 316 1148; x_wconf 88' lang='lat' dir='ltr'>gnaudi</span> <span class='ocrx_word' id='word_1_120' title='bbox 349 1093 409 1134; x_wconf 90' lang='lat' dir='ltr'>sui</span> <span class='ocrx_word' id='word_1_121' title='bbox 441 1108 558 1134; x_wconf 87' lang='lat' dir='ltr'>causa</span> <span class='ocrx_word' id='word_1_122' title='bbox 581 1095 817 1135; x_wconf 87' lang='lat' dir='ltr'>conuenisse</span> <span class='ocrx_word' id='word_1_123' title='bbox 840 1108 965 1147; x_wconf 88' lang='lat' dir='ltr'>neque</span> <span class='ocrx_word' id='word_1_124' title='bbox 987 1095 1140 1147; x_wconf 79' lang='lat' dir='ltr'>longius</span> <span class='ocrx_word' id='word_1_125' title='bbox 1163 1094 1267 1134; x_wconf 91' lang='lat' dir='ltr'>milia</span> <span class='ocrx_word' id='word_1_126' title='bbox 1290 1108 1475 1146; x_wconf 82' lang='lat' dir='ltr'>passuum</span> <span class='ocrx_word' id='word_1_127' title='bbox 1498 1099 1586 1132; x_wconf 88' lang='lat' dir='ltr'>octo</span> <span class='ocrx_word' id='word_1_128' title='bbox 1609 1092 1656 1131; x_wconf 90' lang='lat' dir='ltr'>ab</span> 
     </span>
     <span class='ocr_line' id='line_1_15' title="bbox 176 1160 1658 1212; baseline -0.002 -10"><span class='ocrx_word' id='word_1_129' title='bbox 176 1162 350 1203; x_wconf 88' lang='lat' dir='ltr'>hibernis</span> <span class='ocrx_word' id='word_1_130' title='bbox 373 1163 455 1202; x_wconf 93' lang='lat' dir='ltr'>suis</span> <span class='ocrx_word' id='word_1_131' title='bbox 477 1163 642 1212; x_wconf 85' lang='lat' dir='ltr'>afuisse,</span> <span class='ocrx_word' id='word_1_132' title='bbox 667 1163 735 1203; x_wconf 89' lang='lat' dir='ltr'>sed</span> <span class='ocrx_word' id='word_1_133' title='bbox 758 1162 893 1201; x_wconf 86' lang='lat' dir='ltr'>nuntio</span> <span class='ocrx_word' id='word_1_134' title='bbox 915 1163 1030 1202; x_wconf 90' lang='lat' dir='ltr'>allato</span> <span class='ocrx_word' id='word_1_135' title='bbox 1054 1164 1098 1202; x_wconf 88' lang='lat' dir='ltr'>de</span> <span class='ocrx_word' id='word_1_136' title='bbox 1122 1162 1287 1201; x_wconf 84' lang='lat' dir='ltr'>uictoria</span> <span class='ocrx_word' id='word_1_137' title='bbox 1301 1160 1486 1202; x_wconf 85' lang='lat' dir='ltr'>Caesaris</span> <span class='ocrx_word' id='word_1_138' title='bbox 1510 1160 1658 1200; x_wconf 87' lang='lat' dir='ltr'>disces-</span> 
     </span>
     <span class='ocr_line' id='line_1_16' title="bbox 99 1226 1661 1284; baseline -0.003 -13"><span class='ocrx_word' id='word_1_139' title='bbox 99 1230 156 1275; x_wconf 72' lang='lat'>54</span> <span class='ocrx_word' id='word_1_140' title='bbox 176 1230 276 1271; x_wconf 88' lang='lat' dir='ltr'>sisse</span> <span class='ocrx_word' id='word_1_141' title='bbox 292 1261 302 1280; x_wconf 93' lang='lat'>,</span> <span class='ocrx_word' id='word_1_142' title='bbox 336 1230 433 1270; x_wconf 87' lang='lat' dir='ltr'>adeo</span> <span class='ocrx_word' id='word_1_143' title='bbox 455 1238 497 1270; x_wconf 94' lang='lat' dir='ltr'>ut</span> <span class='ocrx_word' id='word_1_144' title='bbox 519 1232 634 1284; x_wconf 85' lang='lat' dir='ltr'>fugae</span> <span class='ocrx_word' id='word_1_145' title='bbox 656 1230 793 1270; x_wconf 91' lang='lat' dir='ltr'>similis</span> <span class='ocrx_word' id='word_1_146' title='bbox 817 1230 1015 1269; x_wconf 88' lang='lat' dir='ltr'>discessus</span> <span class='ocrx_word' id='word_1_147' title='bbox 1039 1230 1255 1269; x_wconf 87' lang='lat' dir='ltr'>uideretur.</span> <span class='ocrx_word' id='word_1_148' title='bbox 1306 1229 1361 1268; x_wconf 88' lang='lat' dir='ltr'>At</span> <span class='ocrx_word' id='word_1_149' title='bbox 1383 1226 1535 1268; x_wconf 85' lang='lat' dir='ltr'>Caesar</span> <span class='ocrx_word' id='word_1_150' title='bbox 1555 1228 1661 1280; x_wconf 89' lang='lat' dir='ltr'>prin-</span> 
     </span>
     <span class='ocr_line' id='line_1_17' title="bbox 176 1296 1659 1352; baseline -0.003 -14"><span class='ocrx_word' id='word_1_151' title='bbox 176 1298 325 1352; x_wconf 90' lang='lat' dir='ltr'>cipibus</span> <span class='ocrx_word' id='word_1_152' title='bbox 348 1298 536 1351; x_wconf 86' lang='lat' dir='ltr'>cuiusque</span> <span class='ocrx_word' id='word_1_153' title='bbox 568 1298 742 1338; x_wconf 87' lang='lat' dir='ltr'>ciuitatis</span> <span class='ocrx_word' id='word_1_154' title='bbox 771 1299 818 1337; x_wconf 92' lang='lat' dir='ltr'>ad</span> <span class='ocrx_word' id='word_1_155' title='bbox 840 1311 883 1337; x_wconf 90' lang='lat' dir='ltr'>se</span> <span class='ocrx_word' id='word_1_156' title='bbox 906 1297 1080 1337; x_wconf 84' lang='lat' dir='ltr'>euocatis</span> <span class='ocrx_word' id='word_1_157' title='bbox 1104 1297 1200 1337; x_wconf 87' lang='lat' dir='ltr'>alias</span> <span class='ocrx_word' id='word_1_158' title='bbox 1224 1296 1464 1345; x_wconf 88' lang='lat' dir='ltr'>territando,</span> <span class='ocrx_word' id='word_1_159' title='bbox 1499 1309 1584 1334; x_wconf 88' lang='lat' dir='ltr'>cum</span> <span class='ocrx_word' id='word_1_160' title='bbox 1617 1308 1659 1334; x_wconf 91' lang='lat' dir='ltr'>se</span> 
     </span>
     <span class='ocr_line' id='line_1_18' title="bbox 176 1364 1660 1418; baseline -0.003 -12"><span class='ocrx_word' id='word_1_161' title='bbox 176 1366 295 1415; x_wconf 87' lang='lat' dir='ltr'>scire,</span> <span class='ocrx_word' id='word_1_162' title='bbox 321 1380 420 1418; x_wconf 89' lang='lat' dir='ltr'>quae</span> <span class='ocrx_word' id='word_1_163' title='bbox 444 1367 598 1415; x_wconf 86' lang='lat' dir='ltr'>fierent,</span> <span class='ocrx_word' id='word_1_164' title='bbox 625 1366 894 1414; x_wconf 87' lang='lat' dir='ltr'>denuntiaret,</span> <span class='ocrx_word' id='word_1_165' title='bbox 921 1364 1019 1404; x_wconf 86' lang='lat' dir='ltr'>alias</span> <span class='ocrx_word' id='word_1_166' title='bbox 1043 1365 1285 1404; x_wconf 86' lang='lat' dir='ltr'>cohortando</span> <span class='ocrx_word' id='word_1_167' title='bbox 1307 1376 1486 1416; x_wconf 84' lang='lat' dir='ltr'>maguam</span> <span class='ocrx_word' id='word_1_168' title='bbox 1510 1369 1660 1416; x_wconf 87' lang='lat' dir='ltr'>partem</span> 
     </span>
     <span class='ocr_line' id='line_1_19' title="bbox 127 1429 1661 1483; baseline -0.004 -7"><span class='ocrx_word' id='word_1_169' title='bbox 127 1434 155 1476; x_wconf 83' lang='grc'>2</span> <span class='ocrx_word' id='word_1_170' title='bbox 178 1432 331 1474; x_wconf 89' lang='lat' dir='ltr'>Galliae</span> <span class='ocrx_word' id='word_1_171' title='bbox 352 1434 393 1474; x_wconf 90' lang='lat' dir='ltr'>in</span> <span class='ocrx_word' id='word_1_172' title='bbox 416 1434 539 1473; x_wconf 88' lang='lat' dir='ltr'>officio</span> <span class='ocrx_word' id='word_1_173' title='bbox 563 1434 704 1474; x_wconf 88' lang='lat' dir='ltr'>tenuit.</span> <span class='ocrx_word' id='word_1_174' title='bbox 737 1433 888 1473; x_wconf 87' lang='lat' dir='ltr'>Tamen</span> <span class='ocrx_word' id='word_1_175' title='bbox 902 1431 1097 1481; x_wconf 84' lang='lat' dir='ltr'>Senones,</span> <span class='ocrx_word' id='word_1_176' title='bbox 1123 1446 1222 1482; x_wconf 88' lang='lat' dir='ltr'>quae</span> <span class='ocrx_word' id='word_1_177' title='bbox 1244 1439 1305 1471; x_wconf 89' lang='lat' dir='ltr'>est</span> <span class='ocrx_word' id='word_1_178' title='bbox 1327 1431 1465 1470; x_wconf 90' lang='lat' dir='ltr'>ciuitas</span> <span class='ocrx_word' id='word_1_179' title='bbox 1483 1429 1661 1483; x_wconf 87' lang='lat' dir='ltr'>inprimis</span> 
     </span>
     <span class='ocr_line' id='line_1_20' title="bbox 176 1494 1661 1557; baseline -0.004 -14"><span class='ocrx_word' id='word_1_180' title='bbox 176 1503 289 1543; x_wconf 88' lang='lat' dir='ltr'>firma</span> <span class='ocrx_word' id='word_1_181' title='bbox 311 1509 351 1542; x_wconf 86' lang='lat' dir='ltr'>et</span> <span class='ocrx_word' id='word_1_182' title='bbox 371 1516 539 1557; x_wconf 87' lang='lat' dir='ltr'>maguae</span> <span class='ocrx_word' id='word_1_183' title='bbox 560 1502 666 1542; x_wconf 91' lang='lat' dir='ltr'>inter</span> <span class='ocrx_word' id='word_1_184' title='bbox 687 1500 824 1541; x_wconf 88' lang='lat' dir='ltr'>Gallos</span> <span class='ocrx_word' id='word_1_185' title='bbox 847 1501 1093 1541; x_wconf 85' lang='lat' dir='ltr'>auctoritatis</span> <span class='ocrx_word' id='word_1_186' title='bbox 1111 1531 1121 1549; x_wconf 89' lang='lat'>,</span> <span class='ocrx_word' id='word_1_187' title='bbox 1147 1497 1405 1548; x_wconf 89' lang='lat' dir='ltr'>Cauarinum,</span> <span class='ocrx_word' id='word_1_188' title='bbox 1432 1512 1543 1551; x_wconf 89' lang='lat' dir='ltr'>quem</span> <span class='ocrx_word' id='word_1_189' title='bbox 1559 1494 1661 1538; x_wconf 89' lang='lat' dir='ltr'>Cae-</span> 
     </span>
     <span class='ocr_line' id='line_1_21' title="bbox 177 1565 1664 1625; baseline -0.004 -14"><span class='ocrx_word' id='word_1_190' title='bbox 177 1585 245 1612; x_wconf 88' lang='lat' dir='ltr'>sar</span> <span class='ocrx_word' id='word_1_191' title='bbox 264 1571 367 1625; x_wconf 87' lang='lat' dir='ltr'>apud</span> <span class='ocrx_word' id='word_1_192' title='bbox 390 1584 457 1611; x_wconf 92' lang='lat' dir='ltr'>eos</span> <span class='ocrx_word' id='word_1_193' title='bbox 480 1584 614 1623; x_wconf 82' lang='lat' dir='ltr'>regem</span> <span class='ocrx_word' id='word_1_194' title='bbox 637 1570 923 1618; x_wconf 87' lang='lat' dir='ltr'>constituerat,</span> <span class='ocrx_word' id='word_1_195' title='bbox 949 1569 1060 1608; x_wconf 91' lang='lat' dir='ltr'>cuius</span> <span class='ocrx_word' id='word_1_196' title='bbox 1083 1569 1206 1608; x_wconf 75' lang='lat' dir='ltr'>frater</span> <span class='ocrx_word' id='word_1_197' title='bbox 1226 1565 1469 1620; x_wconf 84' lang='lat' dir='ltr'>Moritasgus</span> <span class='ocrx_word' id='word_1_198' title='bbox 1492 1566 1664 1606; x_wconf 88' lang='lat' dir='ltr'>aduentu</span> 
     </span>
     <span class='ocr_line' id='line_1_22' title="bbox 174 1634 1662 1690; baseline -0.004 -11"><span class='ocrx_word' id='word_1_199' title='bbox 174 1639 216 1679; x_wconf 90' lang='lat' dir='ltr'>in</span> <span class='ocrx_word' id='word_1_200' title='bbox 240 1637 410 1679; x_wconf 87' lang='lat' dir='ltr'>Galliam</span> <span class='ocrx_word' id='word_1_201' title='bbox 434 1636 625 1679; x_wconf 88' lang='lat' dir='ltr'>Caesaris</span> <span class='ocrx_word' id='word_1_202' title='bbox 649 1638 836 1690; x_wconf 89' lang='lat' dir='ltr'>cuiusque</span> <span class='ocrx_word' id='word_1_203' title='bbox 858 1637 1028 1677; x_wconf 85' lang='lat' dir='ltr'>maiores</span> <span class='ocrx_word' id='word_1_204' title='bbox 1051 1649 1213 1689; x_wconf 85' lang='lat' dir='ltr'>regnum</span> <span class='ocrx_word' id='word_1_205' title='bbox 1238 1635 1514 1684; x_wconf 87' lang='lat' dir='ltr'>obtinuerant,</span> <span class='ocrx_word' id='word_1_206' title='bbox 1540 1634 1662 1674; x_wconf 88' lang='lat' dir='ltr'>inter-</span> 
     </span>
     <span class='ocr_line' id='line_1_23' title="bbox 177 1701 1660 1760; baseline -0.005 -13"><span class='ocrx_word' id='word_1_207' title='bbox 177 1708 296 1747; x_wconf 89' lang='lat' dir='ltr'>ficere</span> <span class='ocrx_word' id='word_1_208' title='bbox 318 1706 472 1760; x_wconf 90' lang='lat' dir='ltr'>publico</span> <span class='ocrx_word' id='word_1_209' title='bbox 484 1706 648 1746; x_wconf 90' lang='lat' dir='ltr'>consilio</span> <span class='ocrx_word' id='word_1_210' title='bbox 671 1706 817 1755; x_wconf 88' lang='lat' dir='ltr'>eonati,</span> <span class='ocrx_word' id='word_1_211' title='bbox 843 1719 926 1745; x_wconf 91' lang='lat' dir='ltr'>cum</span> <span class='ocrx_word' id='word_1_212' title='bbox 949 1705 1015 1745; x_wconf 91' lang='lat' dir='ltr'>ille</span> <span class='ocrx_word' id='word_1_213' title='bbox 1037 1704 1328 1758; x_wconf 86' lang='lat' dir='ltr'>praesensisset</span> <span class='ocrx_word' id='word_1_214' title='bbox 1349 1716 1394 1742; x_wconf 89' lang='lat' dir='ltr'>ac</span> <span class='ocrx_word' id='word_1_215' title='bbox 1407 1701 1660 1755; x_wconf 84' lang='lat' dir='ltr'>profugisset,</span> 
     </span>
     <span class='ocr_line' id='line_1_24' title="bbox 131 1768 1664 1827; baseline -0.004 -13"><span class='ocrx_word' id='word_1_216' title='bbox 131 1774 156 1814; x_wconf 85' lang='lat'><strong>3</strong></span> <span class='ocrx_word' id='word_1_217' title='bbox 178 1788 301 1827; x_wconf 88' lang='lat' dir='ltr'>usque</span> <span class='ocrx_word' id='word_1_218' title='bbox 333 1775 380 1814; x_wconf 90' lang='lat' dir='ltr'>ad</span> <span class='ocrx_word' id='word_1_219' title='bbox 412 1776 508 1814; x_wconf 89' lang='lat' dir='ltr'>fines</span> <span class='ocrx_word' id='word_1_220' title='bbox 540 1774 707 1814; x_wconf 87' lang='lat' dir='ltr'>insecuti</span> <span class='ocrx_word' id='word_1_221' title='bbox 745 1787 869 1826; x_wconf 86' lang='lat' dir='ltr'>regno</span> <span class='ocrx_word' id='word_1_222' title='bbox 901 1773 1092 1826; x_wconf 87' lang='lat' dir='ltr'>domoque</span> <span class='ocrx_word' id='word_1_223' title='bbox 1124 1772 1361 1825; x_wconf 78' lang='lat' dir='ltr'>expulerunt</span> <span class='ocrx_word' id='word_1_224' title='bbox 1393 1777 1430 1810; x_wconf 88' lang='lat' dir='ltr'>et</span> <span class='ocrx_word' id='word_1_225' title='bbox 1462 1770 1593 1809; x_wconf 90' lang='lat' dir='ltr'>missis</span> <span class='ocrx_word' id='word_1_226' title='bbox 1616 1768 1664 1808; x_wconf 88' lang='lat' dir='ltr'>ad</span> 
     </span>
     <span class='ocr_line' id='line_1_25' title="bbox 180 1838 1664 1894; baseline -0.004 -12"><span class='ocrx_word' id='word_1_227' title='bbox 180 1839 396 1883; x_wconf 90' lang='lat' dir='ltr'>Caesarem</span> <span class='ocrx_word' id='word_1_228' title='bbox 419 1842 692 1882; x_wconf 83' lang='lat' dir='ltr'>satisfaciundi</span> <span class='ocrx_word' id='word_1_229' title='bbox 714 1855 832 1881; x_wconf 86' lang='lat' dir='ltr'>causa</span> <span class='ocrx_word' id='word_1_230' title='bbox 854 1841 994 1894; x_wconf 84' lang='lat' dir='ltr'>legatis</span> <span class='ocrx_word' id='word_1_231' title='bbox 1010 1872 1020 1891; x_wconf 87' lang='lat'>,</span> <span class='ocrx_word' id='word_1_232' title='bbox 1055 1855 1141 1880; x_wconf 88' lang='lat' dir='ltr'>cum</span> <span class='ocrx_word' id='word_1_233' title='bbox 1171 1840 1205 1880; x_wconf 90' lang='lat' dir='ltr'>is</span> <span class='ocrx_word' id='word_1_234' title='bbox 1238 1853 1390 1879; x_wconf 89' lang='lat' dir='ltr'>omnem</span> <span class='ocrx_word' id='word_1_235' title='bbox 1414 1838 1461 1878; x_wconf 89' lang='lat' dir='ltr'>ad</span> <span class='ocrx_word' id='word_1_236' title='bbox 1484 1851 1527 1877; x_wconf 86' lang='lat' dir='ltr'>se</span> <span class='ocrx_word' id='word_1_237' title='bbox 1548 1850 1664 1877; x_wconf 88' lang='lat' dir='ltr'>sena-</span> 
     </span>
     <span class='ocr_line' id='line_1_26' title="bbox 131 1904 1666 1960; baseline -0.005 -9"><span class='ocrx_word' id='word_1_238' title='bbox 131 1909 161 1951; x_wconf 82' lang='lat'><strong>4</strong></span> <span class='ocrx_word' id='word_1_239' title='bbox 180 1917 261 1950; x_wconf 91' lang='lat' dir='ltr'>tum</span> <span class='ocrx_word' id='word_1_240' title='bbox 284 1910 420 1950; x_wconf 88' lang='lat' dir='ltr'>uenire</span> <span class='ocrx_word' id='word_1_241' title='bbox 442 1910 646 1960; x_wconf 87' lang='lat' dir='ltr'>iussisset,</span> <span class='ocrx_word' id='word_1_242' title='bbox 673 1910 776 1950; x_wconf 87' lang='lat' dir='ltr'>dicto</span> <span class='ocrx_word' id='word_1_243' title='bbox 799 1909 1002 1949; x_wconf 85' lang='lat' dir='ltr'>audientes</span> <span class='ocrx_word' id='word_1_244' title='bbox 1026 1923 1104 1948; x_wconf 87' lang='lat' dir='ltr'>non</span> <span class='ocrx_word' id='word_1_245' title='bbox 1127 1910 1302 1948; x_wconf 89' lang='lat' dir='ltr'>suerunt.</span> <span class='ocrx_word' id='word_1_246' title='bbox 1363 1905 1534 1946; x_wconf 88' lang='lat' dir='ltr'>Tantum</span> <span class='ocrx_word' id='word_1_247' title='bbox 1565 1904 1666 1958; x_wconf 87' lang='lat' dir='ltr'>apud</span> 
     </span>
     <span class='ocr_line' id='line_1_27' title="bbox 180 1971 1665 2031; baseline -0.005 -12"><span class='ocrx_word' id='word_1_248' title='bbox 180 1978 359 2020; x_wconf 91' lang='lat' dir='ltr'>homines</span> <span class='ocrx_word' id='word_1_249' title='bbox 380 1978 570 2018; x_wconf 88' lang='lat' dir='ltr'>barbaros</span> <span class='ocrx_word' id='word_1_250' title='bbox 603 1977 726 2018; x_wconf 85' lang='lat' dir='ltr'>ualuit</span> <span class='ocrx_word' id='word_1_251' title='bbox 757 1991 848 2018; x_wconf 89' lang='lat' dir='ltr'>esse</span> <span class='ocrx_word' id='word_1_252' title='bbox 877 1978 1029 2031; x_wconf 89' lang='lat' dir='ltr'>aliquos</span> <span class='ocrx_word' id='word_1_253' title='bbox 1050 1983 1229 2031; x_wconf 88' lang='lat' dir='ltr'>repertos</span> <span class='ocrx_word' id='word_1_254' title='bbox 1252 1975 1447 2030; x_wconf 87' lang='lat' dir='ltr'>principes</span> <span class='ocrx_word' id='word_1_255' title='bbox 1469 1971 1665 2014; x_wconf 84' lang='lat' dir='ltr'>inferendi</span> 
     </span>
    </p>
   </div>
   <div class='ocr_carea' id='block_1_3' title="bbox 174 2095 1668 2350">
    <p class='ocr_par' dir='ltr' id='par_1_5' title="bbox 174 2095 1668 2350">
     <span class='ocr_line' id='line_1_28' title="bbox 181 2095 1663 2139; baseline -0.005 -8"><span class='ocrx_word' id='word_1_256' title='bbox 181 2110 222 2131; x_wconf 89' lang='lat' dir='ltr'>na</span> <span class='ocrx_word' id='word_1_257' title='bbox 236 2099 309 2131; x_wconf 81' lang='lat' dir='ltr'>AB</span> <span class='ocrx_word' id='word_1_258' title='bbox 323 2099 362 2139; x_wconf 85' lang='lat' dir='ltr'>C,</span> <span class='ocrx_word' id='word_1_259' title='bbox 379 2109 453 2131; x_wconf 92' lang='lat' dir='ltr'>cum</span> <span class='ocrx_word' id='word_1_260' title='bbox 471 2099 605 2139; x_wconf 84' lang='lat' dir='ltr'>legione</span> <span class='ocrx_word' id='word_1_261' title='bbox 625 2097 732 2130; x_wconf 75' lang='lat' dir='ltr'>in&#39;sua</span> <span class='ocrx_word' id='word_1_262' title='bbox 750 2097 894 2130; x_wconf 84' lang='lat' dir='ltr'>remittit</span> <span class='ocrx_word' id='word_1_263' title='bbox 913 2098 1054 2129; x_wconf 86' lang='lat' dir='ltr'>hiberna</span> <span class='ocrx_word' id='word_1_264' title='bbox 1074 2097 1091 2128; x_wconf 77' lang='lat' dir='ltr'><strong><em>b</em></strong></span> <span class='ocrx_word' id='word_1_265' title='bbox 1105 2107 1163 2128; x_wconf 81' lang='lat' dir='ltr'>ce.</span> <span class='ocrx_word' id='word_1_266' title='bbox 1183 2096 1313 2139; x_wconf 82' lang='lat' dir='ltr'>(Falso</span> <span class='ocrx_word' id='word_1_267' title='bbox 1336 2095 1423 2128; x_wconf 72' lang='grc' dir='ltr'><em>ΟΜΖ.</em></span> <span class='ocrx_word' id='word_1_268' title='bbox 1443 2105 1525 2126; x_wconf 78' lang='lat' dir='ltr'>snos</span> <span class='ocrx_word' id='word_1_269' title='bbox 1544 2103 1663 2126; x_wconf 78' lang='lat' dir='ltr'>omnes</span> 
     </span>
     <span class='ocr_line' id='line_1_29' title="bbox 174 2146 1520 2194; baseline -0.004 -12"><span class='ocrx_word' id='word_1_270' title='bbox 174 2154 326 2194; x_wconf 71' lang='lat' dir='ltr'>praeter·</span> <span class='ocrx_word' id='word_1_271' title='bbox 354 2151 402 2182; x_wconf 85' lang='lat' dir='ltr'>bc</span> <span class='ocrx_word' id='word_1_272' title='bbox 427 2161 501 2181; x_wconf 89' lang='lat' dir='ltr'>cum</span> <span class='ocrx_word' id='word_1_273' title='bbox 529 2150 662 2190; x_wconf 83' lang='lat' dir='ltr'>legione</span> <span class='ocrx_word' id='word_1_274' title='bbox 688 2159 750 2181; x_wconf 89' lang='lat' dir='ltr'>sua</span> <span class='ocrx_word' id='word_1_275' title='bbox 774 2149 917 2181; x_wconf 88' lang='lat' dir='ltr'>remittit</span> <span class='ocrx_word' id='word_1_276' title='bbox 942 2150 975 2180; x_wconf 90' lang='lat' dir='ltr'>iu</span> <span class='ocrx_word' id='word_1_277' title='bbox 1003 2149 1145 2180; x_wconf 85' lang='lat' dir='ltr'>hiberna</span> <span class='ocrx_word' id='word_1_278' title='bbox 1174 2149 1343 2179; x_wconf 68' lang='lat' dir='ltr'>exhibere</span> <span class='ocrx_word' id='word_1_279' title='bbox 1362 2146 1520 2186; x_wconf 76' lang='lat' dir='ltr'>narrat).</span> 
     </span>
     <span class='ocr_line' id='line_1_30' title="bbox 183 2198 1520 2236; baseline -0.004 -2"><span class='ocrx_word' id='word_1_280' title='bbox 183 2203 196 2236; x_wconf 85' lang='lat'>1</span> <span class='ocrx_word' id='word_1_281' title='bbox 219 2202 472 2234; x_wconf 85' lang='lat' dir='ltr'>Samarobrium</span> <span class='ocrx_word' id='word_1_282' title='bbox 490 2202 521 2234; x_wconf 89' lang='lat' dir='ltr'><em>B</em></span> <span class='ocrx_word' id='word_1_283' title='bbox 542 2204 637 2233; x_wconf 49' lang='lat' dir='ltr'>‘msa</span> <span class='ocrx_word' id='word_1_284' title='bbox 659 2203 874 2233; x_wconf 70' lang='lat' dir='ltr'>uetustiores</span> <span class='ocrx_word' id='word_1_285' title='bbox 892 2200 1029 2232; x_wconf 74' lang='lat' dir='ltr'>multi&#39;.</span> <span class='ocrx_word' id='word_1_286' title='bbox 1230 2201 1250 2235; x_wconf 80' lang='lat'>2</span> <span class='ocrx_word' id='word_1_287' title='bbox 1270 2200 1460 2231; x_wconf 84' lang='lat' dir='ltr'>extiterant</span> <span class='ocrx_word' id='word_1_288' title='bbox 1478 2198 1520 2229; x_wconf 85' lang='lat' dir='ltr'>B.</span> 
     </span>
     <span class='ocr_line' id='line_1_31' title="bbox 182 2249 1521 2296; baseline -0.004 -9"><span class='ocrx_word' id='word_1_289' title='bbox 182 2256 202 2288; x_wconf 87' lang='lat'>9</span> <span class='ocrx_word' id='word_1_290' title='bbox 220 2255 374 2287; x_wconf 89' lang='lat' dir='ltr'>consiliis</span> <span class='ocrx_word' id='word_1_291' title='bbox 392 2255 451 2286; x_wconf 81' lang='lat' dir='ltr'>Be</span> <span class='ocrx_word' id='word_1_292' title='bbox 470 2258 507 2286; x_wconf 77' lang='lat' dir='ltr'>et</span> <span class='ocrx_word' id='word_1_293' title='bbox 522 2255 673 2296; x_wconf 76' lang='lat' dir='ltr'>reliqui,</span> <span class='ocrx_word' id='word_1_294' title='bbox 695 2254 851 2286; x_wconf 84' lang='lat' dir='ltr'>conciliis</span> <span class='ocrx_word' id='word_1_295' title='bbox 872 2254 890 2285; x_wconf 89' lang='lat' dir='ltr'>b</span> <span class='ocrx_word' id='word_1_296' title='bbox 905 2265 935 2284; x_wconf 82' lang='lat' dir='ltr'>c.</span> <span class='ocrx_word' id='word_1_297' title='bbox 1170 2253 1210 2285; x_wconf 87' lang='lat'>10</span> <span class='ocrx_word' id='word_1_298' title='bbox 1228 2252 1336 2284; x_wconf 92' lang='lat' dir='ltr'>Lucio</span> <span class='ocrx_word' id='word_1_299' title='bbox 1355 2251 1404 2291; x_wconf 87' lang='lat' dir='ltr'>B,</span> <span class='ocrx_word' id='word_1_300' title='bbox 1427 2249 1465 2281; x_wconf 82' lang='lat' dir='ltr'>L·</span> <span class='ocrx_word' id='word_1_301' title='bbox 1485 2258 1521 2281; x_wconf 77' lang='grc' dir='ltr'>η.</span> 
     </span>
     <span class='ocr_line' id='line_1_32' title="bbox 181 2300 1668 2350; baseline -0.006 -11"><span class='ocrx_word' id='word_1_302' title='bbox 181 2312 364 2350; x_wconf 86' lang='lat' dir='ltr'>quaestore</span> <span class='ocrx_word' id='word_1_303' title='bbox 382 2308 413 2338; x_wconf 88' lang='lat' dir='ltr'><em>B</em></span> <span class='ocrx_word' id='word_1_304' title='bbox 440 2307 571 2339; x_wconf 71' lang='lat' dir='ltr'>‘cetere&#39;</span> <span class='ocrx_word' id='word_1_305' title='bbox 588 2307 734 2347; x_wconf 78' lang='lat' dir='ltr'>omnes&#39;,</span> <span class='ocrx_word' id='word_1_306' title='bbox 763 2305 858 2348; x_wconf 77' lang='lat' dir='ltr'>quod</span> <span class='ocrx_word' id='word_1_307' title='bbox 875 2305 1065 2337; x_wconf 73' lang='lat' dir='ltr'>delendam</span> <span class='ocrx_word' id='word_1_308' title='bbox 1082 2307 1287 2346; x_wconf 71' lang='lat' dir='ltr'>suspicatus</span> <span class='ocrx_word' id='word_1_309' title='bbox 1306 2306 1360 2334; x_wconf 79' lang='lat' dir='ltr'>est</span> <span class='ocrx_word' id='word_1_310' title='bbox 1378 2301 1491 2340; x_wconf 71' lang='lat' dir='ltr'>oud-5</span> <span class='ocrx_word' id='word_1_311' title='bbox 1521 2300 1633 2340; x_wconf 83' lang='lat' dir='ltr'>legato</span> <span class='ocrx_word' id='word_1_312' title='bbox 1651 2311 1668 2331; x_wconf 85' lang='lat' dir='ltr'>e</span> 
     </span>
    </p>
   </div>
   <div class='ocr_carea' id='block_1_4' title="bbox 180 2350 1671 2396">
    <p class='ocr_par' dir='ltr' id='par_1_6' title="bbox 180 2350 1671 2396">
     <span class='ocr_line' id='line_1_33' title="bbox 180 2350 1671 2396; baseline -0.007 -4"><span class='ocrx_word' id='word_1_313' title='bbox 180 2359 277 2392; x_wconf 81' lang='lat' dir='ltr'><em>And.</em></span> <span class='ocrx_word' id='word_1_314' title='bbox 300 2359 415 2390; x_wconf 70' lang='lat' dir='ltr'>Oaeon.</span> <span class='ocrx_word' id='word_1_315' title='bbox 436 2369 470 2389; x_wconf 84' lang='lat' dir='ltr'>u.</span> <span class='ocrx_word' id='word_1_316' title='bbox 491 2358 531 2390; x_wconf 81' lang='lat' dir='ltr'>P.</span> <span class='ocrx_word' id='word_1_317' title='bbox 551 2359 607 2391; x_wconf 93' lang='grc'>81.</span> <span class='ocrx_word' id='word_1_318' title='bbox 811 2357 848 2390; x_wconf 89' lang='grc'>11</span> <span class='ocrx_word' id='word_1_319' title='bbox 863 2357 975 2389; x_wconf 84' lang='lat' dir='ltr'>faetus</span> <span class='ocrx_word' id='word_1_320' title='bbox 995 2361 1048 2388; x_wconf 84' lang='lat' dir='ltr'>est</span> <span class='ocrx_word' id='word_1_321' title='bbox 1063 2357 1137 2388; x_wconf 77' lang='lat' dir='ltr'>AB</span> <span class='ocrx_word' id='word_1_322' title='bbox 1152 2357 1207 2387; x_wconf 84' lang='lat' dir='ltr'>Ce</span> <span class='ocrx_word' id='word_1_323' title='bbox 1228 2356 1323 2386; x_wconf 82' lang='lat' dir='ltr'>‘mss.</span> <span class='ocrx_word' id='word_1_324' title='bbox 1340 2351 1530 2396; x_wconf 78' lang='lat' dir='ltr'>plerique’,</span> <span class='ocrx_word' id='word_1_325' title='bbox 1550 2355 1602 2382; x_wconf 85' lang='lat' dir='ltr'>est</span> <span class='ocrx_word' id='word_1_326' title='bbox 1622 2350 1671 2382; x_wconf 87' lang='lat' dir='ltr'>sa-</span> 
     </span>
    </p>
   </div>
   <div class='ocr_carea' id='block_1_5' title="bbox 182 2402 1672 2913">
    <p class='ocr_par' dir='ltr' id='par_1_7' title="bbox 182 2402 1667 2551">
     <span class='ocr_line' id='line_1_34' title="bbox 182 2402 1666 2442; baseline -0.005 0"><span class='ocrx_word' id='word_1_327' title='bbox 182 2415 256 2442; x_wconf 88' lang='lat' dir='ltr'>ctus</span> <span class='ocrx_word' id='word_1_328' title='bbox 276 2420 311 2440; x_wconf 81' lang='lat' dir='ltr'>u.</span> <span class='ocrx_word' id='word_1_329' title='bbox 456 2409 496 2441; x_wconf 76' lang='lat'>12</span> <span class='ocrx_word' id='word_1_330' title='bbox 515 2409 718 2440; x_wconf 85' lang='lat' dir='ltr'>Armonieae</span> <span class='ocrx_word' id='word_1_331' title='bbox 738 2409 769 2440; x_wconf 88' lang='lat' dir='ltr'>b.</span> <span class='ocrx_word' id='word_1_332' title='bbox 913 2407 952 2440; x_wconf 84' lang='lat'>13</span> <span class='ocrx_word' id='word_1_333' title='bbox 971 2407 1102 2438; x_wconf 87' lang='lat' dir='ltr'>milium</span> <span class='ocrx_word' id='word_1_334' title='bbox 1119 2407 1150 2438; x_wconf 92' lang='lat' dir='ltr'><em>B</em></span> <span class='ocrx_word' id='word_1_335' title='bbox 1171 2407 1266 2437; x_wconf 73' lang='lat' dir='ltr'>‘&#39;mss.</span> <span class='ocrx_word' id='word_1_336' title='bbox 1288 2405 1331 2437; x_wconf 74' lang='grc' dir='ltr'>δ’.</span> <span class='ocrx_word' id='word_1_337' title='bbox 1498 2402 1539 2434; x_wconf 80' lang='lat'>14</span> <span class='ocrx_word' id='word_1_338' title='bbox 1560 2402 1666 2434; x_wconf 81' lang='lat' dir='ltr'>fuisse</span> 
     </span>
     <span class='ocr_line' id='line_1_35' title="bbox 182 2454 1667 2502; baseline -0.005 -10"><span class='ocrx_word' id='word_1_339' title='bbox 182 2472 201 2495; x_wconf 75' lang='lat' dir='ltr'>e</span> <span class='ocrx_word' id='word_1_340' title='bbox 219 2460 366 2502; x_wconf 84' lang='lat' dir='ltr'>(afuisse</span> <span class='ocrx_word' id='word_1_341' title='bbox 385 2460 459 2492; x_wconf 85' lang='lat' dir='ltr'>AB</span> <span class='ocrx_word' id='word_1_342' title='bbox 476 2460 566 2501; x_wconf 90' lang='lat' dir='ltr'>CD,</span> <span class='ocrx_word' id='word_1_343' title='bbox 588 2470 658 2491; x_wconf 77' lang='lat' dir='ltr'>non</span> <span class='ocrx_word' id='word_1_344' title='bbox 677 2458 860 2499; x_wconf 84' lang='lat' dir='ltr'>abfuisse).</span> <span class='ocrx_word' id='word_1_345' title='bbox 1003 2458 1044 2490; x_wconf 86' lang='grc'>16</span> <span class='ocrx_word' id='word_1_346' title='bbox 1063 2457 1216 2489; x_wconf 89' lang='lat' dir='ltr'>euocatis</span> <span class='ocrx_word' id='word_1_347' title='bbox 1234 2455 1337 2496; x_wconf 78' lang='lat' dir='ltr'><em>A(B)</em></span> <span class='ocrx_word' id='word_1_348' title='bbox 1352 2454 1441 2493; x_wconf 88' lang='lat' dir='ltr'>CD;</span> <span class='ocrx_word' id='word_1_349' title='bbox 1468 2454 1667 2485; x_wconf 86' lang='lat' dir='ltr'>conuocatis</span> 
     </span>
     <span class='ocr_line' id='line_1_36' title="bbox 185 2505 1523 2551; baseline -0.004 -9"><span class='ocrx_word' id='word_1_350' title='bbox 185 2512 222 2551; x_wconf 85' lang='lat' dir='ltr'>b,</span> <span class='ocrx_word' id='word_1_351' title='bbox 244 2511 376 2542; x_wconf 86' lang='lat' dir='ltr'>uocatis</span> <span class='ocrx_word' id='word_1_352' title='bbox 397 2522 426 2542; x_wconf 79' lang='lat' dir='ltr'>e.</span> <span class='ocrx_word' id='word_1_353' title='bbox 588 2511 674 2542; x_wconf 87' lang='lat' dir='ltr'>alios</span> <span class='ocrx_word' id='word_1_354' title='bbox 695 2509 884 2541; x_wconf 89' lang='lat' dir='ltr'>territando</span> <span class='ocrx_word' id='word_1_355' title='bbox 903 2519 973 2540; x_wconf 80' lang='lat' dir='ltr'>seo.</span> <span class='ocrx_word' id='word_1_356' title='bbox 992 2518 1038 2539; x_wconf 82' lang='lat' dir='ltr'>m.</span> <span class='ocrx_word' id='word_1_357' title='bbox 1060 2518 1088 2539; x_wconf 86' lang='lat' dir='ltr'>e.</span> <span class='ocrx_word' id='word_1_358' title='bbox 1243 2516 1315 2538; x_wconf 85' lang='lat' dir='ltr'>cum</span> <span class='ocrx_word' id='word_1_359' title='bbox 1335 2505 1441 2536; x_wconf 89' lang='lat' dir='ltr'>sciret</span> <span class='ocrx_word' id='word_1_360' title='bbox 1461 2505 1523 2536; x_wconf 81' lang='lat' dir='ltr'>de.</span> 
     </span>
    </p>

    <p class='ocr_par' dir='ltr' id='par_1_8' title="bbox 184 2557 1670 2752">
     <span class='ocr_line' id='line_1_37' title="bbox 186 2557 1670 2604; baseline -0.005 -10"><span class='ocrx_word' id='word_1_361' title='bbox 186 2564 224 2595; x_wconf 91' lang='grc'>17</span> <span class='ocrx_word' id='word_1_362' title='bbox 246 2572 331 2604; x_wconf 86' lang='lat' dir='ltr'>quae</span> <span class='ocrx_word' id='word_1_363' title='bbox 351 2561 488 2602; x_wconf 85' lang='lat' dir='ltr'>fierent]</span> <span class='ocrx_word' id='word_1_364' title='bbox 510 2562 655 2593; x_wconf 86' lang='lat' dir='ltr'>deficere</span> <span class='ocrx_word' id='word_1_365' title='bbox 676 2561 736 2593; x_wconf 83' lang='lat' dir='ltr'>de.</span> <span class='ocrx_word' id='word_1_366' title='bbox 921 2560 1137 2591; x_wconf 88' lang='lat' dir='ltr'>denuntiaret</span> <span class='ocrx_word' id='word_1_367' title='bbox 1150 2562 1236 2600; x_wconf 79' lang='lat' dir='ltr'>post</span> <span class='ocrx_word' id='word_1_368' title='bbox 1254 2557 1463 2589; x_wconf 85' lang='lat' dir='ltr'>cohortando</span> <span class='ocrx_word' id='word_1_369' title='bbox 1480 2560 1623 2597; x_wconf 79' lang='lat' dir='ltr'>ponunt</span> <span class='ocrx_word' id='word_1_370' title='bbox 1639 2557 1670 2588; x_wconf 88' lang='lat' dir='ltr'><em>B</em></span> 
     </span>
     <span class='ocr_line' id='line_1_38' title="bbox 186 2606 1667 2654; baseline -0.006 -9"><span class='ocrx_word' id='word_1_371' title='bbox 186 2614 282 2645; x_wconf 76' lang='lat' dir='ltr'>‘mss-</span> <span class='ocrx_word' id='word_1_372' title='bbox 303 2611 538 2654; x_wconf 73' lang='lat' dir='ltr'>omnessere’,</span> <span class='ocrx_word' id='word_1_373' title='bbox 560 2622 629 2644; x_wconf 84' lang='lat' dir='ltr'>om.</span> <span class='ocrx_word' id='word_1_374' title='bbox 648 2612 698 2643; x_wconf 79' lang='lat' dir='ltr'>de</span> <span class='ocrx_word' id='word_1_375' title='bbox 722 2609 966 2650; x_wconf 87' lang='lat' dir='ltr'>(denunciaret</span> <span class='ocrx_word' id='word_1_376' title='bbox 985 2609 1076 2650; x_wconf 89' lang='lat' dir='ltr'><em>(B)).</em></span> <span class='ocrx_word' id='word_1_377' title='bbox 1264 2608 1351 2639; x_wconf 88' lang='lat' dir='ltr'>alios</span> <span class='ocrx_word' id='word_1_378' title='bbox 1371 2606 1581 2638; x_wconf 85' lang='lat' dir='ltr'>cohortando</span> <span class='ocrx_word' id='word_1_379' title='bbox 1598 2616 1667 2637; x_wconf 80' lang='lat' dir='ltr'>see.</span> 
     </span>
     <span class='ocr_line' id='line_1_39' title="bbox 184 2657 1668 2705; baseline -0.006 -8"><span class='ocrx_word' id='word_1_380' title='bbox 184 2676 231 2698; x_wconf 83' lang='lat' dir='ltr'>m.</span> <span class='ocrx_word' id='word_1_381' title='bbox 253 2676 283 2697; x_wconf 79' lang='lat' dir='ltr'>c.</span> <span class='ocrx_word' id='word_1_382' title='bbox 448 2664 488 2696; x_wconf 72' lang='lat'>18.</span> <span class='ocrx_word' id='word_1_383' title='bbox 508 2664 540 2694; x_wconf 93' lang='lat' dir='ltr'>iu</span> <span class='ocrx_word' id='word_1_384' title='bbox 559 2664 675 2705; x_wconf 89' lang='lat' dir='ltr'>primis</span> <span class='ocrx_word' id='word_1_385' title='bbox 695 2663 769 2704; x_wconf 91' lang='lat' dir='ltr'><em>(B).</em></span> <span class='ocrx_word' id='word_1_386' title='bbox 953 2661 996 2696; x_wconf 79' lang='lat'>20</span> <span class='ocrx_word' id='word_1_387' title='bbox 1016 2660 1223 2700; x_wconf 80' lang='lat' dir='ltr'>Moritasgus</span> <span class='ocrx_word' id='word_1_388' title='bbox 1243 2664 1335 2698; x_wconf 83' lang='lat' dir='ltr'>ante,</span> <span class='ocrx_word' id='word_1_389' title='bbox 1357 2659 1453 2690; x_wconf 87' lang='lat' dir='ltr'>cuius</span> <span class='ocrx_word' id='word_1_390' title='bbox 1471 2657 1551 2689; x_wconf 86' lang='lat' dir='ltr'>mai.</span> <span class='ocrx_word' id='word_1_391' title='bbox 1571 2667 1668 2698; x_wconf 83' lang='lat' dir='ltr'>regu.</span> 
     </span>
     <span class='ocr_line' id='line_1_40' title="bbox 186 2709 1526 2752; baseline -0.006 -4"><span class='ocrx_word' id='word_1_392' title='bbox 186 2717 259 2748; x_wconf 90' lang='lat' dir='ltr'>obt.</span> <span class='ocrx_word' id='word_1_393' title='bbox 279 2721 357 2747; x_wconf 86' lang='lat' dir='ltr'>ante</span> <span class='ocrx_word' id='word_1_394' title='bbox 376 2715 559 2747; x_wconf 84' lang='lat' dir='ltr'>aduentum</span> <span class='ocrx_word' id='word_1_395' title='bbox 579 2714 677 2746; x_wconf 88' lang='lat' dir='ltr'>Caes.</span> <span class='ocrx_word' id='word_1_396' title='bbox 697 2714 732 2745; x_wconf 89' lang='lat' dir='ltr'>in</span> <span class='ocrx_word' id='word_1_397' title='bbox 751 2712 840 2745; x_wconf 89' lang='lat' dir='ltr'>Gall.</span> <span class='ocrx_word' id='word_1_398' title='bbox 864 2713 881 2743; x_wconf 89' lang='lat' dir='ltr'>b</span> <span class='ocrx_word' id='word_1_399' title='bbox 897 2723 926 2743; x_wconf 81' lang='lat' dir='ltr'>c.</span> <span class='ocrx_word' id='word_1_400' title='bbox 1065 2711 1109 2744; x_wconf 79' lang='lat'>22</span> <span class='ocrx_word' id='word_1_401' title='bbox 1128 2720 1165 2741; x_wconf 88' lang='lat' dir='ltr'>ae</span> <span class='ocrx_word' id='word_1_402' title='bbox 1185 2709 1397 2752; x_wconf 73' lang='lat' dir='ltr'>profugisset</span> <span class='ocrx_word' id='word_1_403' title='bbox 1409 2718 1478 2740; x_wconf 90' lang='lat' dir='ltr'>om.</span> <span class='ocrx_word' id='word_1_404' title='bbox 1495 2709 1526 2740; x_wconf 80' lang='lat' dir='ltr'>b.</span> 
     </span>
    </p>

    <p class='ocr_par' dir='ltr' id='par_1_9' title="bbox 186 2758 1672 2913">
     <span class='ocr_line' id='line_1_41' title="bbox 186 2758 1672 2808; baseline -0.007 -9"><span class='ocrx_word' id='word_1_405' title='bbox 186 2768 229 2802; x_wconf 78' lang='lat'>23</span> <span class='ocrx_word' id='word_1_406' title='bbox 250 2776 357 2808; x_wconf 89' lang='lat' dir='ltr'>usque</span> <span class='ocrx_word' id='word_1_407' title='bbox 376 2766 408 2798; x_wconf 91' lang='lat' dir='ltr'>in</span> <span class='ocrx_word' id='word_1_408' title='bbox 428 2765 513 2797; x_wconf 85' lang='lat' dir='ltr'>fines</span> <span class='ocrx_word' id='word_1_409' title='bbox 532 2766 576 2797; x_wconf 83' lang='grc' dir='ltr'>Α.</span> <span class='ocrx_word' id='word_1_410' title='bbox 741 2762 912 2806; x_wconf 87' lang='lat' dir='ltr'>prosecuti</span> <span class='ocrx_word' id='word_1_411' title='bbox 931 2772 977 2792; x_wconf 85' lang='lat' dir='ltr'>m.</span> <span class='ocrx_word' id='word_1_412' title='bbox 997 2771 1056 2804; x_wconf 83' lang='lat' dir='ltr'>pr.</span> <span class='ocrx_word' id='word_1_413' title='bbox 1080 2761 1126 2802; x_wconf 82' lang='lat' dir='ltr'>C,</span> <span class='ocrx_word' id='word_1_414' title='bbox 1148 2766 1181 2793; x_wconf 87' lang='lat' dir='ltr'>et</span> <span class='ocrx_word' id='word_1_415' title='bbox 1199 2761 1307 2792; x_wconf 85' lang='lat' dir='ltr'>secuti</span> <span class='ocrx_word' id='word_1_416' title='bbox 1324 2760 1369 2792; x_wconf 87' lang='grc' dir='ltr'>Α.</span> <span class='ocrx_word' id='word_1_417' title='bbox 1509 2759 1553 2793; x_wconf 82' lang='lat'>24</span> <span class='ocrx_word' id='word_1_418' title='bbox 1571 2758 1672 2790; x_wconf 89' lang='lat' dir='ltr'>satis-</span> 
     </span>
     <span class='ocr_line' id='line_1_42' title="bbox 190 2810 1672 2858; baseline -0.007 -7"><span class='ocrx_word' id='word_1_419' title='bbox 190 2818 343 2852; x_wconf 81' lang='lat' dir='ltr'>faciundi</span> <span class='ocrx_word' id='word_1_420' title='bbox 361 2819 410 2858; x_wconf 86' lang='lat' dir='ltr'>B,</span> <span class='ocrx_word' id='word_1_421' title='bbox 433 2817 672 2850; x_wconf 81' lang='lat' dir='ltr'>satisfaciendi</span> <span class='ocrx_word' id='word_1_422' title='bbox 692 2817 788 2848; x_wconf 78' lang='lat' dir='ltr'>‘mss.</span> <span class='ocrx_word' id='word_1_423' title='bbox 803 2813 993 2858; x_wconf 77' lang='lat' dir='ltr'>plerique&#39;.</span> <span class='ocrx_word' id='word_1_424' title='bbox 1157 2814 1200 2846; x_wconf 72' lang='lat'>25</span> <span class='ocrx_word' id='word_1_425' title='bbox 1220 2823 1296 2845; x_wconf 86' lang='lat' dir='ltr'>esse</span> <span class='ocrx_word' id='word_1_426' title='bbox 1316 2813 1450 2855; x_wconf 84' lang='lat' dir='ltr'>aliquos</span> <span class='ocrx_word' id='word_1_427' title='bbox 1467 2815 1623 2854; x_wconf 88' lang='lat' dir='ltr'>repertos</span> <span class='ocrx_word' id='word_1_428' title='bbox 1642 2810 1672 2842; x_wconf 91' lang='lat' dir='ltr'><em>B</em></span> 
     </span>
     <span class='ocr_line' id='line_1_43' title="bbox 193 2862 1669 2913; baseline -0.007 -9"><span class='ocrx_word' id='word_1_429' title='bbox 193 2870 317 2912; x_wconf 62' lang='lat' dir='ltr'>‘mss-,³3</span> <span class='ocrx_word' id='word_1_430' title='bbox 338 2870 471 2913; x_wconf 90' lang='lat' dir='ltr'>aliquos</span> <span class='ocrx_word' id='word_1_431' title='bbox 489 2880 564 2903; x_wconf 86' lang='lat' dir='ltr'>esse</span> <span class='ocrx_word' id='word_1_432' title='bbox 583 2874 739 2913; x_wconf 87' lang='lat' dir='ltr'>repertos</span> <span class='ocrx_word' id='word_1_433' title='bbox 758 2879 795 2909; x_wconf 82' lang='lat' dir='ltr'>e,</span> <span class='ocrx_word' id='word_1_434' title='bbox 816 2878 892 2900; x_wconf 86' lang='lat' dir='ltr'>esse</span> <span class='ocrx_word' id='word_1_435' title='bbox 912 2870 1064 2909; x_wconf 87' lang='lat' dir='ltr'>repertos</span> <span class='ocrx_word' id='word_1_436' title='bbox 1083 2865 1214 2908; x_wconf 87' lang='lat' dir='ltr'>aliquos</span> <span class='ocrx_word' id='word_1_437' title='bbox 1234 2875 1268 2898; x_wconf 81' lang='grc' dir='ltr'>ιι.</span> <span class='ocrx_word' id='word_1_438' title='bbox 1498 2862 1669 2896; x_wconf 86' lang='lat' dir='ltr'>inferendi</span> 
     </span>
    </p>
   </div>
   <div class='ocr_carea' id='block_1_6' title="bbox 1688 896 1729 929">
    <p class='ocr_par' dir='ltr' id='par_1_10' title="bbox 1688 896 1729 929">
     <span class='ocr_line' id='line_1_44' title="bbox 1688 896 1729 929; baseline -0.024 0"><span class='ocrx_word' id='word_1_439' title='bbox 1688 896 1729 929; x_wconf 85' lang='lat'>10</span> 
     </span>
    </p>
   </div>
   <div class='ocr_carea' id='block_1_7' title="bbox 1693 1234 1732 1267">
    <p class='ocr_par' dir='ltr' id='par_1_11' title="bbox 1693 1234 1732 1267">
     <span class='ocr_line' id='line_1_45' title="bbox 1693 1234 1732 1267; baseline -0.026 0"><span class='ocrx_word' id='word_1_440' title='bbox 1693 1234 1732 1267; x_wconf 85' lang='lat'>15</span> 
     </span>
    </p>
   </div>
  </div>
 </body>
</html>
