1835 3240
679 164 1106 205 -229—-

155 279 338 321 ulteriore
352 276 543 329 Hispania
565 277 710 329 potitus
725 277 959 330 diciposset,
985 285 1101 318 antea
1123 278 1398 318 declarandum
1420 290 1520 331 erat,
1547 284 1635 335 quid

152 352 355 400 praeterea
379 343 554 383 fecisset.
591 342 771 397 Denique
794 352 884 385 ante
907 346 1029 385 uerba
1054 350 1145 398 ‘quo
1160 345 1315 385 facilius
1331 347 1525 398 praesidia
1550 363 1641 388 con-

153 421 214 453 tra
236 418 483 465 compararet
504 410 728 465 Pompeius’
750 420 927 465 apertum
961 420 1022 452 est
1043 412 1125 451 eius
1147 413 1204 452 rei
1229 415 1641 455 connnemorationem

152 480 384 526 desiderari,
420 486 555 519 contra
580 494 693 533 quam
718 481 910 533 praesidia
935 495 955 519 a
978 479 1164 532 Pompeio
1189 488 1414 534 comparata
1437 482 1529 521 sint.
1583 481 1641 523 Ibi

150 548 271 602 igitur
292 548 517 587 ostenderat
540 555 678 587 auctor
700 544 916 588 Caesarem
937 547 1100 587 Fabium
1116 546 1337 587 Maximum
1362 547 1463 600 etQ.
1479 547 1641 589 Pedium

149 616 302 668 legatos
325 629 411 654 cum
435 615 614 655 exercitu
637 615 816 655 misisse:
844 622 883 655 et
905 616 951 654 ad
973 629 1017 654 ea
1042 616 1160 655 uerba
1186 616 1521 669 etiamsuperiora
1539 617 1643 655 ‘dum

152 679 304 722 Caesar
326 682 551 722 muneribus
575 681 708 721 dandis
731 681 772 720 111
793 680 907 722 Italia
939 683 1151 722 detinetur’
1182 683 1420 735 pertinuisse
1442 684 1641 724 uidentur.

266 748 407 789 Eiusd.
434 764 468 788 c.
495 749 530 801 ξ.
556 748 597 798 4,
623 748 689 788 ubi
711 748 807 789 haec
829 749 1014 801 leguntur
1037 750 1083 789 de
1107 746 1183 789 Cn.
1210 749 1424 804 Pompeio:
1461 756 1470 774 ⁶
1487 764 1539 790 ex
1561 752 1644 804 qui-

150 817 222 857 bus
244 817 277 857 si
300 831 375 869 qua
397 817 534 870 oppida
557 816 595 856 ui
619 822 794 869 ceperat,
829 831 916 856 cum
939 816 1078 869 aliquis
1101 830 1154 857 ex
1178 831 1225 856 ea
1247 818 1404 858 ciuitate
1428 819 1572 872 optime
1595 820 1641 859 de

153 882 230 924 Cn.
259 882 445 938 Pompeio
467 884 631 924 meritus
654 883 752 923 ciuis
776 891 907 931 esset,
939 891 1100 937 propter
1121 885 1313 938 pecuniae
1336 886 1644 940 magnitudinem

151 952 281 1004 aliqua
304 952 338 992 ei
360 952 605 992 inferebatur
626 965 762 1001 causa,
788 959 832 992 ut
853 966 898 992 eo
923 952 969 991 de
991 952 1118 992 medio
1142 953 1295 993 sublato
1319 967 1368 993 ex
1383 954 1646 1006 eiuspecunia

152 1020 346 1059 latronum
370 1020 526 1074 largitio
548 1020 690 1069 fieret',
715 1027 824 1060 recte
846 1020 1126 1060 animaduertit
1148 1018 1451 1075 Oudendorpius
1474 1022 1646 1062 incredi-

151 1087 229 1128 bile
251 1101 340 1128 esse
363 1094 471 1127 tanta
494 1084 571 1127 Cn.
596 1085 822 1140 Pompeium
847 1087 967 1128 fuisse
989 1088 1200 1138 dementia,
1226 1095 1270 1128 ut
1290 1097 1357 1128 aut
1378 1090 1424 1128 de
1447 1103 1489 1129 se
1512 1096 1579 1129 aut
1602 1089 1648 1129 de

154 1161 264 1209 patre
302 1169 372 1194 suo
415 1155 559 1208 optime
591 1156 752 1196 meritos
786 1155 1095 1196 circumueniret
1128 1162 1168 1195 et
1198 1155 1456 1196 interficeret.
1509 1154 1649 1208 Itaque

158 1223 317 1275 ‘optime
345 1224 390 1262 de
414 1220 463 1262 C.
483 1221 657 1263 Caesare
679 1224 857 1263 meritus'
880 1223 1127 1263 scribendum
1152 1237 1240 1263 csse
1263 1223 1447 1263 coniecit.
1482 1222 1537 1262 At
1551 1224 1649 1263 bene

156 1290 203 1330 de
237 1287 286 1330 C.
313 1287 488 1331 Caesare
520 1291 651 1330 meriti
683 1291 838 1331 auctori
870 1291 1029 1330 omnino
1062 1292 1205 1345 optime
1236 1292 1365 1331 meriti
1388 1292 1647 1332 uidebantur:

156 1358 223 1398 illa
250 1359 310 1397 ‘de
333 1355 410 1397 Cn.
436 1356 636 1411 Pompeio'
660 1372 682 1397 a
703 1357 893 1411 magistro
915 1359 1065 1398 adiecta
1089 1365 1195 1409 sunt,
1229 1360 1292 1411 qui
1316 1360 1412 1399 haec
1435 1360 1556 1400 uerba
1579 1374 1651 1399 ex-

160 1425 303 1479 plicare
326 1432 489 1465 conatus
512 1426 679 1478 turpiter
700 1426 865 1466 errauit.

272 1491 587 1533 111111111116.6316
610 1494 822 1533 edebatur:
851 1491 908 1532 ‘Id
932 1507 1016 1532 cum
1040 1494 1376 1534 animaduerteret
1397 1493 1652 1533 aduersarios

158 1561 317 1600 minime
339 1560 454 1607 uelle,
480 1575 577 1613 quos
600 1561 687 1600 ideo
711 1576 733 1601 a
757 1562 819 1601 uia
842 1567 1084 1610 retraxerat,
1111 1569 1154 1601 ut
1175 1562 1214 1601 in
1237 1575 1401 1614 aequum
1425 1561 1651 1610 deduceret,

159 1629 280 1682 copiis
303 1629 444 1668 flumen
466 1629 658 1668 traductis
681 1635 799 1668 noctu
820 1629 924 1667 iubet
947 1629 1058 1680 ignes
1082 1630 1166 1668 lieri
1191 1643 1379 1683 magnos:
1417 1629 1488 1678 ita,
1515 1628 1655 1668 firmis-

158 1697 295 1737 simum
318 1697 401 1736 eius
425 1696 643 1745 castellum,
670 1694 865 1748 Ateguam
880 1696 1173 1749 proficiscituff.
1210 1696 1285 1736 Hic
1308 1710 1395 1736 cum
1419 1695 1513 1734 1111111
1537 1709 1655 1748 supra

162 1771 268 1805 esset
291 1764 570 1818 significatum,
595 1776 617 1801 a
638 1763 703 1802 uia
724 1764 978 1803 aduersarios
1001 1778 1023 1803 a
1038 1761 1215 1804 Caesare
1237 1770 1431 1804 retractos
1454 1776 1557 1811 esse,
1589 1763 1657 1803 sed

159 1847 195 1872 6.
219 1832 246 1873 4
266 1832 432 1872 relatum
455 1829 669 1872 Caesarem
695 1828 919 1871 Cordubam
943 1833 1161 1885 profectum
1186 1846 1230 1872 ea
1254 1846 1297 1871 re
1322 1829 1398 1871 Cn.
1429 1829 1657 1883 Pompeium

161 1900 354 1954 coegisse,
380 1899 549 1941 utVliae
571 1899 900 1953 oppugnationem
924 1900 1138 1940 dimitteret
1160 1907 1198 1939 et
1219 1900 1303 1953 ipse
1326 1912 1480 1951 quoque
1504 1895 1658 1938 Cordu-

161 1968 247 2007 bam
270 1968 347 2008 iter
368 1969 533 2018 faceret,
558 1975 667 2008 reete
692 1965 928 2008 Ciacconius
955 1968 1017 2007 ‘ab
1030 1966 1120 2008 Vlia
1142 1967 1385 2007 retraxerat'
1409 1966 1658 2006 scribendum

161 2037 360 2077 iudicauit.
397 2034 547 2077 Verum
579 2049 705 2088 neque
737 2036 825 2076 ideo
850 2033 1004 2076 Caesar
1024 2034 1255 2089 Pompeium
1284 2036 1330 2074 ab
1354 2033 1446 2075 Vlia
1477 2041 1659 2074 retraxe-

161 2111 238 2153 rat,
264 2111 306 2144 ut
328 2118 414 2144 eum
434 2104 475 2144 in
497 2118 662 2156 aequum
688 2104 914 2153 deduceret,
940 2104 1008 2144 sed
1032 2111 1073 2143 ut
1087 2102 1217 2143 Vliam
1232 2103 1436 2143 obsidione
1453 2102 1656 2152 liberaret,

162 2185 286 2225 neque
310 2172 437 2212 ‘ideo'
460 2171 500 2212 in
523 2172 679 2226 optimis
702 2173 814 2212 codd.
839 2172 1009 2226 legitur,
1036 2172 1103 2212 sed
1129 2178 1138 2195 ⁴
1154 2171 1375 2224 quoniam'.
1429 2169 1564 2223 Atque
1587 2170 1660 2209 hoc

161 2239 315 2292 quidem
337 2246 498 2293 recepto
522 2240 649 2280 oratio
672 2241 822 2280 exitum
846 2254 925 2280 non
946 2240 1124 2280 inuenit:
1152 2246 1192 2279 et
1214 2238 1420 2292 sequentia
1441 2238 1658 2292 postulant,

163 2312 206 2346 ut
227 2303 382 2347 Caesar
401 2306 630 2361 Pompeium
664 2308 798 2349 eadem
828 2307 986 2348 ratione
1014 2307 1055 2347 in
1077 2320 1245 2360 aequum
1269 2307 1464 2347 deducere
1488 2305 1662 2345 uoluisse

165 2374 332 2423 dicatur,
358 2389 432 2427 qua
455 2389 542 2415 eum
565 2375 612 2415 ab
633 2375 727 2417 Vlia
747 2382 992 2416 retraxerat.
1029 2373 1135 2415 Nam
1168 2382 1375 2427 utramque
1397 2387 1480 2414 rem
1503 2373 1558 2413 ita
1581 2373 1661 2412 effi-

165 2454 254 2481 cere
276 2449 439 2482 conatus
462 2451 545 2493 est,
581 2451 624 2484 ut
655 2444 795 2498 oppida
827 2443 997 2497 partium
1023 2441 1353 2496 Pompeianarum
1376 2441 1662 2496 aggrederetur

167 2514 281 2559 atque
303 2509 355 2549 ita
380 2524 426 2550 eo
442 2541 451 2559 ,
487 2525 562 2563 quo
585 2511 744 2551 uolebat
759 2542 769 2559 ,
803 2508 1034 2564 Pompeium
1057 2510 1170 2563 sequi
1192 2517 1368 2562 cogeret.
1411 2507 1551 2560 Itaque
1575 2521 1663 2547 cum

172 2574 256 2622 ‘ut'‚
282 2577 380 2627 quod
402 2585 494 2618 ante
516 2578 639 2618 uerba
664 2579 718 2618 ‘in
741 2592 908 2631 aequum
932 2578 1156 2617 deduceret'
1179 2577 1359 2630 ponitur,
1393 2576 1433 2616 in
1456 2574 1572 2615 Leid.
1598 2589 1659 2628 pr.

172 2647 211 2679 et
232 2639 357 2681 Doru.
382 2646 567 2698 scriptum
590 2661 666 2686 non
691 2647 763 2696 311,
799 2646 895 2686 haec
919 2645 973 2685 ita
997 2644 1279 2684 conformanda
1312 2643 1564 2683 existimaui:
1605 2640 1662 2680 ‘Id

173 2722 259 2746 cum
282 2709 613 2753 animaduerteret
635 2714 889 2753 aduersarios
913 2713 1072 2753 minime
1094 2711 1223 2761 uelle,
1250 2725 1326 2764 quo
1350 2725 1418 2751 eos
1434 2742 1444 2760 ,
1470 2709 1663 2763 quomodo

173 2776 219 2814 :lb
245 2774 332 2816 Vlia
353 2785 601 2830 retraxerat,
636 2782 675 2820 in
699 2795 865 2834 aequum
890 2781 1123 2828 deduceret,
1158 2780 1279 2832 copiis
1303 2778 1475 2818 flumine'
1511 2777 1582 2829 [ita
1605 2783 1664 2815 est

175 2844 275 2883 enim
298 2844 338 2884 in
369 2845 535 2899 quinque
558 2849 670 2888 codd.
697 2846 800 2888 Oud.
827 2855 867 2888 et
894 2847 989 2888 Par.
1015 2848 1120 2900 sec.]
1158 2846 1375 2886 ‘traductis
1408 2852 1524 2884 noctu
1554 2843 1661 2882 iubet
