<?xml version="1.0" encoding="UTF-8"?>
<!DOCTYPE html PUBLIC "-//W3C//DTD XHTML 1.0 Transitional//EN"
    "http://www.w3.org/TR/xhtml1/DTD/xhtml1-transitional.dtd">
<html xmlns="http://www.w3.org/1999/xhtml" xml:lang="en" lang="en">
 <head>
  <title>
</title>
<meta http-equiv="Content-Type" content="text/html;charset=utf-8" />
  <meta name='ocr-system' content='tesseract 3.04.00' />
  <meta name='ocr-capabilities' content='ocr_page ocr_carea ocr_par ocr_line ocrx_word'/>
</head>
<body>
  <div class='ocr_page' id='page_1' title='image "./commentarii00caesuoft_0027.png"; bbox 0 0 1835 3240; ppageno 0'>
   <div class='ocr_carea' id='block_1_1' title="bbox 698 197 1098 239">
    <p class='ocr_par' dir='ltr' id='par_1_1' title="bbox 698 197 1098 239">
     <span class='ocr_line' id='line_1_1' title="bbox 698 197 1098 239; baseline 0 -10"><span class='ocrx_word' id='word_1_1' title='bbox 698 197 1098 239; x_wconf 86' lang='lat'>—17—-—-</span> 
     </span>
    </p>
   </div>
   <div class='ocr_carea' id='block_1_2' title="bbox 144 309 1650 2872">
    <p class='ocr_par' dir='ltr' id='par_1_2' title="bbox 144 309 1650 2872">
     <span class='ocr_line' id='line_1_2' title="bbox 159 309 1647 366; baseline 0.003 -11"><span class='ocrx_word' id='word_1_2' title='bbox 159 328 232 356; x_wconf 91' lang='lat' dir='ltr'><strong>uus</strong></span> <span class='ocrx_word' id='word_1_3' title='bbox 265 327 349 353; x_wconf 91' lang='lat' dir='ltr'><strong>cum</strong></span> <span class='ocrx_word' id='word_1_4' title='bbox 381 309 644 366; x_wconf 84' lang='lat' dir='ltr'><strong>peruenisset&#39;</strong></span> <span class='ocrx_word' id='word_1_5' title='bbox 681 311 826 365; x_wconf 89' lang='lat' dir='ltr'><strong>(ipsum</strong></span> <span class='ocrx_word' id='word_1_6' title='bbox 854 324 1008 364; x_wconf 89' lang='lat' dir='ltr'><strong>quoque</strong></span> <span class='ocrx_word' id='word_1_7' title='bbox 1036 310 1295 361; x_wconf 89' lang='lat' dir='ltr'><strong>inusitatum,</strong></span> <span class='ocrx_word' id='word_1_8' title='bbox 1322 313 1391 353; x_wconf 90' lang='lat' dir='ltr'><strong>sed</strong></span> <span class='ocrx_word' id='word_1_9' title='bbox 1420 328 1498 355; x_wconf 89' lang='lat' dir='ltr'><strong>non</strong></span> <span class='ocrx_word' id='word_1_10' title='bbox 1529 317 1647 359; x_wconf 90' lang='lat' dir='ltr'><strong>uitio-</strong></span> 
     </span>
     <span class='ocr_line' id='line_1_3' title="bbox 157 378 1647 432; baseline 0.003 -11"><span class='ocrx_word' id='word_1_11' title='bbox 157 395 267 429; x_wconf 90' lang='lat' dir='ltr'><strong>sum,</strong></span> <span class='ocrx_word' id='word_1_12' title='bbox 309 386 352 419; x_wconf 83' lang='lat' dir='ltr'><strong>ut</strong></span> <span class='ocrx_word' id='word_1_13' title='bbox 382 378 601 432; x_wconf 79' lang='lat' dir='ltr'>arbitror),</span> <span class='ocrx_word' id='word_1_14' title='bbox 646 385 738 428; x_wconf 89' lang='lat' dir='ltr'><strong>aut,</strong></span> <span class='ocrx_word' id='word_1_15' title='bbox 771 378 805 418; x_wconf 92' lang='lat' dir='ltr'><strong>si</strong></span> <span class='ocrx_word' id='word_1_16' title='bbox 840 379 902 418; x_wconf 87' lang='lat' dir='ltr'><strong>cui</strong></span> <span class='ocrx_word' id='word_1_17' title='bbox 932 378 1006 418; x_wconf 82' lang='lat' dir='ltr'><strong>hoc</strong></span> <span class='ocrx_word' id='word_1_18' title='bbox 1036 391 1114 419; x_wconf 91' lang='lat' dir='ltr'><strong>non</strong></span> <span class='ocrx_word' id='word_1_19' title='bbox 1146 378 1401 432; x_wconf 79' lang='lat' dir='ltr'>probabitur,</span> <span class='ocrx_word' id='word_1_20' title='bbox 1434 383 1470 422; x_wconf 89' lang='lat' dir='ltr'><strong>ei</strong></span> <span class='ocrx_word' id='word_1_21' title='bbox 1498 383 1553 424; x_wconf 86' lang='lat' dir='ltr'><strong>ita</strong></span> <span class='ocrx_word' id='word_1_22' title='bbox 1586 393 1647 426; x_wconf 86' lang='lat' dir='ltr'><strong>est</strong></span> 
     </span>
     <span class='ocr_line' id='line_1_4' title="bbox 156 444 1646 499; baseline 0.002 -11"><span class='ocrx_word' id='word_1_23' title='bbox 156 447 439 488; x_wconf 84' lang='lat' dir='ltr'><strong>emendandum</strong></span> <span class='ocrx_word' id='word_1_24' title='bbox 456 477 466 496; x_wconf 90' lang='lat'>,</span> <span class='ocrx_word' id='word_1_25' title='bbox 501 453 543 486; x_wconf 89' lang='lat' dir='ltr'><strong>ut</strong></span> <span class='ocrx_word' id='word_1_26' title='bbox 574 447 708 486; x_wconf 89' lang='lat' dir='ltr'><strong>uitium</strong></span> <span class='ocrx_word' id='word_1_27' title='bbox 740 460 790 486; x_wconf 91' lang='lat' dir='ltr'><strong>ne</strong></span> <span class='ocrx_word' id='word_1_28' title='bbox 815 445 1015 499; x_wconf 82' lang='lat' dir='ltr'><strong>importet.</strong></span> <span class='ocrx_word' id='word_1_29' title='bbox 1057 444 1203 499; x_wconf 82' lang='lat' dir='ltr'><strong>Neque</strong></span> <span class='ocrx_word' id='word_1_30' title='bbox 1236 460 1271 486; x_wconf 90' lang='lat' dir='ltr'><strong>c.</strong></span> <span class='ocrx_word' id='word_1_31' title='bbox 1296 446 1366 497; x_wconf 85' lang='lat'><strong>78,</strong></span> <span class='ocrx_word' id='word_1_32' title='bbox 1392 448 1417 488; x_wconf 84' lang='lat'><strong>4</strong></span> <span class='ocrx_word' id='word_1_33' title='bbox 1441 463 1526 489; x_wconf 90' lang='lat' dir='ltr'><strong>cum</strong></span> <span class='ocrx_word' id='word_1_34' title='bbox 1550 451 1646 492; x_wconf 86' lang='lat' dir='ltr'><strong>haec</strong></span> 
     </span>
     <span class='ocr_line' id='line_1_5' title="bbox 156 512 1648 569; baseline 0.003 -15"><span class='ocrx_word' id='word_1_35' title='bbox 156 522 341 569; x_wconf 88' lang='lat' dir='ltr'><strong>poneret:</strong></span> <span class='ocrx_word' id='word_1_36' title='bbox 380 512 513 567; x_wconf 82' lang='lat' dir='ltr'><strong>‘Quod</strong></span> <span class='ocrx_word' id='word_1_37' title='bbox 549 514 614 554; x_wconf 89' lang='lat' dir='ltr'><strong>ubi</strong></span> <span class='ocrx_word' id='word_1_38' title='bbox 647 520 827 567; x_wconf 88' lang='lat' dir='ltr'><strong>coeptum</strong></span> <span class='ocrx_word' id='word_1_39' title='bbox 860 520 921 553; x_wconf 84' lang='lat' dir='ltr'><strong>est</strong></span> <span class='ocrx_word' id='word_1_40' title='bbox 942 513 1043 563; x_wconf 86' lang='lat' dir='ltr'><strong>fieri,</strong></span> <span class='ocrx_word' id='word_1_41' title='bbox 1077 520 1117 555; x_wconf 85' lang='lat' dir='ltr'><strong>et</strong></span> <span class='ocrx_word' id='word_1_42' title='bbox 1139 515 1250 567; x_wconf 88' lang='lat' dir='ltr'><strong>equis</strong></span> <span class='ocrx_word' id='word_1_43' title='bbox 1274 515 1480 557; x_wconf 87' lang='lat' dir='ltr'><strong>concitatis</strong></span> <span class='ocrx_word' id='word_1_44' title='bbox 1503 515 1648 559; x_wconf 90' lang='lat' dir='ltr'><strong>Iuliani</strong></span> 
     </span>
     <span class='ocr_line' id='line_1_6' title="bbox 153 580 1649 636; baseline 0.001 -12"><span class='ocrx_word' id='word_1_45' title='bbox 153 584 338 636; x_wconf 89' lang='lat' dir='ltr'><strong>impetum</strong></span> <span class='ocrx_word' id='word_1_46' title='bbox 372 581 592 628; x_wconf 85' lang='lat' dir='ltr'><strong>fecissent&#39;,</strong></span> <span class='ocrx_word' id='word_1_47' title='bbox 624 580 838 636; x_wconf 79' lang='lat' dir='ltr'><strong>particulae</strong></span> <span class='ocrx_word' id='word_1_48' title='bbox 864 581 956 621; x_wconf 87' lang='lat' dir='ltr'><strong>‘ubi&#39;</strong></span> <span class='ocrx_word' id='word_1_49' title='bbox 990 595 1076 621; x_wconf 90' lang='lat' dir='ltr'><strong>eum</strong></span> <span class='ocrx_word' id='word_1_50' title='bbox 1100 582 1395 623; x_wconf 86' lang='lat' dir='ltr'><strong>coniunctiuum</strong></span> <span class='ocrx_word' id='word_1_51' title='bbox 1418 584 1649 627; x_wconf 78' lang='lat' dir='ltr'><strong>adiunxisse</strong></span> 
     </span>
     <span class='ocr_line' id='line_1_7' title="bbox 153 648 1649 705; baseline 0.001 -13"><span class='ocrx_word' id='word_1_52' title='bbox 153 651 277 705; x_wconf 88' lang='lat' dir='ltr'><strong>prima</strong></span> <span class='ocrx_word' id='word_1_53' title='bbox 300 651 492 692; x_wconf 86' lang='lat' dir='ltr'><strong>enuntiati</strong></span> <span class='ocrx_word' id='word_1_54' title='bbox 515 664 605 704; x_wconf 91' lang='lat' dir='ltr'><strong>pars</strong></span> <span class='ocrx_word' id='word_1_55' title='bbox 629 650 766 690; x_wconf 81' lang='lat' dir='ltr'><strong>docet:</strong></span> <span class='ocrx_word' id='word_1_56' title='bbox 801 649 868 689; x_wconf 91' lang='lat' dir='ltr'><strong>sed</strong></span> <span class='ocrx_word' id='word_1_57' title='bbox 901 648 1045 689; x_wconf 81' lang='lat' dir='ltr'><strong>oblitus</strong></span> <span class='ocrx_word' id='word_1_58' title='bbox 1073 649 1178 689; x_wconf 90' lang='lat' dir='ltr'><strong>illius</strong></span> <span class='ocrx_word' id='word_1_59' title='bbox 1202 656 1241 690; x_wconf 90' lang='lat' dir='ltr'><strong>et</strong></span> <span class='ocrx_word' id='word_1_60' title='bbox 1264 649 1381 690; x_wconf 86' lang='lat' dir='ltr'><strong>‘cum&#39;</strong></span> <span class='ocrx_word' id='word_1_61' title='bbox 1403 664 1447 691; x_wconf 87' lang='lat' dir='ltr'><strong>se</strong></span> <span class='ocrx_word' id='word_1_62' title='bbox 1468 652 1649 705; x_wconf 85' lang='lat' dir='ltr'><strong>posuisse</strong></span> 
     </span>
     <span class='ocr_line' id='line_1_8' title="bbox 153 716 1649 770; baseline 0.002 -12"><span class='ocrx_word' id='word_1_63' title='bbox 153 718 387 759; x_wconf 80' lang='lat' dir='ltr'><strong>existimans</strong></span> <span class='ocrx_word' id='word_1_64' title='bbox 430 719 478 759; x_wconf 88' lang='lat' dir='ltr'><strong>ad</strong></span> <span class='ocrx_word' id='word_1_65' title='bbox 519 719 617 759; x_wconf 84' lang='lat' dir='ltr'><strong>haue</strong></span> <span class='ocrx_word' id='word_1_66' title='bbox 659 718 826 758; x_wconf 86' lang='lat' dir='ltr'><strong>alterum</strong></span> <span class='ocrx_word' id='word_1_67' title='bbox 860 716 1023 756; x_wconf 91' lang='lat' dir='ltr'><strong>uerbum</strong></span> <span class='ocrx_word' id='word_1_68' title='bbox 1056 717 1334 758; x_wconf 88' lang='lat' dir='ltr'><strong>conformauit.</strong></span> <span class='ocrx_word' id='word_1_69' title='bbox 1378 717 1435 759; x_wconf 86' lang='lat' dir='ltr'><strong>At</strong></span> <span class='ocrx_word' id='word_1_70' title='bbox 1466 734 1501 759; x_wconf 83' lang='lat' dir='ltr'><strong>c.</strong></span> <span class='ocrx_word' id='word_1_71' title='bbox 1526 718 1597 770; x_wconf 79' lang='lat'><strong>91,</strong></span> <span class='ocrx_word' id='word_1_72' title='bbox 1621 719 1649 761; x_wconf 88' lang='grc'>4</span> 
     </span>
     <span class='ocr_line' id='line_1_9' title="bbox 153 784 1648 840; baseline 0 -13"><span class='ocrx_word' id='word_1_73' title='bbox 153 787 333 840; x_wconf 83' lang='lat' dir='ltr'><strong>scripsit:</strong></span> <span class='ocrx_word' id='word_1_74' title='bbox 371 790 593 840; x_wconf 81' lang='lat' dir='ltr'><strong>‘postquam</strong></span> <span class='ocrx_word' id='word_1_75' title='bbox 625 784 722 825; x_wconf 86' lang='lat' dir='ltr'><strong>Iuba</strong></span> <span class='ocrx_word' id='word_1_76' title='bbox 753 791 845 824; x_wconf 89' lang='lat' dir='ltr'><strong>ante</strong></span> <span class='ocrx_word' id='word_1_77' title='bbox 874 791 1010 839; x_wconf 88' lang='lat' dir='ltr'><strong>portas</strong></span> <span class='ocrx_word' id='word_1_78' title='bbox 1032 784 1097 824; x_wconf 89' lang='lat' dir='ltr'><strong>diu</strong></span> <span class='ocrx_word' id='word_1_79' title='bbox 1119 784 1361 838; x_wconf 86' lang='lat' dir='ltr'><strong>multumque</strong></span> <span class='ocrx_word' id='word_1_80' title='bbox 1384 786 1509 840; x_wconf 91' lang='lat' dir='ltr'><strong>primo</strong></span> <span class='ocrx_word' id='word_1_81' title='bbox 1531 787 1648 828; x_wconf 90' lang='lat' dir='ltr'><strong>minis</strong></span> 
     </span>
     <span class='ocr_line' id='line_1_10' title="bbox 153 852 1649 908; baseline 0 -13"><span class='ocrx_word' id='word_1_82' title='bbox 153 854 301 908; x_wconf 80' lang='lat' dir='ltr'><strong>egisset</strong></span> <span class='ocrx_word' id='word_1_83' title='bbox 332 868 417 894; x_wconf 91' lang='lat' dir='ltr'><strong>cum</strong></span> <span class='ocrx_word' id='word_1_84' title='bbox 448 852 735 903; x_wconf 87' lang='lat' dir='ltr'><strong>Zamensibus,</strong></span> <span class='ocrx_word' id='word_1_85' title='bbox 770 853 885 903; x_wconf 85' lang='lat' dir='ltr'><strong>dein,</strong></span> <span class='ocrx_word' id='word_1_86' title='bbox 925 866 1012 892; x_wconf 88' lang='lat' dir='ltr'><strong>cum</strong></span> <span class='ocrx_word' id='word_1_87' title='bbox 1055 865 1097 892; x_wconf 90' lang='lat' dir='ltr'><strong>se</strong></span> <span class='ocrx_word' id='word_1_88' title='bbox 1139 866 1275 905; x_wconf 90' lang='lat' dir='ltr'><strong>parum</strong></span> <span class='ocrx_word' id='word_1_89' title='bbox 1310 854 1502 905; x_wconf 84' lang='lat' dir='ltr'><strong>proficere</strong></span> <span class='ocrx_word' id='word_1_90' title='bbox 1531 855 1649 896; x_wconf 88' lang='lat' dir='ltr'><strong>intel-</strong></span> 
     </span>
     <span class='ocr_line' id='line_1_11' title="bbox 152 919 1650 974; baseline 0.002 -13"><span class='ocrx_word' id='word_1_91' title='bbox 152 922 341 971; x_wconf 80' lang='lat' dir='ltr'><strong>lexisset,</strong></span> <span class='ocrx_word' id='word_1_92' title='bbox 374 921 557 974; x_wconf 91' lang='lat' dir='ltr'><strong>precibus</strong></span> <span class='ocrx_word' id='word_1_93' title='bbox 588 921 774 962; x_wconf 89' lang='lat' dir='ltr'><strong>orasset&#39;.</strong></span> <span class='ocrx_word' id='word_1_94' title='bbox 816 919 873 961; x_wconf 92' lang='lat' dir='ltr'><strong>Et</strong></span> <span class='ocrx_word' id='word_1_95' title='bbox 904 920 1038 960; x_wconf 91' lang='lat' dir='ltr'><strong>eadem</strong></span> <span class='ocrx_word' id='word_1_96' title='bbox 1062 921 1189 959; x_wconf 82' lang='lat' dir='ltr'><strong>forma</strong></span> <span class='ocrx_word' id='word_1_97' title='bbox 1210 920 1381 961; x_wconf 88' lang='lat' dir='ltr'><strong>sortasse</strong></span> <span class='ocrx_word' id='word_1_98' title='bbox 1404 936 1439 961; x_wconf 90' lang='lat' dir='ltr'><strong>c.</strong></span> <span class='ocrx_word' id='word_1_99' title='bbox 1464 920 1536 972; x_wconf 87' lang='grc'>40,</span> <span class='ocrx_word' id='word_1_100' title='bbox 1561 921 1585 962; x_wconf 88' lang='grc'>5</span> <span class='ocrx_word' id='word_1_101' title='bbox 1609 930 1650 964; x_wconf 88' lang='lat' dir='ltr'><strong>et</strong></span> 
     </span>
     <span class='ocr_line' id='line_1_12' title="bbox 151 986 1645 1044; baseline 0.001 -14"><span class='ocrx_word' id='word_1_102' title='bbox 151 988 229 1037; x_wconf 82' lang='lat'><strong>50,</strong></span> <span class='ocrx_word' id='word_1_103' title='bbox 264 988 290 1028; x_wconf 82' lang='lat'><strong>4</strong></span> <span class='ocrx_word' id='word_1_104' title='bbox 323 989 571 1030; x_wconf 88' lang='lat' dir='ltr'><strong>restituenda</strong></span> <span class='ocrx_word' id='word_1_105' title='bbox 599 996 684 1039; x_wconf 90' lang='lat' dir='ltr'><strong>est,</strong></span> <span class='ocrx_word' id='word_1_106' title='bbox 718 1002 881 1042; x_wconf 87' lang='lat' dir='ltr'><strong>quorum</strong></span> <span class='ocrx_word' id='word_1_107' title='bbox 916 987 1091 1028; x_wconf 88' lang='lat' dir='ltr'><strong>locorum</strong></span> <span class='ocrx_word' id='word_1_108' title='bbox 1121 986 1254 1040; x_wconf 90' lang='lat' dir='ltr'><strong>priore</strong></span> <span class='ocrx_word' id='word_1_109' title='bbox 1275 987 1316 1027; x_wconf 91' lang='lat' dir='ltr'><strong>in</strong></span> <span class='ocrx_word' id='word_1_110' title='bbox 1339 988 1465 1030; x_wconf 89' lang='lat' dir='ltr'><strong>tribus</strong></span> <span class='ocrx_word' id='word_1_111' title='bbox 1488 991 1645 1044; x_wconf 90' lang='lat' dir='ltr'><strong>optimis</strong></span> 
     </span>
     <span class='ocr_line' id='line_1_13' title="bbox 151 1055 1647 1112; baseline 0.002 -16"><span class='ocrx_word' id='word_1_112' title='bbox 151 1063 191 1096; x_wconf 90' lang='lat' dir='ltr'><strong>et</strong></span> <span class='ocrx_word' id='word_1_113' title='bbox 223 1055 371 1096; x_wconf 89' lang='lat' dir='ltr'><strong>duobus</strong></span> <span class='ocrx_word' id='word_1_114' title='bbox 399 1057 661 1098; x_wconf 85' lang='lat' dir='ltr'><strong>deterioribus</strong></span> <span class='ocrx_word' id='word_1_115' title='bbox 699 1057 811 1096; x_wconf 88' lang='lat' dir='ltr'><strong>codd.</strong></span> <span class='ocrx_word' id='word_1_116' title='bbox 845 1056 941 1096; x_wconf 87' lang='lat' dir='ltr'><strong>haec</strong></span> <span class='ocrx_word' id='word_1_117' title='bbox 963 1056 1173 1108; x_wconf 88' lang='lat' dir='ltr'><strong>leguntur:</strong></span> <span class='ocrx_word' id='word_1_118' title='bbox 1212 1059 1433 1109; x_wconf 84' lang='lat' dir='ltr'><strong>‘postquam</strong></span> <span class='ocrx_word' id='word_1_119' title='bbox 1461 1055 1647 1112; x_wconf 80' lang='lat' dir='ltr'><strong>Scipione</strong></span> 
     </span>
     <span class='ocr_line' id='line_1_14' title="bbox 151 1123 1647 1179; baseline 0.001 -15"><span class='ocrx_word' id='word_1_120' title='bbox 151 1124 314 1177; x_wconf 89' lang='lat' dir='ltr'><strong>eiusque</strong></span> <span class='ocrx_word' id='word_1_121' title='bbox 347 1125 470 1179; x_wconf 86' lang='lat' dir='ltr'><strong>copiis</strong></span> <span class='ocrx_word' id='word_1_122' title='bbox 502 1139 638 1179; x_wconf 85' lang='lat' dir='ltr'><strong>campo</strong></span> <span class='ocrx_word' id='word_1_123' title='bbox 673 1125 915 1177; x_wconf 85' lang='lat' dir='ltr'><strong>collibusque</strong></span> <span class='ocrx_word' id='word_1_124' title='bbox 938 1123 1162 1163; x_wconf 81' lang='lat' dir='ltr'><strong>exturbatis</strong></span> <span class='ocrx_word' id='word_1_125' title='bbox 1184 1130 1302 1177; x_wconf 90' lang='lat' dir='ltr'><strong>atque</strong></span> <span class='ocrx_word' id='word_1_126' title='bbox 1323 1125 1364 1164; x_wconf 92' lang='lat' dir='ltr'><strong>in</strong></span> <span class='ocrx_word' id='word_1_127' title='bbox 1387 1132 1517 1166; x_wconf 83' lang='lat' dir='ltr'><strong>eastra</strong></span> <span class='ocrx_word' id='word_1_128' title='bbox 1539 1140 1647 1167; x_wconf 90' lang='lat' dir='ltr'><strong>com-</strong></span> 
     </span>
     <span class='ocr_line' id='line_1_15' title="bbox 151 1189 1647 1248; baseline 0.002 -17"><span class='ocrx_word' id='word_1_129' title='bbox 151 1192 272 1246; x_wconf 85' lang='lat' dir='ltr'><strong>pulsis</strong></span> <span class='ocrx_word' id='word_1_130' title='bbox 308 1206 394 1232; x_wconf 88' lang='lat' dir='ltr'><strong>cum</strong></span> <span class='ocrx_word' id='word_1_131' title='bbox 429 1192 607 1247; x_wconf 86' lang='lat' dir='ltr'><strong>receptui</strong></span> <span class='ocrx_word' id='word_1_132' title='bbox 629 1189 783 1233; x_wconf 89' lang='lat' dir='ltr'><strong>Caesar</strong></span> <span class='ocrx_word' id='word_1_133' title='bbox 808 1192 895 1232; x_wconf 88' lang='lat' dir='ltr'><strong>cani</strong></span> <span class='ocrx_word' id='word_1_134' title='bbox 917 1190 1114 1231; x_wconf 89' lang='lat' dir='ltr'><strong>iussisset&#39;</strong></span> <span class='ocrx_word' id='word_1_135' title='bbox 1132 1222 1142 1240; x_wconf 86' lang='lat'>‚</span> <span class='ocrx_word' id='word_1_136' title='bbox 1176 1191 1301 1232; x_wconf 90' lang='lat' dir='ltr'><strong>altero</strong></span> <span class='ocrx_word' id='word_1_137' title='bbox 1324 1190 1647 1248; x_wconf 89' lang='lat' dir='ltr'><strong>Oudendorpium</strong></span> 
     </span>
     <span class='ocr_line' id='line_1_16' title="bbox 151 1257 1647 1315; baseline 0.002 -16"><span class='ocrx_word' id='word_1_138' title='bbox 151 1260 198 1300; x_wconf 92' lang='lat' dir='ltr'><strong>de</strong></span> <span class='ocrx_word' id='word_1_139' title='bbox 229 1260 311 1300; x_wconf 90' lang='lat' dir='ltr'><strong>suis</strong></span> <span class='ocrx_word' id='word_1_140' title='bbox 343 1260 455 1300; x_wconf 84' lang='lat' dir='ltr'><strong>codd.</strong></span> <span class='ocrx_word' id='word_1_141' title='bbox 490 1268 599 1302; x_wconf 89' lang='lat' dir='ltr'><strong>recte</strong></span> <span class='ocrx_word' id='word_1_142' title='bbox 629 1267 765 1301; x_wconf 85' lang='lat' dir='ltr'><strong>tacere</strong></span> <span class='ocrx_word' id='word_1_143' title='bbox 797 1274 876 1300; x_wconf 90' lang='lat' dir='ltr'><strong>non</strong></span> <span class='ocrx_word' id='word_1_144' title='bbox 899 1259 1042 1310; x_wconf 88' lang='lat' dir='ltr'><strong>credo,</strong></span> <span class='ocrx_word' id='word_1_145' title='bbox 1087 1258 1126 1299; x_wconf 90' lang='lat' dir='ltr'><strong>iu</strong></span> <span class='ocrx_word' id='word_1_146' title='bbox 1148 1257 1242 1299; x_wconf 89' lang='lat' dir='ltr'><strong>Par.</strong></span> <span class='ocrx_word' id='word_1_147' title='bbox 1269 1273 1351 1300; x_wconf 88' lang='lat' dir='ltr'><strong>sec.</strong></span> <span class='ocrx_word' id='word_1_148' title='bbox 1377 1260 1435 1302; x_wconf 86' lang='lat' dir='ltr'><strong>sie</strong></span> <span class='ocrx_word' id='word_1_149' title='bbox 1457 1262 1647 1315; x_wconf 91' lang='lat' dir='ltr'><strong>scriptum</strong></span> 
     </span>
     <span class='ocr_line' id='line_1_17' title="bbox 151 1325 1647 1383; baseline 0.002 -16"><span class='ocrx_word' id='word_1_150' title='bbox 151 1334 237 1368; x_wconf 88' lang='lat' dir='ltr'><strong>est:</strong></span> <span class='ocrx_word' id='word_1_151' title='bbox 269 1325 441 1369; x_wconf 85' lang='lat' dir='ltr'><strong>‘Caesar</strong></span> <span class='ocrx_word' id='word_1_152' title='bbox 462 1336 664 1383; x_wconf 88' lang='lat' dir='ltr'><strong>postquam</strong></span> <span class='ocrx_word' id='word_1_153' title='bbox 688 1328 863 1381; x_wconf 83' lang='lat' dir='ltr'><strong>equitatu</strong></span> <span class='ocrx_word' id='word_1_154' title='bbox 885 1334 977 1368; x_wconf 90' lang='lat' dir='ltr'><strong>ante</strong></span> <span class='ocrx_word' id='word_1_155' title='bbox 1001 1327 1218 1381; x_wconf 85' lang='lat' dir='ltr'><strong>praemisso</strong></span> <span class='ocrx_word' id='word_1_156' title='bbox 1239 1328 1389 1369; x_wconf 87' lang='lat' dir='ltr'><strong>inscius</strong></span> <span class='ocrx_word' id='word_1_157' title='bbox 1412 1329 1647 1370; x_wconf 87' lang='lat' dir='ltr'><strong>insidiarum</strong></span> 
     </span>
     <span class='ocr_line' id='line_1_18' title="bbox 152 1392 1646 1450; baseline 0.002 -16"><span class='ocrx_word' id='word_1_158' title='bbox 152 1410 238 1435; x_wconf 88' lang='lat' dir='ltr'><strong>cum</strong></span> <span class='ocrx_word' id='word_1_159' title='bbox 271 1396 316 1435; x_wconf 91' lang='lat' dir='ltr'><strong>ad</strong></span> <span class='ocrx_word' id='word_1_160' title='bbox 349 1410 436 1436; x_wconf 92' lang='lat' dir='ltr'><strong>eum</strong></span> <span class='ocrx_word' id='word_1_161' title='bbox 466 1396 594 1436; x_wconf 87' lang='lat' dir='ltr'><strong>locum</strong></span> <span class='ocrx_word' id='word_1_162' title='bbox 627 1394 832 1436; x_wconf 86' lang='lat' dir='ltr'><strong>uenisset&#39;.</strong></span> <span class='ocrx_word' id='word_1_163' title='bbox 877 1392 956 1435; x_wconf 86' lang='lat' dir='ltr'><strong>Sed</strong></span> <span class='ocrx_word' id='word_1_164' title='bbox 990 1395 1047 1435; x_wconf 87' lang='lat' dir='ltr'><strong>his</strong></span> <span class='ocrx_word' id='word_1_165' title='bbox 1080 1395 1231 1436; x_wconf 88' lang='lat' dir='ltr'><strong>duobus</strong></span> <span class='ocrx_word' id='word_1_166' title='bbox 1253 1396 1353 1437; x_wconf 88' lang='lat' dir='ltr'><strong>locis</strong></span> <span class='ocrx_word' id='word_1_167' title='bbox 1374 1397 1467 1437; x_wconf 89' lang='lat' dir='ltr'><strong>mihi</strong></span> <span class='ocrx_word' id='word_1_168' title='bbox 1490 1398 1646 1450; x_wconf 88' lang='lat' dir='ltr'><strong>quidem</strong></span> 
     </span>
     <span class='ocr_line' id='line_1_19' title="bbox 151 1462 1645 1516; baseline 0.003 -14"><span class='ocrx_word' id='word_1_169' title='bbox 151 1462 404 1503; x_wconf 86' lang='lat' dir='ltr'><strong>uerisimilius</strong></span> <span class='ocrx_word' id='word_1_170' title='bbox 437 1463 593 1503; x_wconf 84' lang='lat' dir='ltr'><strong>uidetur</strong></span> <span class='ocrx_word' id='word_1_171' title='bbox 626 1464 858 1516; x_wconf 82' lang='lat' dir='ltr'><strong>scriptorem</strong></span> <span class='ocrx_word' id='word_1_172' title='bbox 890 1462 1032 1515; x_wconf 89' lang='lat' dir='ltr'><strong>prioris</strong></span> <span class='ocrx_word' id='word_1_173' title='bbox 1055 1462 1271 1515; x_wconf 83' lang='lat' dir='ltr'><strong>particulae</strong></span> <span class='ocrx_word' id='word_1_174' title='bbox 1294 1463 1455 1504; x_wconf 84' lang='lat' dir='ltr'><strong>oblitum</strong></span> <span class='ocrx_word' id='word_1_175' title='bbox 1478 1466 1645 1507; x_wconf 89' lang='lat' dir='ltr'><strong>alteram</strong></span> 
     </span>
     <span class='ocr_line' id='line_1_20' title="bbox 151 1527 1647 1586; baseline 0.003 -15"><span class='ocrx_word' id='word_1_176' title='bbox 151 1531 493 1585; x_wconf 85' lang='lat' dir='ltr'><strong>superaddidisse:</strong></span> <span class='ocrx_word' id='word_1_177' title='bbox 530 1545 565 1570; x_wconf 89' lang='lat' dir='ltr'><strong>e.</strong></span> <span class='ocrx_word' id='word_1_178' title='bbox 590 1529 670 1577; x_wconf 83' lang='lat'><strong>85,</strong></span> <span class='ocrx_word' id='word_1_179' title='bbox 703 1529 751 1580; x_wconf 90' lang='grc'><strong>3,</strong></span> <span class='ocrx_word' id='word_1_180' title='bbox 786 1544 872 1570; x_wconf 90' lang='lat' dir='ltr'><strong>eum</strong></span> <span class='ocrx_word' id='word_1_181' title='bbox 901 1529 942 1569; x_wconf 89' lang='lat' dir='ltr'><strong>in</strong></span> <span class='ocrx_word' id='word_1_182' title='bbox 963 1527 1057 1568; x_wconf 89' lang='lat' dir='ltr'><strong>Par.</strong></span> <span class='ocrx_word' id='word_1_183' title='bbox 1083 1543 1165 1570; x_wconf 87' lang='lat' dir='ltr'><strong>sec.</strong></span> <span class='ocrx_word' id='word_1_184' title='bbox 1204 1537 1243 1571; x_wconf 94' lang='lat' dir='ltr'><strong>et</strong></span> <span class='ocrx_word' id='word_1_185' title='bbox 1273 1529 1391 1572; x_wconf 88' lang='lat' dir='ltr'><strong>Leid.</strong></span> <span class='ocrx_word' id='word_1_186' title='bbox 1427 1547 1488 1586; x_wconf 88' lang='lat' dir='ltr'><strong>pr.</strong></span> <span class='ocrx_word' id='word_1_187' title='bbox 1513 1533 1568 1574; x_wconf 88' lang='lat' dir='ltr'><strong>ita</strong></span> <span class='ocrx_word' id='word_1_188' title='bbox 1591 1535 1647 1575; x_wconf 92' lang='lat' dir='ltr'><strong>le-</strong></span> 
     </span>
     <span class='ocr_line' id='line_1_21' title="bbox 147 1595 1641 1655; baseline 0.003 -17"><span class='ocrx_word' id='word_1_189' title='bbox 147 1605 287 1653; x_wconf 83' lang='lat' dir='ltr'><strong>gatur:</strong></span> <span class='ocrx_word' id='word_1_190' title='bbox 325 1595 422 1650; x_wconf 80' lang='lat' dir='ltr'><strong>‘Qui</strong></span> <span class='ocrx_word' id='word_1_191' title='bbox 445 1605 650 1651; x_wconf 84' lang='lat' dir='ltr'><strong>postquam</strong></span> <span class='ocrx_word' id='word_1_192' title='bbox 672 1598 719 1638; x_wconf 90' lang='lat' dir='ltr'><strong>ad</strong></span> <span class='ocrx_word' id='word_1_193' title='bbox 742 1611 788 1638; x_wconf 84' lang='lat' dir='ltr'><strong>ea</strong></span> <span class='ocrx_word' id='word_1_194' title='bbox 810 1603 965 1646; x_wconf 88' lang='lat' dir='ltr'><strong>castra,</strong></span> <span class='ocrx_word' id='word_1_195' title='bbox 1000 1611 1100 1649; x_wconf 90' lang='lat' dir='ltr'><strong>quae</strong></span> <span class='ocrx_word' id='word_1_196' title='bbox 1123 1598 1330 1650; x_wconf 85' lang='lat' dir='ltr'><strong>petebant,</strong></span> <span class='ocrx_word' id='word_1_197' title='bbox 1365 1601 1641 1655; x_wconf 85' lang='lat' dir='ltr'><strong>perfugerunt,</strong></span> 
     </span>
     <span class='ocr_line' id='line_1_22' title="bbox 148 1665 1646 1721; baseline 0.003 -16"><span class='ocrx_word' id='word_1_198' title='bbox 148 1672 191 1705; x_wconf 92' lang='lat' dir='ltr'><strong>ut</strong></span> <span class='ocrx_word' id='word_1_199' title='bbox 211 1665 371 1706; x_wconf 81' lang='lat' dir='ltr'><strong>refe-ctis</strong></span> <span class='ocrx_word' id='word_1_200' title='bbox 395 1665 535 1705; x_wconf 87' lang='lat' dir='ltr'><strong>castris</strong></span> <span class='ocrx_word' id='word_1_201' title='bbox 558 1678 699 1705; x_wconf 89' lang='lat' dir='ltr'><strong>rursus</strong></span> <span class='ocrx_word' id='word_1_202' title='bbox 723 1677 812 1705; x_wconf 89' lang='lat' dir='ltr'><strong>sese</strong></span> <span class='ocrx_word' id='word_1_203' title='bbox 835 1665 1118 1712; x_wconf 84' lang='lat' dir='ltr'><strong>defenderent,</strong></span> <span class='ocrx_word' id='word_1_204' title='bbox 1152 1665 1366 1720; x_wconf 87' lang='lat' dir='ltr'><strong>ducemque</strong></span> <span class='ocrx_word' id='word_1_205' title='bbox 1389 1668 1558 1721; x_wconf 82' lang='lat' dir='ltr'><strong>aliquem</strong></span> <span class='ocrx_word' id='word_1_206' title='bbox 1582 1684 1646 1710; x_wconf 86' lang='lat' dir='ltr'><strong>re-</strong></span> 
     </span>
     <span class='ocr_line' id='line_1_23' title="bbox 147 1732 1642 1790; baseline 0.003 -17"><span class='ocrx_word' id='word_1_207' title='bbox 147 1733 375 1787; x_wconf 87' lang='lat' dir='ltr'><strong>quirerent,</strong></span> <span class='ocrx_word' id='word_1_208' title='bbox 409 1747 521 1786; x_wconf 90' lang='lat' dir='ltr'><strong>quem</strong></span> <span class='ocrx_word' id='word_1_209' title='bbox 563 1732 834 1786; x_wconf 86' lang='lat' dir='ltr'><strong>respicerent,</strong></span> <span class='ocrx_word' id='word_1_210' title='bbox 878 1732 989 1772; x_wconf 88' lang='lat' dir='ltr'><strong>cuius</strong></span> <span class='ocrx_word' id='word_1_211' title='bbox 1031 1732 1271 1774; x_wconf 83' lang='lat' dir='ltr'><strong>auctoritate</strong></span> <span class='ocrx_word' id='word_1_212' title='bbox 1312 1749 1394 1775; x_wconf 88' lang='lat' dir='ltr'><strong>rem</strong></span> <span class='ocrx_word' id='word_1_213' title='bbox 1436 1745 1642 1790; x_wconf 85' lang='lat' dir='ltr'><strong>gererent,</strong></span> 
     </span>
     <span class='ocr_line' id='line_1_24' title="bbox 147 1800 1646 1858; baseline 0.003 -17"><span class='ocrx_word' id='word_1_214' title='bbox 147 1802 212 1854; x_wconf 90' lang='lat' dir='ltr'><strong>qui</strong></span> <span class='ocrx_word' id='word_1_215' title='bbox 244 1808 448 1855; x_wconf 89' lang='lat' dir='ltr'><strong>postquam</strong></span> <span class='ocrx_word' id='word_1_216' title='bbox 481 1800 848 1840; x_wconf 81' lang='lat' dir='ltr'><strong>animaduerterunt</strong></span> <span class='ocrx_word' id='word_1_217' title='bbox 878 1800 1071 1840; x_wconf 87' lang='lat' dir='ltr'><strong>neminem</strong></span> <span class='ocrx_word' id='word_1_218' title='bbox 1106 1801 1158 1840; x_wconf 89' lang='lat' dir='ltr'><strong>ibi</strong></span> <span class='ocrx_word' id='word_1_219' title='bbox 1192 1815 1280 1843; x_wconf 83' lang='lat' dir='ltr'><strong>esse</strong></span> <span class='ocrx_word' id='word_1_220' title='bbox 1302 1804 1521 1857; x_wconf 86' lang='lat' dir='ltr'><strong>praesidio,</strong></span> <span class='ocrx_word' id='word_1_221' title='bbox 1556 1819 1646 1858; x_wconf 88' lang='lat' dir='ltr'><strong>pro-</strong></span> 
     </span>
     <span class='ocr_line' id='line_1_25' title="bbox 148 1868 1647 1928; baseline 0.004 -20"><span class='ocrx_word' id='word_1_222' title='bbox 148 1869 250 1909; x_wconf 87' lang='lat' dir='ltr'><strong>tinus</strong></span> <span class='ocrx_word' id='word_1_223' title='bbox 274 1869 392 1909; x_wconf 85' lang='lat' dir='ltr'><strong>armis</strong></span> <span class='ocrx_word' id='word_1_224' title='bbox 415 1868 580 1909; x_wconf 88' lang='lat' dir='ltr'><strong>abiectis</strong></span> <span class='ocrx_word' id='word_1_225' title='bbox 602 1868 642 1908; x_wconf 89' lang='lat' dir='ltr'><strong>in</strong></span> <span class='ocrx_word' id='word_1_226' title='bbox 667 1869 779 1921; x_wconf 81' lang='lat' dir='ltr'><strong>regia</strong></span> <span class='ocrx_word' id='word_1_227' title='bbox 801 1876 933 1908; x_wconf 81' lang='lat' dir='ltr'><strong>castra</strong></span> <span class='ocrx_word' id='word_1_228' title='bbox 965 1869 1102 1922; x_wconf 83' lang='lat' dir='ltr'><strong>fugere</strong></span> <span class='ocrx_word' id='word_1_229' title='bbox 1125 1871 1428 1911; x_wconf 83' lang='lat' dir='ltr'><strong>contenderunt&#39;</strong></span> <span class='ocrx_word' id='word_1_230' title='bbox 1443 1903 1453 1922; x_wconf 88' lang='lat'>‚</span> <span class='ocrx_word' id='word_1_231' title='bbox 1490 1873 1551 1913; x_wconf 85' lang='lat' dir='ltr'><strong>hie</strong></span> <span class='ocrx_word' id='word_1_232' title='bbox 1573 1874 1647 1928; x_wconf 86' lang='lat' dir='ltr'><strong>igi-</strong></span> 
     </span>
     <span class='ocr_line' id='line_1_26' title="bbox 147 1934 1646 1994; baseline 0.004 -18"><span class='ocrx_word' id='word_1_233' title='bbox 147 1943 211 1976; x_wconf 89' lang='lat' dir='ltr'><strong>tur</strong></span> <span class='ocrx_word' id='word_1_234' title='bbox 232 1934 514 1990; x_wconf 84' lang='lat' dir='ltr'><strong>Oudendorpio</strong></span> <span class='ocrx_word' id='word_1_235' title='bbox 545 1937 746 1976; x_wconf 79' lang='lat' dir='ltr'><strong>assentior</strong></span> <span class='ocrx_word' id='word_1_236' title='bbox 776 1936 942 1977; x_wconf 85' lang='lat' dir='ltr'><strong>alterum</strong></span> <span class='ocrx_word' id='word_1_237' title='bbox 967 1937 1088 1990; x_wconf 83' lang='lat' dir='ltr'><strong>‘qui&#39;,</strong></span> <span class='ocrx_word' id='word_1_238' title='bbox 1123 1938 1223 1990; x_wconf 90' lang='lat' dir='ltr'><strong>quod</strong></span> <span class='ocrx_word' id='word_1_239' title='bbox 1257 1939 1377 1979; x_wconf 88' lang='lat' dir='ltr'><strong>uerba</strong></span> <span class='ocrx_word' id='word_1_240' title='bbox 1409 1945 1506 1980; x_wconf 86' lang='lat' dir='ltr'><strong>‘rem</strong></span> <span class='ocrx_word' id='word_1_241' title='bbox 1530 1955 1646 1994; x_wconf 82' lang='lat' dir='ltr'><strong>gere-</strong></span> 
     </span>
     <span class='ocr_line' id='line_1_27' title="bbox 147 2003 1645 2057; baseline 0.004 -13"><span class='ocrx_word' id='word_1_242' title='bbox 147 2003 247 2044; x_wconf 81' lang='lat' dir='ltr'><strong>rent&#39;</strong></span> <span class='ocrx_word' id='word_1_243' title='bbox 277 2004 483 2057; x_wconf 86' lang='lat' dir='ltr'><strong>sequitur,</strong></span> <span class='ocrx_word' id='word_1_244' title='bbox 519 2005 725 2045; x_wconf 85' lang='lat' dir='ltr'><strong>delendum</strong></span> <span class='ocrx_word' id='word_1_245' title='bbox 759 2018 863 2045; x_wconf 89' lang='lat' dir='ltr'><strong>esse.</strong></span> <span class='ocrx_word' id='word_1_246' title='bbox 911 2003 1057 2045; x_wconf 87' lang='lat' dir='ltr'><strong>Verum</strong></span> <span class='ocrx_word' id='word_1_247' title='bbox 1090 2005 1157 2045; x_wconf 91' lang='lat' dir='ltr'><strong>illo</strong></span> <span class='ocrx_word' id='word_1_248' title='bbox 1192 2006 1305 2046; x_wconf 90' lang='lat' dir='ltr'><strong>modo</strong></span> <span class='ocrx_word' id='word_1_249' title='bbox 1338 2007 1456 2048; x_wconf 87' lang='lat' dir='ltr'><strong>etiam</strong></span> <span class='ocrx_word' id='word_1_250' title='bbox 1479 2006 1645 2050; x_wconf 84' lang='lat' dir='ltr'><strong>Cicero-</strong></span> 
     </span>
     <span class='ocr_line' id='line_1_28' title="bbox 145 2070 1643 2128; baseline 0.005 -17"><span class='ocrx_word' id='word_1_251' title='bbox 145 2086 235 2112; x_wconf 90' lang='lat' dir='ltr'><strong>nem</strong></span> <span class='ocrx_word' id='word_1_252' title='bbox 266 2072 536 2125; x_wconf 88' lang='lat' dir='ltr'><strong>composuisse</strong></span> <span class='ocrx_word' id='word_1_253' title='bbox 567 2073 614 2113; x_wconf 89' lang='lat' dir='ltr'><strong>de</strong></span> <span class='ocrx_word' id='word_1_254' title='bbox 644 2073 736 2126; x_wconf 84' lang='lat' dir='ltr'><strong>imp.</strong></span> <span class='ocrx_word' id='word_1_255' title='bbox 763 2070 841 2113; x_wconf 90' lang='lat' dir='ltr'><strong>Cn.</strong></span> <span class='ocrx_word' id='word_1_256' title='bbox 865 2071 1005 2127; x_wconf 91' lang='lat' dir='ltr'><strong>Pomp.</strong></span> <span class='ocrx_word' id='word_1_257' title='bbox 1030 2073 1072 2123; x_wconf 89' lang='grc'><strong>4,</strong></span> <span class='ocrx_word' id='word_1_258' title='bbox 1097 2073 1123 2114; x_wconf 84' lang='grc'><strong>9</strong></span> <span class='ocrx_word' id='word_1_259' title='bbox 1154 2079 1424 2128; x_wconf 82' lang='lat' dir='ltr'><strong>‘posteaquam</strong></span> <span class='ocrx_word' id='word_1_260' title='bbox 1448 2079 1643 2119; x_wconf 81' lang='lat' dir='ltr'><strong>maximas</strong></span> 
     </span>
     <span class='ocr_line' id='line_1_29' title="bbox 146 2139 1641 2196; baseline 0.005 -17"><span class='ocrx_word' id='word_1_261' title='bbox 146 2139 394 2180; x_wconf 86' lang='lat' dir='ltr'><strong>aedificasset</strong></span> <span class='ocrx_word' id='word_1_262' title='bbox 435 2148 694 2194; x_wconf 79' lang='lat' dir='ltr'><strong>ornassetque</strong></span> <span class='ocrx_word' id='word_1_263' title='bbox 731 2140 894 2182; x_wconf 86' lang='lat' dir='ltr'><strong>classes&#39;</strong></span> <span class='ocrx_word' id='word_1_264' title='bbox 928 2149 1022 2182; x_wconf 85' lang='lat' dir='ltr'><strong>cett.</strong></span> <span class='ocrx_word' id='word_1_265' title='bbox 1059 2143 1306 2196; x_wconf 82' lang='lat' dir='ltr'><strong>grammatici</strong></span> <span class='ocrx_word' id='word_1_266' title='bbox 1331 2152 1641 2187; x_wconf 81' lang='lat' dir='ltr'><strong>annotauerunt.</strong></span> 
     </span>
     <span class='ocr_line' id='line_1_30' title="bbox 145 2206 1639 2265; baseline 0.004 -16"><span class='ocrx_word' id='word_1_267' title='bbox 145 2208 259 2249; x_wconf 90' lang='lat' dir='ltr'><strong>Addo</strong></span> <span class='ocrx_word' id='word_1_268' title='bbox 289 2207 407 2248; x_wconf 92' lang='lat' dir='ltr'><strong>eund.</strong></span> <span class='ocrx_word' id='word_1_269' title='bbox 441 2222 478 2261; x_wconf 91' lang='lat' dir='ltr'><strong>p.</strong></span> <span class='ocrx_word' id='word_1_270' title='bbox 515 2206 678 2248; x_wconf 85' lang='lat' dir='ltr'><strong>Cluent.</strong></span> <span class='ocrx_word' id='word_1_271' title='bbox 709 2207 790 2259; x_wconf 87' lang='grc'>64,</span> <span class='ocrx_word' id='word_1_272' title='bbox 827 2208 905 2250; x_wconf 87' lang='grc'><strong>181</strong></span> <span class='ocrx_word' id='word_1_273' title='bbox 952 2208 1210 2265; x_wconf 87' lang='lat' dir='ltr'><strong>‘Oppianicus</strong></span> <span class='ocrx_word' id='word_1_274' title='bbox 1248 2212 1373 2265; x_wconf 90' lang='lat' dir='ltr'><strong>primo</strong></span> <span class='ocrx_word' id='word_1_275' title='bbox 1413 2215 1639 2255; x_wconf 86' lang='lat' dir='ltr'><strong>recusauit:</strong></span> 
     </span>
     <span class='ocr_line' id='line_1_31' title="bbox 144 2275 1642 2330; baseline 0.005 -15"><span class='ocrx_word' id='word_1_276' title='bbox 144 2283 400 2330; x_wconf 83' lang='lat' dir='ltr'><strong>posteaquam</strong></span> <span class='ocrx_word' id='word_1_277' title='bbox 432 2275 498 2316; x_wconf 83' lang='lat' dir='ltr'><strong>illa</strong></span> <span class='ocrx_word' id='word_1_278' title='bbox 531 2276 785 2317; x_wconf 87' lang='lat' dir='ltr'><strong>abducturam</strong></span> <span class='ocrx_word' id='word_1_279' title='bbox 808 2291 851 2318; x_wconf 90' lang='lat' dir='ltr'><strong>se</strong></span> <span class='ocrx_word' id='word_1_280' title='bbox 874 2277 991 2318; x_wconf 89' lang='lat' dir='ltr'><strong>filiam</strong></span> <span class='ocrx_word' id='word_1_281' title='bbox 1007 2309 1016 2327; x_wconf 92' lang='lat'><strong><em>‚</em></strong></span> <span class='ocrx_word' id='word_1_282' title='bbox 1051 2286 1291 2319; x_wconf 85' lang='lat' dir='ltr'><strong>mutaturam</strong></span> <span class='ocrx_word' id='word_1_283' title='bbox 1315 2294 1403 2321; x_wconf 88' lang='lat' dir='ltr'><strong>esse</strong></span> <span class='ocrx_word' id='word_1_284' title='bbox 1426 2288 1642 2323; x_wconf 89' lang='lat' dir='ltr'><strong>testamen-</strong></span> 
     </span>
     <span class='ocr_line' id='line_1_32' title="bbox 145 2343 1642 2393; baseline 0.004 -9"><span class='ocrx_word' id='word_1_285' title='bbox 145 2351 226 2384; x_wconf 91' lang='lat' dir='ltr'><strong>tum</strong></span> <span class='ocrx_word' id='word_1_286' title='bbox 257 2344 499 2393; x_wconf 89' lang='lat' dir='ltr'><strong>minaretur,</strong></span> <span class='ocrx_word' id='word_1_287' title='bbox 543 2343 699 2384; x_wconf 88' lang='lat' dir='ltr'><strong>mulieri</strong></span> <span class='ocrx_word' id='word_1_288' title='bbox 737 2345 1035 2386; x_wconf 86' lang='lat' dir='ltr'><strong>crudelissimae</strong></span> <span class='ocrx_word' id='word_1_289' title='bbox 1069 2361 1228 2388; x_wconf 88' lang='lat' dir='ltr'><strong>seruum</strong></span> <span class='ocrx_word' id='word_1_290' title='bbox 1261 2348 1529 2389; x_wconf 85' lang='lat' dir='ltr'><strong>fidelissimum</strong></span> <span class='ocrx_word' id='word_1_291' title='bbox 1562 2365 1642 2390; x_wconf 89' lang='lat' dir='ltr'><strong>non</strong></span> 
     </span>
     <span class='ocr_line' id='line_1_33' title="bbox 144 2411 1639 2470; baseline 0.004 -18"><span class='ocrx_word' id='word_1_292' title='bbox 144 2412 184 2452; x_wconf 92' lang='lat' dir='ltr'><strong>in</strong></span> <span class='ocrx_word' id='word_1_293' title='bbox 212 2412 482 2465; x_wconf 88' lang='lat' dir='ltr'><strong>quaestionem</strong></span> <span class='ocrx_word' id='word_1_294' title='bbox 505 2411 617 2461; x_wconf 89' lang='lat' dir='ltr'><strong>tulit,</strong></span> <span class='ocrx_word' id='word_1_295' title='bbox 656 2413 726 2452; x_wconf 88' lang='lat' dir='ltr'><strong>sed</strong></span> <span class='ocrx_word' id='word_1_296' title='bbox 751 2414 865 2467; x_wconf 86' lang='lat' dir='ltr'><strong>plane</strong></span> <span class='ocrx_word' id='word_1_297' title='bbox 888 2414 935 2454; x_wconf 83' lang='lat' dir='ltr'><strong>ad</strong></span> <span class='ocrx_word' id='word_1_298' title='bbox 957 2415 1189 2468; x_wconf 86' lang='lat' dir='ltr'><strong>supplicium</strong></span> <span class='ocrx_word' id='word_1_299' title='bbox 1212 2417 1356 2467; x_wconf 78' lang='lat' dir='ltr'><strong>dedit&#39;3</strong></span> <span class='ocrx_word' id='word_1_300' title='bbox 1394 2415 1558 2458; x_wconf 84' lang='lat' dir='ltr'><strong>Vitruu.</strong></span> <span class='ocrx_word' id='word_1_301' title='bbox 1584 2417 1639 2470; x_wconf 85' lang='lat' dir='ltr'><strong>ll,</strong></span> 
     </span>
     <span class='ocr_line' id='line_1_34' title="bbox 145 2477 1642 2539; baseline 0.005 -21"><span class='ocrx_word' id='word_1_302' title='bbox 145 2477 188 2528; x_wconf 84' lang='lat'><strong>9,</strong></span> <span class='ocrx_word' id='word_1_303' title='bbox 224 2478 276 2519; x_wconf 87' lang='grc'><strong>16</strong></span> <span class='ocrx_word' id='word_1_304' title='bbox 311 2486 530 2534; x_wconf 90' lang='lat' dir='ltr'><strong>‘postquam</strong></span> <span class='ocrx_word' id='word_1_305' title='bbox 563 2480 717 2521; x_wconf 88' lang='lat' dir='ltr'><strong>flamma</strong></span> <span class='ocrx_word' id='word_1_306' title='bbox 739 2481 847 2522; x_wconf 87' lang='lat' dir='ltr'><strong>circa</strong></span> <span class='ocrx_word' id='word_1_307' title='bbox 869 2481 975 2521; x_wconf 86' lang='lat' dir='ltr'><strong>illam</strong></span> <span class='ocrx_word' id='word_1_308' title='bbox 998 2484 1203 2524; x_wconf 86' lang='lat' dir='ltr'><strong>materiam</strong></span> <span class='ocrx_word' id='word_1_309' title='bbox 1226 2485 1359 2538; x_wconf 85' lang='lat' dir='ltr'><strong>uirgas</strong></span> <span class='ocrx_word' id='word_1_310' title='bbox 1383 2486 1642 2539; x_wconf 86' lang='lat' dir='ltr'><strong>comprehen-</strong></span> 
     </span>
     <span class='ocr_line' id='line_1_35' title="bbox 148 2546 1641 2604; baseline 0.005 -18"><span class='ocrx_word' id='word_1_311' title='bbox 148 2547 307 2599; x_wconf 86' lang='lat' dir='ltr'><strong>disset&#39;;</strong></span> <span class='ocrx_word' id='word_1_312' title='bbox 342 2547 480 2589; x_wconf 82' lang='lat' dir='ltr'><strong>Valer.</strong></span> <span class='ocrx_word' id='word_1_313' title='bbox 499 2546 615 2588; x_wconf 77' lang='lat' dir='ltr'><strong>Max.</strong></span> <span class='ocrx_word' id='word_1_314' title='bbox 638 2548 688 2597; x_wconf 77' lang='lat' dir='ltr'><strong>V,</strong></span> <span class='ocrx_word' id='word_1_315' title='bbox 714 2548 755 2600; x_wconf 88' lang='lat'><strong>7,</strong></span> <span class='ocrx_word' id='word_1_316' title='bbox 781 2557 865 2590; x_wconf 80' lang='lat' dir='ltr'><strong>ext.</strong></span> <span class='ocrx_word' id='word_1_317' title='bbox 889 2549 917 2590; x_wconf 79' lang='lat'>2</span> <span class='ocrx_word' id='word_1_318' title='bbox 943 2555 1165 2604; x_wconf 88' lang='lat' dir='ltr'><strong>‘postquam</strong></span> <span class='ocrx_word' id='word_1_319' title='bbox 1189 2552 1306 2591; x_wconf 88' lang='lat' dir='ltr'><strong>filium</strong></span> <span class='ocrx_word' id='word_1_320' title='bbox 1328 2552 1368 2592; x_wconf 90' lang='lat' dir='ltr'><strong>in</strong></span> <span class='ocrx_word' id='word_1_321' title='bbox 1393 2566 1515 2593; x_wconf 81' lang='lat' dir='ltr'><strong>cornu</strong></span> <span class='ocrx_word' id='word_1_322' title='bbox 1540 2554 1641 2594; x_wconf 85' lang='lat' dir='ltr'><strong>scri-</strong></span> 
     </span>
     <span class='ocr_line' id='line_1_36' title="bbox 146 2613 1640 2673; baseline 0.005 -20"><span class='ocrx_word' id='word_1_323' title='bbox 146 2613 218 2654; x_wconf 86' lang='lat' dir='ltr'><strong>bae</strong></span> <span class='ocrx_word' id='word_1_324' title='bbox 250 2615 494 2655; x_wconf 84' lang='lat' dir='ltr'><strong>humiliorem</strong></span> <span class='ocrx_word' id='word_1_325' title='bbox 525 2616 685 2656; x_wconf 86' lang='lat' dir='ltr'><strong>fortuna</strong></span> <span class='ocrx_word' id='word_1_326' title='bbox 716 2631 786 2657; x_wconf 89' lang='lat' dir='ltr'><strong>sua</strong></span> <span class='ocrx_word' id='word_1_327' title='bbox 815 2618 943 2658; x_wconf 87' lang='lat' dir='ltr'><strong>locum</strong></span> <span class='ocrx_word' id='word_1_328' title='bbox 968 2618 1210 2659; x_wconf 87' lang='lat' dir='ltr'><strong>obtinentem</strong></span> <span class='ocrx_word' id='word_1_329' title='bbox 1235 2620 1549 2673; x_wconf 63' lang='lat' dir='ltr'><strong>conspexisset&#39;:</strong></span> <span class='ocrx_word' id='word_1_330' title='bbox 1584 2622 1640 2661; x_wconf 87' lang='lat' dir='ltr'><strong>ita</strong></span> 
     </span>
     <span class='ocr_line' id='line_1_37' title="bbox 149 2681 1638 2741; baseline 0.007 -22"><span class='ocrx_word' id='word_1_331' title='bbox 149 2681 275 2731; x_wconf 89' lang='lat' dir='ltr'><strong>euim,</strong></span> <span class='ocrx_word' id='word_1_332' title='bbox 319 2697 397 2722; x_wconf 91' lang='lat' dir='ltr'><strong>non</strong></span> <span class='ocrx_word' id='word_1_333' title='bbox 431 2685 695 2737; x_wconf 72' lang='lat' dir='ltr'><strong>‘conspexit&#39;,</strong></span> <span class='ocrx_word' id='word_1_334' title='bbox 737 2685 776 2725; x_wconf 90' lang='lat' dir='ltr'><strong>in</strong></span> <span class='ocrx_word' id='word_1_335' title='bbox 806 2685 1003 2739; x_wconf 85' lang='lat' dir='ltr'><strong>plerisque</strong></span> <span class='ocrx_word' id='word_1_336' title='bbox 1036 2687 1148 2726; x_wconf 87' lang='lat' dir='ltr'><strong>codd.</strong></span> <span class='ocrx_word' id='word_1_337' title='bbox 1183 2687 1260 2741; x_wconf 84' lang='lat' dir='ltr'><strong>legi</strong></span> <span class='ocrx_word' id='word_1_338' title='bbox 1292 2695 1457 2727; x_wconf 89' lang='lat' dir='ltr'><strong>annotat</strong></span> <span class='ocrx_word' id='word_1_339' title='bbox 1487 2688 1638 2729; x_wconf 87' lang='lat' dir='ltr'><strong>Torre-</strong></span> 
     </span>
     <span class='ocr_line' id='line_1_38' title="bbox 150 2746 1636 2808; baseline 0.006 -23"><span class='ocrx_word' id='word_1_340' title='bbox 150 2746 254 2797; x_wconf 87' lang='lat' dir='ltr'><strong>nius‚</strong></span> <span class='ocrx_word' id='word_1_341' title='bbox 279 2750 444 2802; x_wconf 88' lang='lat' dir='ltr'><strong>edetque</strong></span> <span class='ocrx_word' id='word_1_342' title='bbox 466 2764 519 2791; x_wconf 82' lang='lat' dir='ltr'><strong>ex</strong></span> <span class='ocrx_word' id='word_1_343' title='bbox 540 2753 721 2793; x_wconf 88' lang='lat' dir='ltr'><strong>omnibus</strong></span> <span class='ocrx_word' id='word_1_344' title='bbox 743 2754 842 2804; x_wconf 86' lang='lat' dir='ltr'><strong>suis,</strong></span> <span class='ocrx_word' id='word_1_345' title='bbox 877 2768 974 2806; x_wconf 86' lang='lat' dir='ltr'><strong>quos</strong></span> <span class='ocrx_word' id='word_1_346' title='bbox 999 2754 1116 2794; x_wconf 86' lang='lat' dir='ltr'><strong>habet</strong></span> <span class='ocrx_word' id='word_1_347' title='bbox 1135 2755 1319 2808; x_wconf 88' lang='lat' dir='ltr'><strong>optimos,</strong></span> <span class='ocrx_word' id='word_1_348' title='bbox 1353 2756 1502 2795; x_wconf 87' lang='lat' dir='ltr'><strong>amicus</strong></span> <span class='ocrx_word' id='word_1_349' title='bbox 1526 2770 1636 2795; x_wconf 87' lang='lat' dir='ltr'><strong>meus</strong></span> 
     </span>
     <span class='ocr_line' id='line_1_39' title="bbox 151 2811 1636 2872; baseline 0.005 -19"><span class='ocrx_word' id='word_1_350' title='bbox 151 2811 320 2855; x_wconf 83' lang='lat' dir='ltr'><strong>Carolus</strong></span> <span class='ocrx_word' id='word_1_351' title='bbox 351 2815 566 2872; x_wconf 78' lang='lat' dir='ltr'><strong>Hempfius.</strong></span> <span class='ocrx_word' id='word_1_352' title='bbox 609 2819 741 2860; x_wconf 87' lang='lat' dir='ltr'><strong>Taciti</strong></span> <span class='ocrx_word' id='word_1_353' title='bbox 773 2821 894 2861; x_wconf 90' lang='lat' dir='ltr'><strong>uerba</strong></span> <span class='ocrx_word' id='word_1_354' title='bbox 924 2835 1018 2861; x_wconf 90' lang='lat' dir='ltr'><strong>ann.</strong></span> <span class='ocrx_word' id='word_1_355' title='bbox 1042 2819 1140 2872; x_wconf 85' lang='lat' dir='ltr'><strong>XlI,</strong></span> <span class='ocrx_word' id='word_1_356' title='bbox 1167 2820 1220 2862; x_wconf 85' lang='grc'><strong>54</strong></span> <span class='ocrx_word' id='word_1_357' title='bbox 1244 2837 1381 2862; x_wconf 87' lang='lat' dir='ltr'><strong>manca</strong></span> <span class='ocrx_word' id='word_1_358' title='bbox 1404 2837 1492 2863; x_wconf 84' lang='lat' dir='ltr'><strong>esse</strong></span> <span class='ocrx_word' id='word_1_359' title='bbox 1514 2823 1636 2862; x_wconf 80' lang='lat' dir='ltr'><strong>inter-</strong></span> 
     </span>
    </p>
   </div>
   <div class='ocr_carea' id='block_1_3' title="bbox 152 2883 1636 2998">
    <p class='ocr_par' dir='ltr' id='par_1_3' title="bbox 152 2883 1636 2998">
     <span class='ocr_line' id='line_1_40' title="bbox 152 2883 1636 2943; baseline 0.007 -24"><span class='ocrx_word' id='word_1_360' title='bbox 152 2888 281 2933; x_wconf 86' lang='lat' dir='ltr'><strong>pretes</strong></span> <span class='ocrx_word' id='word_1_361' title='bbox 314 2883 542 2926; x_wconf 88' lang='lat' dir='ltr'><strong>docuerunt.</strong></span> <span class='ocrx_word' id='word_1_362' title='bbox 586 2885 684 2927; x_wconf 84' lang='lat' dir='ltr'><strong>Item</strong></span> <span class='ocrx_word' id='word_1_363' title='bbox 715 2888 887 2930; x_wconf 86' lang='lat' dir='ltr'><strong>librariis</strong></span> <span class='ocrx_word' id='word_1_364' title='bbox 924 2890 1054 2930; x_wconf 86' lang='lat' dir='ltr'><strong>tribuo</strong></span> <span class='ocrx_word' id='word_1_365' title='bbox 1088 2890 1208 2930; x_wconf 88' lang='lat' dir='ltr'><strong>hacc:</strong></span> <span class='ocrx_word' id='word_1_366' title='bbox 1247 2896 1316 2929; x_wconf 79' lang='lat' dir='ltr'><strong>‘ex</strong></span> <span class='ocrx_word' id='word_1_367' title='bbox 1349 2891 1488 2943; x_wconf 86' lang='lat' dir='ltr'><strong>oppido</strong></span> <span class='ocrx_word' id='word_1_368' title='bbox 1519 2889 1636 2930; x_wconf 81' lang='lat' dir='ltr'><strong>This-</strong></span> 
     </span>
     <span class='ocr_line' id='line_1_41' title="bbox 190 2947 1355 2998; baseline 0.019 -25"><span class='ocrx_word' id='word_1_369' title='bbox 190 2947 309 2983; x_wconf 76' lang='lat' dir='ltr'><strong>Cacsar,</strong></span> <span class='ocrx_word' id='word_1_370' title='bbox 331 2947 374 2976; x_wconf 85' lang='lat' dir='ltr'><strong>ed.</strong></span> <span class='ocrx_word' id='word_1_371' title='bbox 398 2950 539 2986; x_wconf 65' lang='lat' dir='ltr'><strong>Nipperd.</strong></span> <span class='ocrx_word' id='word_1_372' title='bbox 1329 2958 1355 2998; x_wconf 73' lang='lat'>2</span> 
     </span>
    </p>
   </div>
  </div>
 </body>
</html>
