1835 3240
713 173 1111 214 —91—

169 305 254 331 eum
286 289 440 329 uiderat
469 286 547 326 Th.
583 284 812 336 Bentleius,
848 286 1073 326 necessario
1116 287 1319 327 dicendum
1350 289 1469 328 fnisse
1504 289 1582 341 ‘qui
1615 303 1657 330 se

167 359 249 410 ipse
272 354 526 396 defenderet'.
581 352 660 394 Sed
692 369 740 394 ne
776 354 1021 394 ‘munitione'
1055 355 1207 407 quidem
1233 354 1297 394 ille
1320 355 1428 394 locus
1460 370 1501 394 se
1525 358 1656 396 defen-

168 426 259 464 dere
292 430 460 476 poterat.
513 420 617 462 Nam
650 436 776 474 neque
808 437 923 476 supra
956 422 1031 462 ulla
1064 423 1227 462 munitio
1268 430 1571 462 commemorata
1599 432 1658 464 est

166 494 248 539 (est
269 497 395 529 antem
420 490 519 530 idem
543 490 669 540 locus,
705 490 816 530 cuius
840 490 1141 543 descriptionem
1165 490 1281 543 paulo
1304 497 1396 530 ante
1419 491 1564 544 posui),
1590 505 1658 531 ne-

167 573 239 611 que
263 557 365 598 Galli
391 572 436 597 eo
459 565 633 612 tempore
656 559 814 598 omnino
838 565 971 598 castra
992 559 1234 598 muniebant.
1288 558 1436 599 Postea
1469 559 1569 598 enim
1595 560 1659 599 de-

166 642 293 675 mum,
321 625 496 666 Auarico
519 640 541 666 a
564 623 741 666 Caesare
772 633 883 676 capto
899 657 909 675 ,
941 640 1059 666 suasu
1103 625 1447 680 Vercingetorigis
1470 626 1506 665 id
1531 627 1660 666 faeere

166 695 448 740 instituerunt,
484 707 581 746 quae
617 708 680 734 res
704 708 738 734 e.
764 692 819 734 :29
842 700 947 733 extr.
974 701 1014 733 et
1035 692 1103 743 30,
1130 694 1154 733 4
1186 700 1228 734 ut
1259 694 1372 734 ualde
1395 694 1661 734 memorabilis

166 764 352 803 refertur.
406 759 450 802 Si
482 762 566 814 quis
596 769 726 802 antem
759 762 887 802 locum
923 776 1001 801 non
1030 776 1172 812 manu,
1208 762 1276 802 sed
1307 762 1445 815 palude
1469 761 1660 801 munitum

166 829 381 884 significari
405 829 664 879 existimabit,
690 830 726 870 id
751 830 955 870 dicendum
981 837 1066 869 erat
1100 830 1296 870 ‘naturali
1328 829 1565 869 munitione'
1598 830 1662 869 uel

166 899 348 939 similiter
370 897 498 950 aliqua
520 911 563 937 re
596 898 763 938 adiecta.
818 896 1024 937 Bentleius
1057 897 1227 937 coniecit
1259 898 1349 950 ‘qui
1389 912 1432 938 se
1461 897 1543 950 ipse
1575 898 1662 938 sine

165 966 382 1006 munitione
405 964 662 1006 defenderet'.
711 965 845 1018 Atque
877 965 1067 1006 eiusmodi
1098 965 1209 1018 plura
1233 966 1454 1019 excogitari
1476 972 1657 1018 possunt,

164 1048 262 1087 quae
286 1040 440 1080 tamen,
477 1048 563 1074 cum
594 1048 673 1073 non
705 1033 830 1086 magis
863 1047 977 1086 quam
1010 1031 1180 1073 Bentleii
1205 1033 1432 1073 coniectura
1462 1033 1658 1087 placeant,

164 1109 297 1143 tacere
321 1102 459 1142 melius
483 1102 684 1141 existimo.
726 1099 887 1142 Certam
910 1101 1225 1141 emendationem
1248 1115 1327 1141 non
1349 1102 1524 1155 reperio.

277 1167 326 1210 C.
351 1169 422 1217 21,
447 1169 473 1208 2
504 1170 600 1210 haec
632 1170 673 1210 in
704 1170 871 1223 integris
895 1170 1004 1210 codd.
1027 1170 1234 1223 leguntur:
1273 1167 1504 1217 ‘Statuunt,
1531 1176 1572 1208 ut
1595 1169 1660 1208 de-

164 1252 246 1278 eem
269 1239 375 1279 milia
399 1238 595 1278 hominum
620 1238 770 1279 delecta
793 1252 844 1278 ex
866 1238 1046 1278 omnibus
1070 1237 1193 1291 copiis
1225 1238 1265 1277 in
1299 1238 1477 1290 oppidum
1501 1237 1661 1276 mittan-

165 1313 228 1346 tur
243 1337 253 1356 ,
288 1321 360 1347 nec
382 1306 477 1346 solis
499 1304 748 1360 Biturigibus
771 1321 1013 1347 communem
1037 1306 1203 1347 salutem
1228 1306 1545 1345 committendam
1569 1317 1660 1344 cen-

166 1381 271 1423 sent,
306 1375 405 1426 quod
429 1388 549 1426 penes
573 1388 640 1414 eos
657 1407 665 1420 ‚
691 1375 724 1413 si
746 1374 783 1413 id
807 1375 988 1427 oppidum
1010 1374 1292 1423 retinuissent,
1325 1388 1513 1413 summam
1536 1373 1660 1412 uicto-

164 1442 246 1481 riae
264 1448 446 1482 constare
463 1441 774 1495 intellegebant',
800 1440 875 1480 nisi
899 1443 1000 1494 quod
1023 1456 1090 1495 pro
1112 1442 1188 1481 illis
1215 1447 1284 1481 ‘ex
1306 1442 1484 1481 omnibus
1505 1440 1659 1494 copiis',

165 1516 204 1548 ut
228 1516 285 1549 est
308 1509 347 1548 in
370 1509 615 1562 interpolatis
632 1540 641 1558 ,
676 1523 812 1549 errore
845 1509 1031 1561 scriptum
1062 1509 1206 1549 liabent
1238 1516 1304 1548 ‘ex
1327 1509 1505 1548 omnibus
1528 1509 1655 1549 locis'.

168 1574 248 1616 Sed
271 1577 390 1616 uerba
416 1582 553 1629 ‘penes
577 1577 674 1625 eos',
709 1577 742 1616 si
766 1578 812 1616 de
836 1575 1082 1630 Biturigibus
1105 1577 1401 1629 intelleguntur,
1430 1590 1657 1629 peruersam

164 1644 400 1684 sententiam
424 1646 531 1684 nasci
555 1652 733 1697 apertum
756 1651 838 1693 est,
874 1644 983 1696 quasi
1014 1645 1101 1684 ideo
1123 1644 1339 1684 subsidium
1363 1643 1466 1684 Galli
1488 1644 1527 1684 in
1551 1645 1658 1698 oppi-

164 1711 252 1751 dum
284 1712 510 1761 misissent,
546 1726 595 1752 ne
624 1712 710 1751 laus
742 1712 933 1752 uictoriae
966 1713 1013 1752 ad
1044 1713 1150 1752 solos
1182 1711 1382 1766 Bituriges
1415 1713 1655 1766 perueniret,

164 1780 261 1832 qnod
286 1794 353 1819 eos
377 1780 591 1820 communis
615 1779 751 1819 salutis
776 1793 893 1819 causa
917 1780 1059 1820 fecisse
1083 1780 1197 1834 paulo
1215 1787 1306 1820 ante
1330 1781 1570 1821 declaratur.
1604 1779 1659 1820 Et

165 1861 213 1887 ne
235 1848 272 1888 id
295 1848 446 1901 quidem
468 1855 577 1888 recte
601 1849 666 1896 fit,
697 1855 741 1888 ut
762 1862 912 1888 summa
936 1849 1129 1889 uictoriae
1153 1856 1337 1889 constare
1361 1848 1515 1888 dicatur
1537 1861 1656 1902 penes

163 1916 347 1969 aliquem,
382 1930 481 1972 quae
513 1923 580 1956 aut
609 1923 717 1956 stare
751 1930 869 1969 penes
893 1914 1031 1957 Gallos
1055 1917 1127 1957 hoc
1150 1924 1210 1958 est
1232 1919 1270 1957 in
1294 1931 1427 1958 eornm
1460 1923 1657 1971 potestate

165 1998 251 2025 esse
274 1991 341 2025 aut
362 1992 545 2025 constare
568 1982 716 2033 Gallis,
749 1999 824 2038 qua
857 1998 900 2024 re
933 1992 1039 2025 certa
1074 1985 1122 2026 iis
1156 2000 1244 2026 esse
1267 1985 1574 2039 significaretur,
1601 1985 1657 2025 ‹li-

163 2052 284 2093 cenda
315 2060 416 2093 erat.
469 2051 584 2092 Nihil
616 2053 736 2105 igitur
767 2053 967 2093 lucramur
999 2067 1132 2094 eorum
1167 2054 1390 2103 sententia,
1424 2054 1489 2106 qui
1522 2053 1656 2094 uerbis

165 2126 299 2174 ‘penes
332 2121 414 2162 eos’
446 2135 582 2161 omnes
613 2119 751 2162 Gallos
782 2122 983 2177 designari
1016 2122 1377 2167 existimauerunt,
1418 2121 1570 2162 etiamsi
1601 2122 1658 2162 ita

163 2189 236 2229 dici
267 2190 442 2243 potuisse
474 2190 809 2240 concederemus,
856 2192 956 2243 quod
995 2191 1079 2231 fieri
1122 2204 1201 2230 non
1233 2203 1349 2244 posse
1379 2204 1497 2244 supra
1530 2204 1567 2244 p.
1602 2189 1657 2230 62

161 2256 308 2297 monui.
342 2256 483 2312 Itaque
505 2272 590 2297 cum
613 2265 797 2312 corrupta
820 2272 909 2298 esse
931 2259 997 2299 illa
1019 2259 1141 2299 uerba
1163 2259 1423 2299 confitendum
1445 2259 1511 2308 sit,
1547 2265 1657 2299 reete

162 2321 322 2365 Clarkio
356 2326 580 2379 recipienda
612 2327 695 2366 uisa
725 2336 841 2377 sunt,
876 2342 975 2380 quae
1007 2328 1047 2368 in
1079 2327 1185 2367 And.
1221 2334 1261 2367 et
1283 2324 1418 2368 Oxou.
1445 2326 1650 2381 leguntur:

164 2394 282 2448 ‘quod
306 2408 428 2448 paene
450 2395 488 2434 in
513 2409 574 2443 eo,
610 2395 644 2434 si
666 2395 703 2435 id
725 2395 907 2449 oppidum
930 2396 1204 2445 retinuissent,
1239 2409 1428 2435 summam
1460 2395 1654 2435 uictoriae

162 2469 346 2502 constare
387 2462 699 2516 intellegebant⁷.
753 2461 843 2515 Qua
874 2464 1149 2504 emendatione
1180 2477 1305 2516 neque
1338 2463 1493 2504 facilior
1527 2476 1655 2517 neque

163 2529 289 2582 aptior
309 2530 481 2571 inueniri
503 2538 647 2585 potest.

277 2595 325 2638 C.
349 2596 428 2647 28,
463 2599 490 2639 4
521 2600 561 2639 in
585 2599 765 2639 omnibus
789 2600 900 2640 codd.
926 2607 1084 2654 praeter
1104 2600 1364 2653 interpolatos
1386 2599 1441 2640 ita
1464 2600 1650 2653 scriptum

166 2671 249 2703 est:
276 2662 360 2705 ‘Sic
383 2673 419 2706 et
441 2664 595 2707 Genabi
617 2667 735 2708 caede
758 2675 798 2708 et
820 2669 955 2709 labore
979 2669 1108 2723 operis
1131 2668 1282 2709 incitati
1305 2683 1383 2708 non
1406 2674 1536 2708 aetate
1558 2681 1652 2707 con-

169 2731 295 2780 fectis,
320 2746 397 2773 non
418 2735 649 2776 mulieribus
666 2767 676 2785 ,
703 2751 781 2777 non
803 2737 1020 2778 infantibus
1044 2737 1342 2791 pepercerunt'3
1377 2737 1417 2776 in
1439 2735 1652 2789 interpola-

166 2798 215 2838 tis
241 2797 485 2842 ‘Cenabensi
508 2802 639 2843 caede'
662 2804 822 2858 legitur,
848 2806 949 2858 quod
971 2806 1018 2846 ab
1042 2806 1220 2846 omnibus
1243 2812 1445 2846 seruatum
1469 2811 1543 2844 est.
1597 2801 1651 2842 Et

166 2867 358 2919 profecto,
380 2869 414 2910 si
428 2870 627 2923 genitiuus
650 2880 758 2914 esset
777 2874 828 2924 is,
854 2888 929 2927 quo
951 2874 1060 2916 locus
1083 2873 1342 2927 significatur,
1369 2873 1463 2913 dure
1486 2884 1651 2925 ponere-
