1835 3240
94 895 134 928 10

98 1235 135 1267 15

95 1572 137 1605 20

583 162 765 206 COMM.
790 161 871 206 1111
903 160 1027 204 CAP.
1051 162 1195 204 4—7.
1643 166 1720 209 331

172 294 243 334 que
263 278 381 319 rebus
405 276 581 327 student,
606 277 702 317 nihil
725 277 783 317 his
807 276 1126 318 committendum
1149 276 1411 316 existimauit.
1450 277 1524 318 Est
1546 280 1646 320 enim
1669 280 1696 320 2

170 348 240 387 hoc
263 344 438 386 Gallicae
462 345 772 395 consuetudinis,
799 346 854 385 uti
879 352 915 384 et
936 345 1114 385 uiatores
1133 343 1249 384 etiam
1267 343 1413 383 inuitos
1432 346 1650 387 consistere

168 421 310 467 cogant
332 420 391 463 et,
426 413 514 465 quid
548 413 710 465 quisquc
743 426 876 452 eorum
911 413 957 452 de
989 425 1139 465 quaque
1161 426 1204 451 re
1227 412 1396 451 audierit
1416 420 1482 451 aut
1505 427 1649 465 cogno-

168 482 286 530 uerit,
312 488 530 534 quaerant,
556 488 595 520 et
615 487 854 520 mercatores
878 480 917 519 in
941 480 1090 533 oppidis
1115 480 1254 533 uulgus
1278 480 1544 519 circumsistat
1566 481 1649 532 qui-

168 549 319 601 busque
351 563 403 589 ex
433 548 657 602 regionibus
690 548 854 587 ueniant
885 561 1058 600 quasque
1079 547 1131 586 ibi
1155 562 1219 588 res
1242 548 1526 601 cognouerint,
1563 561 1651 600 pro-

166 618 349 657 nuntiare
372 624 530 671 cogant.
574 615 647 655 llis
670 615 787 654 rebus
811 621 924 667 atque
947 615 1209 656 auditionibus
1233 616 1399 669 permoti
1424 615 1468 654 de
1491 614 1650 654 summis
1674 614 1699 654 3

166 698 284 738 saepe
306 684 424 725 rebus
448 684 612 724 consilia
634 684 798 732 ineunt,
825 697 986 736 quorum
1010 696 1078 722 eos
1101 683 1140 722 in
1164 684 1333 737 uestigio
1357 683 1561 737 poenitere
1584 696 1652 722 ne-

170 767 279 793 cesse
303 760 384 802 est,
410 766 494 791 cuin
518 752 680 792 incertis
703 751 929 790 rumoribus
952 751 1127 791 seruiant
1143 782 1153 800 ,
1189 758 1226 790 et
1248 751 1420 806 plerique
1443 751 1490 790 ad
1514 749 1652 789 uolun-

169 827 286 861 tatem
318 834 453 860 eorum
483 820 572 860 ficta
593 820 875 873 respondeant.
939 816 1028 870 Qua
1062 819 1347 858 consuetudine
1370 818 1525 871 cognita
1549 814 1651 857 Cae·
1672 815 1699 859 6

166 903 246 938 sar,
272 903 320 928 ne
343 887 516 941 grauiori
538 887 640 927 bello
663 893 916 935 occurreret,
942 887 1134 926 maturius
1150 917 1160 936 ,
1196 901 1310 940 quam
1333 892 1567 935 consuerat,
1603 885 1651 924 ad

168 957 386 996 exercitum
409 955 684 1009 proficiscitur.
738 954 799 994 Eo
834 969 919 994 cum
943 955 1135 1004 uenisset,
1161 968 1222 1002 ea,
1249 969 1346 1007 quae
1372 956 1454 994 fore
1477 953 1650 1007 suspica·
1671 951 1700 991 2

168 1031 229 1063 tus
252 1031 352 1072 erat,
378 1025 480 1063 facta
503 1023 712 1077 cognouit:
738 1022 878 1062 missas
902 1022 1121 1075 legationes
1144 1022 1190 1062 ab
1214 1022 1412 1061 nonnullis
1427 1021 1652 1061 ciuitatibus
1675 1019 1700 1060 3

168 1093 214 1132 ad
238 1090 458 1131 Germanos
480 1091 746 1143 inuitatosque
768 1104 851 1140 eos,
878 1090 932 1129 uti
955 1090 1001 1130 ab
1023 1089 1165 1130 Rheno
1189 1089 1465 1138 discederent,
1503 1088 1652 1128 omnia-

169 1174 256 1213 que,
282 1174 379 1213 quae
402 1160 686 1212 postulassent,
712 1159 758 1198 ab
782 1173 825 1200 se
848 1160 933 1198 fore
956 1165 1107 1211 parata.
1171 1155 1259 1210 Qua
1282 1172 1350 1211 spe
1373 1156 1530 1197 adducti
1553 1154 1653 1196 Ger-
1674 1155 1700 1195 4

169 1228 273 1267 mani
304 1228 421 1267 latius
456 1228 703 1280 uagabantur
734 1236 774 1268 et
803 1228 843 1268 iu
875 1228 973 1267 fines
995 1225 1228 1266 Eburonum
1261 1233 1299 1266 et
1331 1223 1649 1273 Condrusorum,

172 1295 234 1348 qui
257 1302 350 1334 sunt
370 1294 642 1335 Treuerorum
665 1295 828 1335 clientes
844 1326 854 1345 ,
880 1302 1160 1348 peruenerant.
1224 1292 1475 1347 Principibus
1498 1291 1653 1333 Galliae
1674 1290 1698 1331 5

173 1363 349 1402 euocatis
374 1360 524 1403 Caesar
546 1377 606 1412 ea,
633 1377 730 1416 quae
753 1369 1023 1416 cognouerat,
1050 1362 1330 1402 dissimulanda
1353 1362 1426 1402 sibi
1449 1361 1654 1402 existima-

175 1430 230 1469 uit
252 1444 465 1483 eorumque
488 1431 627 1470 animis
650 1430 858 1484 permulsis
872 1437 911 1470 et
926 1430 1164 1469 confirmatis
1189 1430 1439 1482 equitatuque
1462 1429 1654 1483 imperato

169 1498 312 1537 bellum
337 1513 422 1538 cum
446 1496 656 1538 Germanis
688 1513 828 1552 gerere
851 1498 1066 1538 constituit.
1118 1496 1179 1538 Re
1208 1498 1465 1538 frumentaria
1498 1511 1654 1550 compa·
1675 1495 1702 1539 7

172 1573 256 1605 rata
280 1567 550 1619 equitibusque
583 1567 745 1606 delectis
769 1567 844 1606 iter
865 1566 905 1606 in
929 1579 974 1606 ea
997 1565 1081 1605 loca
1107 1566 1237 1606 facere
1260 1566 1410 1619 coepit,
1444 1565 1582 1618 quibus
1613 1564 1655 1603 in

170 1633 266 1672 locis
290 1646 377 1673 esse
400 1632 622 1674 Germanos
644 1634 841 1674 audiebat.
905 1633 942 1672 A
973 1633 1109 1686 quibus
1142 1648 1228 1673 cum
1261 1647 1473 1687 paucorum
1507 1632 1655 1672 dierum
1676 1630 1704 1672 2

171 1701 248 1741 iter
278 1701 460 1751 abesset,
494 1701 614 1754 legati
645 1701 692 1740 ab
730 1702 777 1741 iis
812 1708 1030 1750 uenerunt,
1070 1715 1235 1754 quorum
1270 1702 1365 1741 baec
1396 1701 1470 1740 fuit
1500 1700 1653 1740 oratio:

171 1766 391 1808 Germanos
413 1783 538 1822 neque
560 1769 713 1822 priores
737 1768 876 1822 populo
900 1768 1083 1808 Romano
1105 1769 1249 1809 bellum
1280 1769 1428 1808 inferre
1450 1782 1576 1820 neque
1601 1774 1658 1807 ta·
1679 1766 1705 1808 3

171 1851 259 1876 men
282 1850 485 1886 recusare,
512 1838 546 1877 si
567 1838 832 1887 lacessantur,
858 1837 949 1890 quin
964 1838 1083 1877 armis
1098 1837 1352 1886 contendant,
1379 1837 1476 1889 quod
1492 1834 1658 1876 Germa-

96 1912 114 1942 ἱ
173 1919 310 1945 norum
334 1906 574 1945 consuetudo
598 1905 693 1946 haec
716 1905 767 1946 sit
788 1919 809 1946 a
831 1906 1048 1946 maioribus
1073 1906 1230 1956 tradita,
1258 1905 1489 1958 quicumque
1511 1904 1655 1944 bcllum

316 2042 330 2074 1
354 2048 408 2075 est
426 2043 513 2074 enim
532 2043 594 2075 hoc
612 2043 686 2076 AB
700 2042 828 2084 CDE‚·
861 2050 915 2077 est
932 2049 1045 2077 autem
1065 2045 1128 2076 hoe
1148 2055 1189 2085 u,
1213 2049 1267 2076 est
1285 2044 1346 2075 hoc
1367 2043 1502 2085 inquam
1522 2040 1660 2073 Aimoz’-

173 2102 238 2123 nus
254 2094 373 2135 praes.
394 2104 423 2125 c.
445 2094 477 2125 8.
642 2095 661 2127 3
681 2095 758 2137 quid
780 2096 991 2138 itlt'moz'nus,
1014 2096 1101 2138 quod
1122 2095 1223 2127 codd.
1248 2096 1429 2127 Caesares.
1619 2092 1660 2122 de

172 2153 235 2184 qua
255 2154 290 2175 re
310 2145 339 2185 b,
362 2145 401 2176 de
421 2155 621 2188 quacunque
642 2156 675 2177 re
695 2146 900 2179 Ac'moinus.
1021 2149 1039 2180 6
1060 2152 1160 2188 cogat
1179 2148 1273 2189 bef.
1393 2146 1495 2178 rcbus
1515 2144 1620 2187 <A)B
1634 2144 1662 2176 C

170 2196 202 2227 Ι)
214 2196 455 2238 EAimcinus,
478 2199 669 2230 rumoribus
692 2199 709 2229 b
723 2211 739 2230 c
752 2199 847 2241 des.
1013 2200 1031 2232 7
1045 2201 1075 2231 in
1089 2200 1234 2240 uestigio
1251 2199 1283 2231 A
1294 2200 1324 2229 B
1338 2198 1405 2230 CD
1416 2198 1446 2229 E
1458 2198 1476 2228 b
1488 2197 1553 2238 ef,
1575 2207 1591 2228 e
1604 2206 1663 2226 ue-

172 2248 271 2287 stigio
286 2249 520 2282 .·lz'moz'nusu.
541 2250 721 2283 Vz'd.Lc‘zt.
742 2251 859 2292 XXII,
882 2253 936 2285 49.
961 2252 1044 2285 Tac.
1067 2253 1153 2283 hist.
1175 2251 1236 2291 IV,
1259 2251 1314 2283 (30.
1337 2249 1451 2282 Verus
1468 2250 1517 2281 ad
1532 2250 1660 2281 Front.

169 2311 207 2341 p.
231 2301 291 2333 187
312 2302 363 2334 ecl.
385 2302 486 2334 Rom.
610 2304 630 2336 8
650 2304 791 2335 incertis
812 2304 962 2336 moribus
981 2305 1054 2336 AB
1068 2304 1179 2336 CDE
1198 2303 1300 2335 codd.
1320 2302 1487 2334 Az'moinz'
1504 2300 1665 2341 (motibus

173 2353 410 2394 Bouquetus).
601 2355 640 2386 10
662 2355 694 2386 ni
713 2355 863 2395 grauiori
883 2366 929 2386 m.
948 2365 1005 2396 pr.
1026 2356 1067 2386 B.
1242 2353 1517 2394 consueuerats.

179 2402 215 2434 11
236 2404 430 2445 suspicatus
452 2404 564 2436 fuerat
585 2406 616 2438 b.
761 2406 800 2441 12
819 2417 836 2438 a
857 2407 1030 2438 nonnullis
1051 2406 1114 2448 es.
1257 2406 1297 2439 13
1317 2416 1335 2437 a
1357 2405 1519 2446 Rhenes.

179 2456 287 2487 omnia
306 2467 458 2499 quaeque
477 2458 507 2489 B
522 2457 824 2500 CDEcs‘mwff
966 2460 1005 2491 14
1025 2469 1043 2490 a
1063 2459 1146 2500 ses.
1314 2458 1453 2489 abducti
1477 2458 1518 2489 C.

180 2507 217 2539 15
237 2508 339 2540 latius
358 2511 574 2551 uagabantur
591 2511 665 2542 AB
680 2511 749 2542 CD
763 2511 815 2551 E,·
842 2511 945 2543 latius
975 2511 1040 2543 iain
1062 2511 1278 2551 uagabantur
1295 2512 1366 2552 es,
1398 2510 1462 2541 iam
1483 2509 1586 2540 latius
1606 2518 1665 2539 ua-

177 2560 343 2599 gabantur
363 2563 393 2594 b.
549 2563 581 2594 in
601 2563 724 2594 finibus
746 2563 810 2604 bf.
999 2565 1095 2595 inter
1112 2563 1307 2594 Eburonum
1328 2565 1364 2593 et
1381 2562 1526 2593 clientes
1541 2562 1663 2603 posita

179 2614 295 2653 orn-s.
455 2614 708 2647 Condrusorum
730 2616 748 2646 b
770 2614 879 2655 ‘all’e'',
908 2614 1169 2647 Condrusonum
1186 2615 1301 2647 ABE
1321 2611 1519 2655 ‘pler-z'qne’.

182 2663 220 2694 16
237 2661 463 2698 Treuerorum
480 2666 510 2698 B
531 2665 640 2697 ‘ma-s!
780 2667 1058 2708 pcruenerunts.
1204 2665 1243 2698 17
1263 2665 1418 2696 euocatis
1437 2664 1508 2706 es,
1530 2661 1663 2693 uocatis

178 2713 211 2744 A
226 2713 250 2743 B
265 2713 330 2745 c'D
343 2716 384 2747 Ε.
526 2716 566 2748 19
586 2715 720 2758 gerere]
742 2727 846 2758 agere
864 2718 905 2750 E.
1054 2716 1096 2749 20
1117 2716 1396 2758 equitatibusque
1417 2715 1447 2746 b.
1615 2712 1664 2743 sa-

181 2774 259 2794 cerc
280 2766 392 2807 coepit
404 2770 489 2807 post
505 2767 667 2799 audiebat
679 2770 789 2810 ponit
807 2768 838 2800 b.
1026 2767 1065 2798 21
1090 2767 1172 2798 locis
1192 2777 1261 2798 om.
1284 2767 1315 2798 b.
1489 2765 1533 2799 22
1551 2763 1590 2794 ab
1612 2763 1664 2793 his

179 2813 278 2897 {Oflllsl-
329 2866 359 2898 Β
462 2817 504 2852 25
523 2817 606 2849 haec
625 2828 692 2850 om.
713 2818 757 2850 A.
945 2816 1090 2859 tradita]
1114 2822 1151 2848 ut
1169 2817 1253 2849 add.
1273 2817 1304 2848 D
1320 2817 1351 2848 b.
1531 2813 1663 2856 quicum

191 2876 220 2895 ic
255 2875 305 2897 um
364 2890 370 2898 .
