1835 3240
65 900 106 932 10

66 1238 106 1270 15

61 1918 103 1953 25

675 166 863 210 CAPVT
884 166 937 209 33
950 193 1005 198 —
1017 165 1085 209 35.
1618 164 1699 208 683

142 284 293 326 scendit
313 296 359 322 ac
379 295 423 322 se
446 283 559 335 fugae
584 283 843 322 commendat.
891 278 1102 321 Sallustius
1124 278 1280 319 interim
1305 285 1460 331 praetor
1480 293 1502 320 a
1525 277 1624 320 Cer·
1646 278 1671 320 3

142 351 326 392 cinitanis
346 357 530 404 receptus
553 364 694 405 magno
729 363 892 390 numero
924 348 1106 389 frumenti
1137 348 1298 388 inuento
1331 359 1452 386 naues
1485 361 1625 388 onera-

141 420 221 459 rias
238 449 248 468 ,
283 432 445 471 quarum
477 418 529 458 ibi
561 418 659 458 satis
682 431 821 470 magna
844 417 952 470 copia
976 417 1072 466 fuit,
1107 415 1276 469 complet
1296 420 1413 466 atque
1436 414 1476 453 in
1498 422 1627 456 castra

141 487 187 527 ad
212 483 425 526 Caesarem
449 485 580 525 mittit.
633 485 801 525 Alienus
823 485 980 524 interim
1004 484 1216 536 proconsul
1236 481 1429 535 Lilybaeo
1450 482 1491 520 in
1513 482 1625 522 nauis
1648 482 1672 522 4

144 555 348 594 onerarias
378 554 531 608 inponit
561 553 738 606 legiones
768 559 849 592 XIII
879 559 917 591 et
946 558 1044 590 XIIII
1076 559 1115 590 et
1144 550 1296 604 equites
1328 549 1464 590 Gallos
1495 556 1624 598 DCCC,

139 622 380 663 funditorum
413 621 784 675 sagittariorumque
814 619 920 659 inille
962 632 1007 658 ac
1048 619 1260 658 secundum
1293 624 1552 658 commeatum
1586 618 1625 656 in

139 690 314 730 Africam
336 689 454 730 mittit
484 689 530 728 ad
554 686 786 728 Caesarem.
851 685 964 739 Quae
986 700 1107 726 naues
1140 694 1299 726 uentum
1323 687 1537 727 secundum
1559 698 1627 725 na-

141 765 225 798 ctae
248 764 385 810 quarto
408 757 469 796 die
490 756 531 795 in
552 763 705 810 portum
727 755 775 795 ad
796 754 1031 809 Ruspinam,
1066 754 1133 794 ubi
1156 751 1310 794 Caesar
1330 761 1461 794 castra
1483 753 1627 794 habue-

140 832 227 875 rat,
260 825 479 866 incolumes
502 831 786 877 peruenerunt.
848 821 909 863 Ita
931 819 1084 863 Caesar
1114 821 1256 875 duplici
1277 822 1427 862 laetitia
1449 835 1495 862 ae
1516 820 1627 861 uolu-
1649 818 1673 860 5

138 900 244 946 ptate
266 907 344 933 uno
365 899 540 946 tempore
561 899 716 940 auctus,
753 892 946 932 frumento
968 889 1222 942 auxiliisque,
1248 890 1401 930 tandem
1425 890 1507 930 suis
1532 888 1628 929 hila-

138 961 233 1000 ratis
257 974 491 1013 annonaque
512 961 640 1000 leuata
664 959 967 1000 sollicitudinem
991 957 1163 1011 deponit,
1198 956 1375 1011 legiones
1398 957 1629 1010 equitesque

141 1042 191 1068 ex
215 1028 380 1068 nauibus
403 1041 586 1081 egressos
609 1027 717 1067 iubet
738 1041 790 1067 ex
811 1028 1004 1081 languore
1025 1038 1252 1077 nauseaque
1273 1026 1452 1075 reficere,
1478 1025 1627 1065 diuisos

137 1095 178 1135 in
210 1095 374 1136 castella
400 1095 715 1149 munitionesque
737 1094 922 1149 disponit.
987 1091 1140 1146 Quibus
1173 1092 1290 1133 rebus
1313 1090 1446 1146 Scipio
1480 1093 1622 1146 quique
1644 1090 1702 1135 35

139 1177 226 1203 cum
258 1177 304 1204 eo
335 1171 469 1204 essent
492 1163 693 1218 [comites]
718 1164 854 1203 mirari
886 1169 926 1203 et
946 1162 1172 1215 requirere:
1209 1157 1258 1200 C.
1286 1159 1528 1209 Caesarem,
1563 1158 1628 1212 qui

139 1231 239 1271 ultro
269 1239 503 1272 consuesset
530 1231 673 1271 bellum
695 1231 843 1271 inferre
867 1245 912 1270 ac
935 1231 1133 1271 lacessere
1155 1229 1303 1284 proelio
1320 1259 1330 1278 ,
1363 1227 1493 1268 subito
1524 1241 1628 1267 com-

140 1306 330 1339 mutatum
355 1313 433 1339 non
456 1300 542 1339 sine
565 1313 707 1353 magno
731 1299 894 1339 consilio
928 1298 1242 1353 suspicabantur.
1306 1295 1446 1350 Itaque
1468 1310 1520 1336 ex
1543 1296 1627 1336 eius
1649 1295 1676 1337 2

141 1367 331 1421 patientia
352 1367 391 1407 in
414 1381 596 1421 magnum
620 1368 797 1408 timorem
822 1367 989 1407 coniecti
1013 1381 1065 1407 ex
1087 1364 1268 1407 Gaetulis
1292 1365 1410 1414 duos,
1447 1378 1542 1417 quos
1565 1377 1629 1403 ar-

140 1435 390 1476 bitrabantur
422 1435 505 1476 suis
537 1436 653 1476 rebus
676 1436 935 1476 amicissimos
951 1467 961 1485 ,
996 1434 1150 1488 magnis
1174 1433 1358 1488 praemiis
1380 1431 1628 1486 pollicitatio-

140 1503 332 1556 nibusque
365 1503 576 1557 propositis
609 1518 678 1557 pro
711 1503 885 1557 perfugis
907 1503 1136 1558 speculandi
1157 1501 1285 1557 gratia
1306 1501 1345 1541 in
1370 1506 1502 1541 castra
1524 1498 1628 1541 Cae-

138 1572 240 1612 saris
262 1572 435 1612 mittunt.
499 1569 577 1624 Qui
600 1572 712 1612 simul
736 1573 782 1612 ad
805 1586 892 1612 eum
916 1578 1009 1612 sunt
1030 1571 1211 1621 deducti,
1236 1569 1458 1624 petierunt,
1492 1575 1534 1608 ut
1555 1568 1629 1608 sibi
1650 1566 1675 1607 3

139 1640 277 1681 liceret
305 1640 426 1680 uerba
456 1639 543 1680 sine
565 1640 737 1693 periculo
760 1641 954 1694 proloqui.
1018 1638 1224 1680 Potestate
1247 1639 1373 1687 facta,
1411 1635 1629 1690 ‘Saepenu-
1649 1635 1676 1675 4

138 1709 277 1757 mero',
310 1708 507 1760 inquiunt,
545 1708 791 1762 ‘imperator,
824 1708 1043 1762 complures
1066 1706 1240 1756 Gaetuli,
1266 1707 1329 1759 qui
1352 1718 1484 1745 sumus
1507 1704 1629 1744 clien-

136 1782 195 1816 tes
218 1774 266 1816 C.
292 1774 414 1826 Mari,
449 1783 489 1816 et
510 1776 786 1830 propemodum
809 1790 946 1817 omnes
969 1775 1077 1816 ciues
1098 1775 1286 1824 Romani,
1312 1773 1377 1826 qui
1399 1779 1491 1813 sunt
1511 1772 1552 1812 in
1573 1772 1632 1812 le-

137 1844 253 1897 gione
287 1850 348 1884 IIII
370 1850 409 1884 et
428 1850 500 1895 VI,
535 1845 583 1884 ad
614 1851 652 1884 te
683 1845 882 1885 uoluimus
913 1844 955 1884 in
988 1851 1130 1897 tuaque
1159 1842 1354 1897 praesidia
1385 1841 1626 1894 confugere3

136 1912 204 1952 sed
227 1912 415 1952 custodiis
439 1912 612 1966 equitum
633 1911 922 1963 Numidarum,
956 1927 1030 1966 quo
1053 1913 1092 1953 id
1113 1911 1200 1952 sine
1223 1909 1396 1965 periculo
1418 1909 1548 1949 minus
1571 1909 1629 1948 fa-

138 1992 340 2028 ceremus,
374 1979 696 2033 impediebamur.
759 1979 881 2020 Nunc
903 1981 993 2020 data
1016 1979 1200 2020 facultate
1223 1992 1293 2034 pro
1315 1976 1627 2031 speculatoribus
1649 1974 1674 2016 5

138 2047 247 2088 missi
278 2061 301 2088 a
331 2045 517 2101 Scipione
549 2048 598 2088 ad
630 2055 667 2088 te
701 2048 950 2102 cupidissime
980 2049 1186 2097 uenimus,
1223 2053 1264 2086 ut
1283 2046 1624 2102 ‘perspicere111u8‚

282 2197 297 2230 1
315 2206 354 2228 ac
367 2199 639 2231 —eommendat
656 2209 724 2231 om.
747 2199 778 2231 b.
919 2198 1173 2231 Cerciunitanis
1192 2208 1285 2230 unus
1303 2197 1388 2238 det„
1408 2195 1627 2229 Ceronitanis

136 2258 157 2280 α
176 2248 194 2279 b
213 2258 252 2287 e,-
272 2246 512 2280 Cercinatibus
532 2260 566 2282 vt.
739 2251 761 2285 2
780 2255 941 2282 oneratas
960 2261 995 2282 α.
1164 2250 1185 2282 4-
1201 2248 1342 2281 Alienus
1360 2259 1394 2290 a,
1413 2248 1571 2280 Allienus
1590 2257 1626 2279 u.

279 2299 458 2341 proconsul
478 2310 499 2331 a
518 2302 554 2341 b,
584 2301 766 2343 proconsul
792 2312 809 2333 e
827 2301 945 2333 Aldus
963 2311 985 2332 u
1012 2300 1093 2342 (pro
1122 2300 1263 2332 consule
1290 2299 1369 2331 edd.
1398 2303 1480 2331 ante
1504 2298 1626 2340 Ald.).

279 2350 435 2383 Lilibaeo
455 2362 488 2384 α.
641 2353 739 2385 nauis
758 2364 792 2385 α.
944 2355 961 2385 5
981 2352 1113 2395 inponit
1129 2363 1163 2384 α.
1309 2361 1368 2383 xiv
1386 2350 1450 2393 (a).
1596 2354 1630 2382 et

137 2404 218 2433 aute
236 2402 369 2444 equites
389 2414 458 2434 om.
480 2404 512 2435 b.
654 2405 672 2437 6
692 2404 801 2447 mille]
822 2416 860 2437 co
880 2416 914 2436 α.
1057 2405 1097 2437 10
1117 2404 1277 2436 hilaratis
1296 2414 1316 2436 α
1337 2405 1354 2435 b
1374 2415 1402 2444 e,
1424 2403 1628 2436 exhilaratis

137 2462 172 2483 u-
393 2455 426 2488 ¹1
450 2465 652 2498 annonaque
672 2458 846 2489 Dauise'us
865 2457 1017 2499 (suerat
1032 2458 1295 2499 annonaeque);
1315 2466 1574 2498 annoneumque
1593 2465 1628 2496 α,

137 2499 216 2535 ami.
238 2514 380 2548 eumque
399 2517 427 2547 c,
450 2508 707 2550 animorumque
727 2509 761 2549 d,
783 2510 930 2540 animuin
951 2510 983 2541 b.
1141 2510 1409 2541 sollicitudiuem
1431 2519 1521 2540 unus
1539 2508 1625 2549 det„

138 2555 367 2588 sollicitudine
385 2560 530 2600 reliqui.
686 2562 724 2592 12
744 2561 893 2601 egressis
911 2571 932 2592 a
952 2571 981 2591 c.
1130 2570 1345 2602 nausacaque
1364 2569 1397 2590 α.
1542 2560 1630 2591 diui-

138 2616 193 2638 sos
212 2616 289 2647 ego,
309 2608 466 2642 dimissos
486 2611 585 2643 codd.
608 2611 648 2642 P.
670 2612 748 2645 210.
940 2612 980 2644 14
1000 2616 1118 2643 essent
1135 2621 1155 2643 a
1174 2611 1320 2652 reliqui,
1343 2616 1442 2642 erant
1461 2612 1490 2642 b.
1513 2611 1550 2642 P.
1569 2611 1627 2646 21.

282 2662 422 2693 comites
441 2663 576 2697 deleuit
591 2664 833 2709 Iz'reysslgz'm.
976 2665 1090 2697 mirati
1104 2675 1138 2697 α.
1282 2665 1322 2698 19
1335 2675 1478 2707 propere
1498 2664 1628 2704 fugisse

136 2722 170 2751 a,
191 2712 304 2753 speeie
326 2712 425 2753 fugae
446 2714 475 2745 b.
717 2722 834 2749 eastra
853 2716 1012 2749 Caesaris
1031 2727 1064 2755 a,
1088 2716 1248 2749 Caesaris
1268 2721 1383 2749 castra
1403 2716 1482 2747 cdd.

137 2764 176 2798 21
191 2764 294 2796 uerba
314 2764 386 2795 sine
404 2765 555 2805 periculo
574 2776 594 2797 α
610 2767 640 2806 b,
655 2767 729 2799 sine
747 2767 900 2809 periculo
920 2767 1024 2800 uerba
1044 2777 1078 2798 u.
1222 2777 1444 2810 sepenumero
1465 2767 1575 2808 inquit
1592 2777 1626 2799 a.

280 2816 322 2849 23
341 2814 480 2848 Maria.
652 2819 778 2861 241111]
798 2830 836 2851 ιη
856 2820 887 2851 b.
1061 2823 1121 2850 tua
1141 2820 1172 2851 b.
1333 2818 1374 2851 25
1394 2818 1481 2859 quod
1502 2818 1534 2850 id
1552 2828 1573 2850 (ι
1594 2819 1624 2852 b.

282 2867 323 2900 ‘27
340 2868 380 2899 ab
401 2867 559 2910 Scipione
581 2869 610 2899 h.
