1835 3240
665 175 1090 217 ——247—

130 291 381 344 nauigatione
414 290 595 329 confecta
629 289 883 342 consequitur
912 302 994 329 eos.
1050 287 1165 341 Quod
1194 289 1375 343 imparati
1407 305 1429 330 a
1456 290 1616 335 Carteia

129 359 293 414 profecti
314 358 399 398 sine
422 372 523 411 aqua
545 357 736 406 fuissent,
770 357 817 397 ad
840 364 986 397 terram
1019 357 1228 412 applicant.
1272 356 1375 397 Dum
1405 368 1612 411 aquantur,

129 426 268 467 Didius
299 427 425 467 classe
457 424 653 474 occurrit,
697 438 821 465 naues
852 426 1052 475 incendit,
1084 426 1293 466 nonnullas
1323 424 1455 478 capit'.
1498 424 1616 467 Initio

130 495 265 534 horum
288 494 499 534 uerborum
523 506 649 546 neque
671 494 890 533 orationem
913 494 1062 534 exitum
1087 494 1283 543 inuenire,
1308 506 1432 546 neque
1457 506 1618 534 accusa-

128 562 252 601 tiuum
278 559 449 601 ‘Gadis'
472 560 565 601 ferri
588 573 704 613 posse
726 561 971 614 perspicuum
995 568 1070 600 est.
1114 559 1246 601 Priori
1274 561 1331 601 rei
1355 561 1516 614 egregie
1537 574 1619 601 me-

128 629 242 669 detur
265 627 495 682 Glandorpii
518 629 768 677 coniectura,
803 629 866 680 qui
889 628 1142 681 transpositis
1165 629 1297 668 uerbis
1333 629 1405 669 ‘ad
1428 642 1542 682 quem
1565 629 1619 668 si-

130 697 228 736 mul'
260 697 351 737 inde
386 696 673 748 ‘simuladque'
708 696 863 744 effecit,
902 696 1067 736 alterum
1089 696 1271 735 mendum
1295 696 1430 736 eadem
1462 696 1619 737 ratione

127 764 432 813 remouebimus,
459 771 501 804 ut
525 762 677 803 ‘Gadis'
701 771 791 803 ante
813 763 1005 803 inferiora
1030 763 1206 803 ‘nuntius
1229 764 1372 804 allatus
1396 764 1470 805 est'
1490 771 1619 804 trans·

129 834 314 873 feramus.
349 831 491 886 Neque
514 833 616 872 enim
639 831 735 872 satis
758 830 1013 884 probabiliter
1037 835 1047 854 ⁴
1062 829 1248 871 Gadibus'
1272 831 1392 871 scribi
1414 831 1617 882 existimo,

128 901 229 954 quod
245 899 487 954 Glandorpio
502 900 629 940 uisum
642 905 718 949 est,
733 899 949 939 inauditum
963 906 1092 939 autem
1106 899 1318 938 ablatiuum
1334 897 1483 949 ‘Gadi'‚
1500 899 1619 952 quiin

128 968 263 1008 codice
275 967 520 1009 Noruieensi
531 968 691 1021 legitur,
715 968 812 1008 satis
825 967 1119 1007 inconsiderate
1132 981 1152 1007 a
1164 964 1408 1007 Schneidero
1418 973 1619 1020 receptum

127 1035 316 1075 arbitror.
360 1034 513 1076 Deinde
542 1036 583 1076 in
616 1034 711 1075 Par.
736 1050 817 1076 sec.
844 1043 883 1075 et
909 1033 1026 1075 Leid.
1052 1049 1112 1088 pr.
1139 1035 1324 1088 scriptum
1359 1041 1415 1074 est
1455 1035 1620 1088 ‘partim

129 1102 577 1157 pedihusetequitatus',
603 1110 642 1144 et
666 1103 855 1157 ‘pedibus'
878 1104 971 1143 item
994 1104 1034 1143 in
1057 1103 1238 1143 omnibus
1263 1104 1344 1143 fere
1358 1103 1619 1143 deterioribus

129 1170 240 1210 codd.
266 1172 424 1223 legitur.
458 1171 676 1225 Aptissime
698 1179 844 1221 autem,
870 1186 958 1212 cum
979 1170 1120 1211 Didius
1143 1169 1511 1223 classePompcium
1535 1184 1621 1224 per-

128 1246 376 1290 sequeretur,
400 1239 731 1293 reliquipedibus,
748 1239 820 1279 hoc
831 1246 892 1279 est
911 1240 1090 1279 terrestri
1111 1239 1270 1286 itinere,
1299 1238 1463 1292 profecti
1485 1239 1623 1278 dicun-

130 1313 205 1346 tur.
242 1304 322 1346 Sed
344 1321 429 1346 cum
453 1307 624 1360 scriptor
644 1321 728 1355 eos,
754 1307 994 1360 quipedibus
1016 1307 1093 1348 iter
1116 1307 1326 1356 faciebant,
1352 1321 1373 1346 a
1396 1306 1622 1360 nauiganti-

129 1374 200 1413 bus
224 1375 481 1424 discerneret,
508 1389 585 1414 non
608 1381 761 1427 poterat
783 1375 939 1414 eosdem
962 1375 1009 1414 ab
1033 1375 1229 1427 equitibus
1245 1388 1447 1428 separare,
1474 1374 1539 1427 qui
1555 1374 1622 1414 illa

131 1441 284 1481 ratione
308 1456 386 1480 non
409 1442 537 1481 minus
560 1442 720 1495 pedibus
753 1441 829 1481 iter
850 1442 1063 1482 faciebant.
1090 1440 1226 1495 Itaque
1250 1441 1368 1482 uerba
1392 1448 1448 1482 ‘ct
1470 1442 1619 1495 equita-

130 1509 203 1548 tus*
227 1522 247 1548 a
271 1509 458 1561 magistro
481 1509 632 1550 adiecta
654 1509 838 1559 indicaui,
863 1509 929 1564 qui
951 1509 1063 1550 initio
1086 1524 1171 1562 seq.
1190 1523 1275 1563 cap.
1291 1509 1453 1563 legisset
1468 1509 1621 1562 equites

129 1583 168 1614 et
190 1576 372 1616 cohortes
395 1578 442 1616 ad
464 1578 776 1630 persequendum
800 1577 940 1617 missas
964 1590 1079 1627 esse,
1114 1591 1239 1629 neque
1255 1608 1265 1626 ,
1298 1577 1620 1630 quemadmodum

128 1643 288 1695 pedibus
318 1644 396 1684 iter
417 1645 503 1684 fieri
538 1645 751 1692 diceretur,
790 1652 957 1684 teneret.
1001 1644 1193 1684 Proxima
1215 1644 1335 1685 uerba
1359 1644 1398 1684 in
1423 1643 1516 1684 Par.
1535 1658 1618 1685 sec.

129 1708 237 1751 Scal.
262 1709 378 1751 Leid.
403 1726 462 1765 pr.
488 1726 567 1752 sec.
594 1712 650 1752 sic
672 1713 818 1766 scripta
842 1719 955 1752 sunt:
990 1712 1100 1752 ‘item
1123 1720 1261 1765 quarto
1284 1713 1346 1753 dic
1370 1712 1623 1766 nauigatione

128 1780 333 1819 confestim
356 1779 675 1833 consequentes‘.
720 1779 795 1820 Hic
828 1794 982 1833 quoque
1012 1780 1159 1821 duabus
1182 1781 1344 1821 uocibus
1370 1780 1623 1834 tianspositis

128 1854 168 1886 et
188 1861 265 1886 una
286 1847 430 1886 leniter
451 1855 631 1888 correcta
656 1855 775 1889 totum
798 1848 926 1888 locum
958 1849 1012 1889 ita
1036 1849 1303 1889 conformaui:
1332 1853 1342 1872 ⁴
1357 1847 1499 1889 Didius
1515 1879 1525 1896 ‚
1558 1850 1623 1902 qui

129 1915 244 1956 classi
266 1915 526 1968 praefuisset,
553 1917 787 1970 simulatque
811 1915 935 1957 Gadis
958 1917 1116 1957 nuntius
1139 1917 1281 1957 allatus
1304 1923 1388 1968 est,
1415 1917 1622 1957 confestim

129 1983 238 2036 sequi
260 1983 409 2037 coepit3
434 1983 571 2037 partim
596 1985 757 2037 pedibus
780 1986 827 2026 ad
850 1985 1165 2039 persequendum
1187 1986 1372 2026 celeriter
1399 1985 1476 2026 iter
1502 1986 1624 2026 facie-

128 2051 222 2091 bant
242 2051 335 2092 item
357 2051 564 2091 confestim
588 2060 892 2106 consequentes.
939 2052 1092 2106 Quarto
1115 2055 1176 2094 die
1200 2053 1489 2108 nauigationiS,
1521 2054 1624 2107 quod

127 2117 308 2171 imparati
331 2116 528 2160 aCarteia
543 2122 708 2173 profecti
730 2122 817 2162 sine
840 2136 939 2175 aqua
962 2122 1144 2172 fuissent,
1170 2122 1218 2162 ad
1240 2129 1385 2162 terram
1408 2122 1620 2176 applicant.

129 2184 230 2225 Dum
252 2193 460 2240 aquantur,
484 2186 626 2230 Didius
650 2191 778 2231 classe
802 2191 997 2241 occurrit,
1035 2204 1158 2232 naues
1180 2190 1380 2240 incendit,
1417 2190 1623 2231 nonnullas

130 2253 259 2308 capit'.

239 2321 307 2363 Ex
329 2323 402 2364 hoc
424 2325 574 2378 proelio
599 2339 684 2365 cum
716 2323 793 2366 Cn.
817 2324 1030 2380 Pompeius
1054 2341 1141 2367 cum
1164 2326 1298 2381 paucis
1321 2327 1563 2381 profugisset
1585 2334 1625 2367 et

131 2388 255 2430 locum
279 2398 420 2431 natura
442 2393 633 2433 munitum
646 2402 893 2448 occupasset,
915 2392 1168 2445 Caesariani,
1193 2395 1258 2448 qui
1280 2395 1461 2435 terrestri
1479 2395 1623 2436 itinere

130 2456 205 2497 iter
225 2459 436 2510 faciebant,
462 2461 509 2501 de
531 2475 577 2501 ea
598 2475 642 2502 re
665 2463 859 2503 certiores
881 2463 975 2503 facti
998 2463 1101 2503 diem
1123 2470 1163 2504 et
1183 2470 1337 2504 noctem
1354 2464 1433 2503 iter
1454 2463 1621 2503 faciunt.

132 2520 211 2564 Iam
233 2527 481 2581 excipiebant
504 2529 600 2569 haec
619 2544 655 2570 c.
681 2529 749 2580 38,
774 2530 824 2570 2:
860 2529 1088 2585 ‘Pompeius
1103 2531 1264 2572 humero
1277 2531 1489 2572 etsinistro
1510 2544 1624 2571 crure

135 2592 386 2636 uehementer
406 2605 492 2637 erat
512 2598 687 2638 saucius.
731 2597 821 2638 Huc
843 2600 1071 2649 accedebat,
1096 2607 1140 2639 ut
1160 2600 1278 2640 etiam
1300 2600 1421 2640 talum
1441 2598 1624 2639 intorsis-

136 2666 221 2709 set,
255 2676 351 2714 quae
372 2678 436 2705 res
467 2666 640 2707 maxime
670 2667 920 2721 impediebat,
962 2666 1024 2708 Ita
1044 2667 1184 2708 lectica
1204 2682 1226 2708 a
1248 2674 1358 2708 turre
1373 2698 1383 2718 ‚
1422 2681 1496 2720 qua
1518 2674 1625 2707 esset

139 2728 279 2769 allatus
295 2759 306 2781 ,
335 2731 375 2771 in
407 2746 454 2773 ea
474 2734 704 2775 ferebatur&
747 2733 898 2777 Verum
920 2750 943 2776 a
964 2750 1042 2789 qna
1064 2743 1174 2777 turre
1194 2734 1407 2789 Pompeius
1429 2736 1533 2775 latus
1554 2734 1620 2783 sit,

139 2795 244 2835 nulla
264 2798 418 2839 ratione
438 2801 615 2856 intellegi
636 2810 782 2857 potest.
824 2803 968 2857 Neque
991 2817 1077 2844 eum
1100 2803 1176 2845 iter
1199 2803 1411 2844 facientem
1432 2817 1455 2842 a
1477 2799 1624 2842 Caesa-

137 2862 261 2904 rianis
283 2864 565 2918 deprehensum
593 2883 683 2912 esse
698 2902 708 2921 ,
743 2872 811 2913 sed
841 2872 882 2912 in
905 2873 991 2925 ipso
1012 2872 1079 2913 illo
1102 2871 1253 2913 munito
1277 2871 1363 2912 loco
1385 2876 1622 2920 morantem,
