1835 3240
61 938 101 971 10

66 1277 102 1310 15

63 1617 105 1652 20

663 201 850 245 CAPVT
873 200 928 244 35
941 226 994 232 —
1007 200 1078 243 38.
1607 203 1691 246 739

131 320 209 360 tani
232 317 387 372 Hispali
409 331 583 372 pugnare
606 317 712 357 nullo
735 323 910 370 tempore
931 313 1188 355 desistebant.
1224 312 1338 367 Quod
1355 313 1507 357 Caesar
1529 331 1614 357 cum
1637 316 1664 357 2

133 387 482 435 animaduerteret,
508 386 541 426 si
563 385 743 439 oppidum
766 397 907 437 capere
924 383 1195 433 contenderet,
1219 389 1263 422 ut
1283 381 1459 424 homines
1477 385 1617 438 perditi

132 454 390 495 incenderent
413 461 452 494 et
473 454 627 494 moenia
649 453 849 501 delerent,
882 452 937 491 ita
969 451 1134 492 consilio
1167 450 1298 491 habito
1322 458 1441 491 noctu
1473 453 1618 504 patitur

132 521 348 563 Lusitanos
372 522 615 576 eruptionem
639 521 794 569 facere,
829 519 865 558 id
888 520 988 572 quod
1012 520 1191 560 consulto
1223 533 1302 559 non
1335 519 1620 560 existimabant

136 591 236 631 fieri.
282 589 339 630 lta
361 589 598 642 erumpendo
621 588 755 637 nauis,
789 601 886 640 quae
919 588 965 627 ad
988 585 1142 627 Baetim
1165 587 1311 628 [lumen
1332 587 1523 637 fuissent,
1562 587 1619 627 in·
1641 587 1666 628 3

135 659 319 698 cendunt.
363 656 528 706 Nostri,
555 657 642 696 dum
666 654 850 695 incendio
873 654 1100 695 detinentur
1124 685 1281 694 ......
1306 654 1360 695 illi
1393 655 1621 709 profugiunt

135 734 175 767 et
196 726 242 766 ab
265 725 460 779 equitibus
483 725 753 764 conciduntur.
797 720 886 775 Quo
919 724 1023 763 facto
1054 724 1193 777 oppido
1225 730 1456 778 recuperato
1479 723 1619 763 Astam
1641 723 1668 763 4

133 795 209 834 iter
237 795 366 834 facere
388 793 537 847 coepit,
573 807 626 833 ex
649 806 723 845 qua
745 791 902 831 ciuitate
924 791 1041 844 legati
1066 792 1112 831 ad
1137 792 1373 832 deditionem
1405 798 1617 832 uenerunt.

134 861 457 915 Mundensesque
473 893 483 912 ,
519 861 582 915 qui
613 875 663 901 ex
686 860 833 915 proelio
861 860 900 899 in
924 859 1101 913 oppidum
1126 861 1402 913 confugerant,
1427 874 1514 900 cum
1537 860 1622 900 diu-

133 931 210 971 tius
233 930 623 980 circumsiderentur,
647 930 747 970 bene
764 929 873 969 multi
889 927 1123 968 deditionem
1139 928 1301 976 faciunt,
1328 935 1366 968 et
1385 943 1469 968 cum
1488 934 1624 969 essent

134 1000 172 1039 in
196 999 389 1052 legionem
414 998 635 1048 distributi,
672 998 884 1038 coniurant
905 996 1008 1036 inter
1028 1009 1151 1045 sese,
1175 1002 1216 1034 ut
1238 1003 1354 1036 noctu
1377 996 1489 1049 signo
1513 997 1618 1046 dato,

135 1066 197 1120 qui
221 1066 259 1105 in
282 1066 420 1119 oppido
445 1065 635 1113 fuissent,
670 1066 914 1119 eruptionem
940 1065 1130 1111 facerent,
1155 1064 1211 1104 illi
1235 1065 1395 1104 caedem
1419 1065 1457 1104 in
1481 1067 1623 1106 castris

136 1133 476 1174 administrarent.
512 1132 596 1173 Hac
618 1147 661 1173 re
685 1133 842 1186 cognita
864 1133 1087 1186 insequenti
1111 1138 1228 1172 nocte
1250 1131 1385 1185 uigilia
1408 1133 1526 1172 tertia
1546 1140 1623 1174 tes·
1645 1132 1669 1173 5

137 1216 227 1242 sera
250 1202 338 1242 data
361 1209 475 1242 extra
499 1202 640 1241 uallum
660 1216 794 1242 omnes
812 1209 905 1242 sunt
923 1200 1086 1241 concisi.
1123 1198 1395 1250 Carteienses,
1419 1201 1506 1242 dum
1522 1198 1624 1241 Cae·
1645 1200 1700 1246 37

135 1283 202 1310 sar
222 1270 261 1310 in
285 1269 427 1310 itinere
450 1270 596 1323 reliqua
621 1270 758 1324 oppida
782 1277 1001 1324 oppugnat,
1036 1276 1196 1323 propter
1215 1267 1445 1323 Pompeium
1474 1269 1625 1310 dissen-

138 1338 214 1378 tire
245 1345 476 1392 eoeperunt.
519 1336 620 1378 Pars
654 1345 766 1388 erat,
805 1352 904 1391 quae
934 1339 1084 1391 legatos
1116 1338 1164 1378 ad
1196 1335 1413 1378 Caesarem
1443 1337 1622 1388 miserat,

141 1420 231 1460 pars
254 1413 362 1456 erat,
396 1406 458 1459 qui
482 1404 809 1460 Pompeianarum
834 1406 999 1461 partium
1023 1407 1198 1446 fautores
1221 1413 1370 1446 essent.
1419 1403 1626 1447 Seditione
1648 1407 1674 1447 2

142 1473 338 1514 concitata
370 1481 502 1528 portas
535 1481 753 1529 occupant,
789 1475 930 1515 caedes
963 1476 1005 1514 lit
1035 1488 1200 1528 magna3
1236 1473 1394 1514 saucius
1416 1472 1627 1528 Pompeius

141 1557 264 1583 naues
280 1550 347 1583 m<
369 1550 532 1597 occupat
548 1542 684 1597 longas
701 1549 740 1583 et
762 1544 946 1597 profugit.
980 1541 1137 1593 Didius,
1164 1542 1226 1596 qui
1243 1542 1357 1582 classi
1373 1542 1624 1596 praefuisset,

137 1610 379 1664 simuladque
402 1610 524 1652 Gadis
547 1612 706 1652 nuntius
730 1611 870 1652 allatus
893 1618 969 1661 est,
995 1611 1202 1652 confestim
1224 1612 1335 1664 sequi
1359 1611 1514 1665 coepit3
1539 1625 1629 1664 par-

141 1679 208 1719 tim
241 1679 400 1733 pedibus
437 1680 498 1733 [ct
529 1680 742 1734 equitatus]
767 1681 814 1720 ad
847 1679 1157 1734 persequendum
1190 1679 1375 1720 celeriter
1404 1680 1481 1720 iter
1510 1679 1629 1720 facie-

139 1748 234 1789 bant
254 1748 345 1787 item
368 1747 574 1787 confestim
598 1756 902 1802 consequentes.
939 1745 1091 1800 Quarto
1115 1749 1175 1788 die
1198 1748 1465 1802 nauigationis
1481 1778 1491 1797 ,
1526 1747 1628 1803 quod
1650 1746 1675 1788 3

140 1816 320 1871 imparati
343 1831 364 1856 a
379 1814 540 1857 Carteia
560 1817 723 1870 profecti
742 1817 827 1857 sine
844 1832 944 1871 aqua
967 1817 1148 1866 fuissent,
1175 1817 1222 1857 ad
1245 1824 1390 1857 terram
1412 1816 1626 1871 applicant.

141 1883 243 1925 Dum
266 1892 483 1938 aquantur,
508 1883 649 1926 Didius
674 1886 799 1926 classe
823 1885 1018 1936 accurrit,
1045 1900 1166 1926 naues
1190 1886 1388 1933 incendit,
1420 1885 1628 1925 nonnullas

141 1952 258 2007 capit.
302 1952 514 2007 Pompeius
546 1967 632 1993 cum
665 1954 797 2008 paucis
820 1955 989 2008 profugit
1011 1962 1051 1994 et
1072 1955 1199 1994 locum
1223 1954 1414 2006 quendam
1438 1953 1627 1993 munitum
1648 1952 1705 1997 38

143 2027 287 2061 natura
308 2029 486 2075 occupat.
513 2020 679 2074 Equites
698 2029 736 2061 et
754 2022 952 2072 cobortes,
970 2037 1067 2076 quae
1090 2023 1136 2063 ad
1157 2021 1468 2076 persequendum
1486 2021 1630 2062 missae

145 2096 302 2139 essent,
337 2089 647 2143 speculatoribus
681 2090 905 2130 antemissis
929 2091 1119 2131 certiores
1143 2091 1262 2131 fiunt:
1290 2090 1389 2130 diem
1414 2096 1451 2129 et
1474 2095 1630 2130 noctem

291 2181 450 2224 ‘lHispali
469 2192 617 2224 pugnare
634 2180 816 2224 (a)4dett.
831 2195 841 2222 ;
854 2181 983 2224 Hispali
996 2192 1191 2224 oppugnare
1207 2182 1236 2222 b,
1254 2182 1417 2224 Hispalim
1436 2190 1631 2224 oppugnare

145 2231 289 2273 reliqui.
436 2232 455 2265 3
475 2232 585 2264 menia
605 2243 639 2264 α.
781 2235 798 2264 5
820 2234 1026 2275 erumpendo
1048 2234 1077 2273 b,
1099 2233 1320 2275 inrumpe-ndo
1339 2233 1486 2274 reliqui.

146 2284 243 2314 nauis
262 2294 296 2315 α.
437 2283 545 2315 Betim
564 2294 598 2315 α.
741 2284 759 2316 6
773 2284 936 2315 lacunam
953 2294 1016 2326 ego
1033 2287 1171 2316 ηοΙαιιί,
1185 2285 1224 2316 P.
1236 2285 1314 2316 246.
1458 2284 1475 2316 7
1490 2283 1631 2314 Hastam

145 2347 166 2368 α
187 2336 296 2368 ‘mm’
450 2337 470 2368 8
490 2336 626 2367 interim
645 2346 665 2367 α
686 2336 718 2367 b.
875 2336 892 2368 9
913 2335 1185 2377 Mundensosque
1203 2346 1235 2366 a.
1393 2335 1449 2377 qui
1469 2345 1538 2366 om.
1559 2345 1579 2366 a
1599 2334 1631 2366 b.

293 2389 331 2422 10
350 2389 685 2420 cireumsederentur
702 2399 722 2420 α
743 2389 771 2419 b.
951 2388 983 2420 ll
1006 2398 1083 2419 sese
1103 2399 1123 2419 a
1144 2398 1234 2418 ιιηιιε
1254 2387 1325 2418 det.
1348 2387 1423 2418 edd.
1447 2390 1530 2418 ante
1547 2386 1630 2418 Ald.

149 2451 240 2481 nep„
261 2452 297 2473 se
312 2442 425 2474 Aldus
439 2452 518 2483 nep.
539 2452 573 2472 ιι.
717 2441 757 2473 13
772 2445 903 2471 tessara
921 2441 952 2472 b.
1101 2439 1434 2472 liCartecienenses
1453 2448 1488 2469 α.

150 2491 226 2522 dum
237 2491 494 2532 Noruz'eensz'55
516 2492 618 2523 duces
637 2502 670 2531 α,
685 2492 789 2522 duces
809 2491 885 2521 dum
906 2491 923 2522 Ι)
942 2491 961 2522 2
977 2490 1066 2522 dett.
1212 2490 1248 2523 17
1267 2495 1341 2521 erat
1360 2500 1429 2521 om.
1450 2499 1542 2520 unas
1560 2489 1630 2521 det.

148 2553 184 2574 n.
322 2544 378 2586 qui
397 2545 470 2585 (a),·
491 2554 576 2586 quae
598 2544 615 2575 b
635 2547 682 2584 et,
706 2546 746 2574 ut
764 2542 920 2582 uidetur,
941 2544 1050 2573 ceteri
1069 2542 1163 2572 boni.
1308 2542 1348 2574 18
1367 2546 1482 2584 portas
1503 2541 1635 2573 Vasco-

149 2606 277 2636 sanns,
300 2602 413 2638 partes
433 2597 535 2629 codd.
747 2596 783 2627 10
804 2595 909 2626 classi
929 2594 1138 2637 praefuisset
1156 2593 1370 2635 siinuladque
1394 2592 1498 2625 Gadis
1520 2603 1582 2634 ego
1601 2595 1637 2624 et

153 2649 404 2690 Glandot‘pius,
422 2649 525 2681 Gadis
544 2649 647 2681 classi
669 2648 877 2690 praefuisset
895 2648 936 2678 ad
957 2657 1054 2689 quem
1074 2647 1174 2678 simul
1192 2645 1293 2677 codd.
1308 2645 1426 2686 (Cadis
1446 2644 1567 2675 classis
1579 2643 1631 2685 a).

153 2701 192 2731 Ι).
214 2700 278 2732 246
298 2703 393 2732 eoetr.
533 2700 730 2742 21pedibus
749 2710 769 2731 α
790 2700 819 2739 b,
841 2699 1014 2741 peditatus
1033 2709 1125 2729 unus
1145 2697 1217 2729 det.
1239 2707 1274 2728 u.
1411 2700 1445 2726 et
1463 2694 1636 2735 equitatus

152 2761 215 2792 ego
236 2750 380 2782 inclusi.
555 2752 598 2785 22
618 2751 797 2783 confestim
818 2755 1064 2792 consequentes
1085 2754 1205 2792 quarto
1225 2749 1279 2781 die
1299 2745 1530 2787 nauigationis
1550 2755 1634 2787 ego,-

151 2808 271 2846 quarto
293 2804 346 2835 die
367 2802 586 2844 nauigatione
604 2802 784 2835 confestim
804 2806 1055 2844 consequentes
1074 2812 1094 2833 a
1115 2803 1132 2833 b
1152 2812 1182 2833 c.
1341 2799 1383 2832 23
1404 2797 1541 2829 Cratela
1561 2808 1636 2840 pro-

154 2855 256 2887 fectis
276 2855 306 2886 in
327 2865 366 2886 ea
385 2865 449 2897 qua
469 2865 503 2887 α.
652 2855 694 2886 ad
713 2859 839 2886 terrain
858 2864 927 2885 om.
950 2854 967 2884 b
986 2861 1048 2893 (an
1067 2857 1104 2885 et
1119 2854 1206 2884 haec
1225 2854 1259 2882 et
1276 2849 1450 2892 applicant
1462 2850 1495 2891 ?)

150 2908 194 2942 24
213 2907 317 2940 classi
338 2907 368 2938 b.
510 2907 661 2939 accurrit
677 2917 698 2938 α
719 2907 748 2947 b,
771 2906 921 2938 occurrit
939 2916 973 2937 u.
1114 2906 1157 2938 25
1176 2904 1270 2936 missi
1289 2907 1408 2935 essent
1424 2913 1457 2934 a.

1323 2962 1407 3003 47*
