1835 3240
691 159 1116 201 —223—

161 274 347 318 decreuit'
382 273 639 328 praemissum
662 272 852 328 Iosephus
876 271 1057 326 Scaliger
1087 271 1292 312 delendum
1325 273 1638 325 significauerat:

160 358 271 397 quem
293 342 584 396 reprehendunt
608 348 645 381 et
668 341 964 395 indignabundi,
991 355 1062 381 cur
1082 340 1118 380 id
1144 341 1532 393 fecerit,1²cquirunt.
1557 342 1642 384 Sci—

157 412 249 452 licet
269 410 427 450 uidebat
448 410 512 450 ille
535 409 700 449 relatiuo
723 409 852 463 posito
874 409 1113 449 sententiam
1133 408 1179 448 ad
1196 409 1323 449 solum
1337 406 1562 462 Scipionem
1580 424 1642 450 re-

157 479 270 527 ferri,
288 477 492 531 participio
518 477 781 517 ‘bellantibus'
804 477 957 517 adiecto
980 476 1025 515 ad
1050 489 1201 526 omnes,
1216 475 1444 529 quicumque
1462 490 1641 529 umquam

155 546 298 586 bellum
321 553 523 599 gererent.
557 544 636 586 Sed
660 544 826 585 relatiuo
849 544 1002 584 sublato
1025 544 1252 583 coniunctio
1275 544 1412 583 horum
1436 544 1642 585 uerborum

158 627 243 653 cum
267 614 535 667 superioribus
558 612 721 653 tollitur.
747 611 883 665 Itaque
906 612 1033 665 potius
1050 610 1315 651 ‘bellantibus'
1340 611 1543 651 delendum
1566 620 1641 652 est.

158 680 357 732 Magistro
380 681 480 721 enini
505 680 782 721 declarandum
808 680 1039 728 uidebatur,
1065 679 1125 719 cui
1149 680 1346 733 proprium
1370 680 1553 732 gaudium
1576 681 1645 721 tri-

157 749 290 789 butum
315 764 392 789 non
415 757 533 789 essct.
558 746 603 788 In
625 748 882 801 sequentibus
905 746 1037 787 uerbis
1062 746 1180 787 haec:
1200 747 1644 801 ‘frumentigratia'non

157 817 344 871 leguntur
365 817 440 857 nisi
462 817 502 857 in
524 830 602 856 uno
625 822 665 856 et
686 815 810 856 altero
834 815 1073 856 deteriorum
1094 815 1206 854 codd.
1221 821 1261 855 et
1287 829 1335 855 ne
1352 816 1391 856 in
1416 816 1474 856 his
1490 816 1643 869 quidem

157 887 244 926 sine
277 884 556 939 discrepantia.
599 883 672 925 His
702 884 838 925 deletis
871 882 1021 935 reliqua
1044 880 1230 923 Clarkius
1262 883 1359 923 uidit
1380 884 1419 923 in
1442 883 1645 925 Vossiano

158 955 293 994 codice
316 960 425 993 recte
445 953 499 993 ita
517 954 761 993 conformata
780 965 890 992 esse:
910 955 1094 1004 ‘namque
1109 948 1356 992 Caesareum
1373 959 1521 1006 partem
1536 953 1643 1006 equi-

158 1028 264 1061 tatus
287 1019 516 1075 suiLeptim
539 1021 728 1070 misisset,
745 1020 786 1060 in
807 1018 962 1060 itinere'
985 1026 1079 1060 cett.
1115 1017 1227 1072 Quae
1243 1020 1473 1069 edebantur,
1490 1034 1644 1060 nonso-

157 1089 233 1129 lum
254 1089 478 1139 durissima,
499 1088 566 1129 sed
587 1102 636 1129 ne
649 1102 744 1128 sana
760 1088 912 1141 quidem
934 1095 1062 1128 erant.
1081 1086 1314 1138 Cunienim,
1337 1089 1425 1142 quid
1437 1103 1523 1128 cum
1536 1095 1645 1141 parte

158 1158 355 1211 equitatus
377 1157 539 1197 missum
564 1163 686 1207 esset,
702 1170 817 1196 nemo
837 1157 921 1210 ipse
943 1156 1176 1209 intellegere
1199 1162 1349 1210 posset,
1365 1155 1400 1194 id
1416 1156 1646 1196 necessario

159 1225 433 1266 declarandum
449 1233 549 1274 erat,
567 1225 659 1264 item
683 1225 887 1279 participio
904 1224 1061 1266 ‘adorti'
1075 1225 1293 1265 subiectum
1309 1230 1394 1264 erat
1407 1224 1642 1264 addendum.

271 1291 428 1332 Initium
451 1307 486 1333 c.
504 1292 557 1333 63
580 1292 637 1334 sic
661 1292 786 1333 edidi:
816 1290 988 1333 ‘Caesar
1009 1293 1165 1332 interim
1190 1293 1373 1333 celeriter
1395 1306 1465 1346 per
1487 1293 1646 1333 nuntios

159 1361 200 1401 in
234 1360 376 1400 castris
393 1391 403 1410 ,
436 1375 520 1400 cum
544 1374 663 1414 opera
685 1360 938 1410 circumiret,
971 1360 1120 1400 certior
1142 1361 1266 1401 factus
1282 1392 1292 1411 ,
1319 1375 1418 1413 quae
1440 1360 1605 1400 aberant
1626 1374 1648 1399 a

159 1436 275 1483 portu
298 1428 401 1467 milia
424 1442 607 1481 passuum
630 1442 720 1478 sex,
745 1442 845 1481 equo
868 1428 1039 1468 admisso
1062 1428 1218 1468 omissis
1242 1429 1420 1468 omnibus
1442 1428 1560 1468 rebus
1584 1442 1648 1468 ce—

156 1497 296 1537 leriter
317 1497 499 1550 peruenit
520 1494 678 1549 Leptim
698 1496 830 1550 ibique
852 1495 1047 1546 hortatur,
1073 1510 1209 1536 omnes
1231 1503 1273 1536 ut
1295 1510 1339 1536 se
1361 1510 1484 1537 naues
1508 1510 1647 1537 conse-

157 1570 398 1617 querentur3
425 1564 595 1617 [postea]
621 1564 704 1616 ipse
726 1564 930 1616 paruulum
948 1564 1189 1616 nauigiolum
1208 1565 1453 1614 conscendit,
1469 1564 1510 1603 in
1529 1578 1648 1605 cursu

156 1631 339 1684 Aquilam
362 1631 609 1671 multitudine
632 1631 788 1671 nauium
813 1631 1063 1685 perterritum
1088 1638 1202 1685 atque
1226 1632 1485 1685 trepidantem
1508 1639 1647 1672 nactus

156 1698 327 1741 hostium
351 1699 515 1738 classem
541 1699 652 1753 sequi
674 1699 832 1753 coepit'.
858 1698 934 1739 Hie
957 1699 1002 1739 de
1024 1700 1187 1753 reliquis
1210 1700 1327 1739 rebus
1351 1715 1429 1740 non
1453 1706 1528 1749 est,
1545 1700 1648 1752 quod

157 1767 332 1807 dicatur:
366 1781 435 1821 pro
464 1767 541 1807 illis
567 1773 721 1821 ‘postea
750 1767 865 1821 ipse',
891 1782 990 1822 quae
1020 1768 1207 1822 leguntur
1234 1768 1275 1808 in
1298 1767 1391 1809 Par.
1418 1782 1499 1808 sec.
1526 1766 1645 1809 Leid.

156 1850 215 1891 pr.
242 1833 369 1883 Scal.,
393 1835 574 1888 ‘primum
596 1835 693 1889 ipse'
717 1835 861 1885 editur,
883 1836 961 1886 eui,
978 1835 1068 1889 quid
1092 1836 1276 1890 deinceps
1298 1838 1552 1890 respondeat,
1570 1851 1649 1877 non

158 1903 290 1943 uideo.
320 1901 496 1943 ‘Postea'
520 1910 651 1944 autem
674 1918 822 1944 moram
849 1910 889 1944 et
908 1905 1197 1945 cunctationem
1217 1904 1338 1944 infert
1355 1919 1377 1944 a
1394 1904 1647 1947 festinatione

159 1968 348 2011 Caesaris
370 1970 665 2012 alienissimam.
700 1970 838 2025 Itaque
862 1972 935 2012 hoc
957 1972 1162 2013 delendum
1186 1972 1423 2026 significaui.

272 2037 319 2079 C.
343 2037 398 2079 6ss
419 2039 474 2079 in.
502 2040 596 2080 haec
618 2040 658 2080 in
681 2041 795 2081 codd.
814 2040 1021 2096 leguntur:
1050 2037 1222 2080 ‘Caesar
1243 2041 1399 2081 interim
1423 2041 1469 2082 de
1492 2041 1648 2082 insidiis

155 2104 326 2147 Labieni
349 2121 400 2147 ex
423 2108 598 2161 perfugis
622 2109 766 2149 certior
785 2110 910 2149 factus
929 2123 1075 2162 paucos
1094 2110 1176 2150 dies
1196 2109 1249 2149 ibi
1263 2117 1542 2158 commoratus,
1559 2111 1648 2151 dum

156 2175 291 2216 hostes
316 2177 513 2218 cotidiano
536 2178 715 2219 instituto
738 2192 856 2232 saepe
878 2177 978 2218 idem
1003 2177 1182 2217 faciendo
1206 2178 1246 2217 in
1269 2178 1560 2231 neglegentiam
1582 2179 1650 2219 ad-

157 2244 409 2294 ducerentur,
432 2245 560 2286 subito
583 2261 698 2287 mane
718 2247 886 2301 imperat
907 2253 1020 2300 porta
1043 2246 1259 2286 decumana
1282 2245 1459 2300 legiones
1482 2260 1525 2287 se
1547 2245 1650 2289 VIII

157 2318 371 2353 ueteranas
387 2328 473 2354 cum
487 2322 598 2369 parte
613 2314 809 2368 equitatus
821 2314 932 2368 sequi
947 2321 1063 2367 atque
1076 2313 1270 2367 equitibus
1282 2314 1511 2368 praemissis
1524 2328 1649 2368 neque

158 2380 365 2434 opinantes
396 2383 653 2424 insidiatores
675 2382 805 2423 subito
827 2383 866 2422 in
889 2382 1133 2422 conuallibus
1155 2381 1326 2423 latentes
1348 2382 1425 2423 leui
1449 2390 1650 2424 armatura

159 2449 329 2490 concidit
352 2451 512 2491 circiter
523 2449 576 2501 D,
591 2450 764 2504 reliquos
778 2451 817 2491 in
838 2451 967 2505 sugam
989 2451 1255 2505 turpissimam
1269 2452 1465 2492 coniecit'.
1495 2451 1649 2492 Nume-

159 2527 245 2555 rum
260 2516 357 2559 VIH
378 2519 576 2573 legionum
600 2527 878 2560 ueteranarum
899 2526 1050 2560 rectum
1073 2534 1152 2560 non
1172 2533 1276 2569 esse,
1292 2534 1409 2573 supra
1429 2534 1465 2574 p.
1479 2519 1563 2562 219
1585 2521 1650 2561 de-

161 2586 391 2626 monstraui.
408 2586 559 2628 Verum
573 2589 687 2642 paulo
699 2595 805 2637 ante,
821 2588 924 2641 quod
936 2585 1088 2628 Caesar
1102 2592 1263 2641 ‘paucos
1275 2588 1419 2628 diesibi
1433 2602 1649 2629 commora-

163 2649 239 2689 tus'
253 2652 408 2704 dieitur,
422 2669 610 2708 peruerse
627 2656 706 2696 ‘ibi'
717 2656 892 2710 ponitur,
908 2670 994 2696 cum
1008 2663 1154 2706 eastra,
1169 2670 1267 2710 quae
1280 2657 1363 2697 sola
1376 2656 1550 2710 intellegi
1563 2670 1650 2709 pos-

162 2724 269 2768 sunt,
293 2719 408 2775 longe
430 2731 562 2772 antea,
585 2738 619 2764 c.
636 2722 706 2774 65,
721 2723 764 2774 2,
782 2731 862 2764 tota
884 2724 1113 2765 insidiarum
1137 2724 1403 2765 declaratione
1425 2725 1647 2771 interiecta,

163 2797 533 2831 commemorentur.
557 2792 690 2845 Atque
712 2799 753 2832 ut
774 2792 847 2833 hoc
864 2793 1140 2847 neglegentiae
1154 2792 1360 2847 scriptoris
1374 2792 1646 2841 tribueremus,

163 2852 204 2893 in
235 2853 311 2894 illis
345 2857 484 2898 castris
516 2867 796 2901 commoratum
826 2874 916 2902 esse
938 2857 1154 2901 Caesarem
1184 2860 1239 2900 ita
1271 2860 1422 2900 demum
1454 2866 1561 2901 recte
1583 2859 1649 2900 de-
