<?xml version="1.0" encoding="UTF-8"?>
<!DOCTYPE html PUBLIC "-//W3C//DTD XHTML 1.0 Transitional//EN"
    "http://www.w3.org/TR/xhtml1/DTD/xhtml1-transitional.dtd">
<html xmlns="http://www.w3.org/1999/xhtml" xml:lang="en" lang="en">
 <head>
  <title>
</title>
<meta http-equiv="Content-Type" content="text/html;charset=utf-8" />
  <meta name='ocr-system' content='tesseract 3.04.00' />
  <meta name='ocr-capabilities' content='ocr_page ocr_carea ocr_par ocr_line ocrx_word'/>
</head>
<body>
  <div class='ocr_page' id='page_1' title='image "./commentarii00caesuoft_0796.png"; bbox 0 0 1835 3240; ppageno 0'>
   <div class='ocr_carea' id='block_1_1' title="bbox 95 185 1002 229">
    <p class='ocr_par' dir='ltr' id='par_1_1' title="bbox 95 185 1002 229">
     <span class='ocr_line' id='line_1_1' title="bbox 95 185 1002 229; baseline -0.001 0"><span class='ocrx_word' id='word_1_1' title='bbox 95 185 180 229; x_wconf 85' lang='grc'><strong>786</strong></span> <span class='ocrx_word' id='word_1_2' title='bbox 827 186 1002 228; x_wconf 85' lang='lat' dir='ltr'><strong>fflRTIt</strong></span> 
     </span>
    </p>
   </div>
   <div class='ocr_carea' id='block_1_2' title="bbox 707 358 1103 403">
    <p class='ocr_par' dir='ltr' id='par_1_2' title="bbox 707 358 1103 403">
     <span class='ocr_line' id='line_1_2' title="bbox 707 358 1103 403; baseline 0 0"><span class='ocrx_word' id='word_1_3' title='bbox 707 359 767 403; x_wconf 99' lang='lat' dir='ltr'><strong>A.</strong></span> <span class='ocrx_word' id='word_1_4' title='bbox 816 358 1103 403; x_wconf 88' lang='lat' dir='ltr'><strong>HIRTII</strong></span> 
     </span>
    </p>
   </div>
   <div class='ocr_carea' id='block_1_3' title="bbox 359 478 1451 549">
    <p class='ocr_par' dir='ltr' id='par_1_3' title="bbox 359 478 1451 549">
     <span class='ocr_line' id='line_1_3' title="bbox 359 478 1451 549; baseline 0 -1"><span class='ocrx_word' id='word_1_5' title='bbox 359 478 1451 549; x_wconf 89' lang='lat' dir='ltr'><strong>FRAGMENTA.</strong></span> 
     </span>
    </p>
   </div>
   <div class='ocr_carea' id='block_1_4' title="bbox 778 661 1050 670">
    <p class='ocr_par' dir='ltr' id='par_1_4' title="bbox 778 661 1050 670">
     <span class='ocr_line' id='line_1_4' title="bbox 778 661 1050 670; baseline 0 0"><span class='ocrx_word' id='word_1_6' title='bbox 778 661 1050 670; x_wconf 95' lang='lat' dir='ltr'><strong> </strong></span> 
     </span>
    </p>
   </div>
   <div class='ocr_carea' id='block_1_5' title="bbox 249 759 1560 816">
    <p class='ocr_par' dir='ltr' id='par_1_5' title="bbox 249 759 1560 816">
     <span class='ocr_line' id='line_1_5' title="bbox 249 759 1560 816; baseline 0.002 -14"><span class='ocrx_word' id='word_1_7' title='bbox 249 759 547 803; x_wconf 85' lang='lat' dir='ltr'><strong>ANTICATO</strong></span> <span class='ocrx_word' id='word_1_8' title='bbox 569 760 646 802; x_wconf 92' lang='lat' dir='ltr'><strong>AD</strong></span> <span class='ocrx_word' id='word_1_9' title='bbox 667 760 728 803; x_wconf 87' lang='lat' dir='ltr'><strong>M.</strong></span> <span class='ocrx_word' id='word_1_10' title='bbox 752 760 1014 804; x_wconf 89' lang='lat' dir='ltr'>TVLLIVM</span> <span class='ocrx_word' id='word_1_11' title='bbox 1035 759 1373 804; x_wconf 86' lang='lat' dir='ltr'>CICERONEM</span> <span class='ocrx_word' id='word_1_12' title='bbox 1397 764 1455 815; x_wconf 88' lang='lat' dir='ltr'><strong>(a.</strong></span> <span class='ocrx_word' id='word_1_13' title='bbox 1470 762 1560 816; x_wconf 84' lang='lat'><strong>45).</strong></span> 
     </span>
    </p>
   </div>
   <div class='ocr_carea' id='block_1_6' title="bbox 159 850 1717 1722">
    <p class='ocr_par' dir='ltr' id='par_1_6' title="bbox 159 850 1717 1722">
     <span class='ocr_line' id='line_1_6' title="bbox 281 850 1647 907; baseline 0.001 -14"><span class='ocrx_word' id='word_1_14' title='bbox 281 851 367 893; x_wconf 70' lang='lat' dir='ltr'><strong>Cic.</strong></span> <span class='ocrx_word' id='word_1_15' title='bbox 392 852 449 893; x_wconf 82' lang='lat' dir='ltr'><strong>ad</strong></span> <span class='ocrx_word' id='word_1_16' title='bbox 466 850 562 892; x_wconf 81' lang='lat' dir='ltr'><strong>Att.</strong></span> <span class='ocrx_word' id='word_1_17' title='bbox 586 853 694 903; x_wconf 86' lang='lat' dir='ltr'><strong>XII,</strong></span> <span class='ocrx_word' id='word_1_18' title='bbox 718 851 788 904; x_wconf 88' lang='lat'><strong>40,</strong></span> <span class='ocrx_word' id='word_1_19' title='bbox 815 852 863 894; x_wconf 74' lang='lat'><strong>1:</strong></span> <span class='ocrx_word' id='word_1_20' title='bbox 900 852 1037 907; x_wconf 81' lang='lat' dir='ltr'><strong>Qualis</strong></span> <span class='ocrx_word' id='word_1_21' title='bbox 1060 854 1192 893; x_wconf 83' lang='lat' dir='ltr'><strong>futura</strong></span> <span class='ocrx_word' id='word_1_22' title='bbox 1213 853 1265 894; x_wconf 88' lang='lat' dir='ltr'><strong>sit</strong></span> <span class='ocrx_word' id='word_1_23' title='bbox 1285 850 1472 894; x_wconf 81' lang='lat' dir='ltr'>Caesaris</span> <span class='ocrx_word' id='word_1_24' title='bbox 1496 854 1647 907; x_wconf 90' lang='lat' dir='ltr'><strong>uitupe-</strong></span> 
     </span>
     <span class='ocr_line' id='line_1_7' title="bbox 165 919 1644 977; baseline 0.001 -18"><span class='ocrx_word' id='word_1_25' title='bbox 165 919 266 960; x_wconf 91' lang='lat' dir='ltr'><strong>ratio</strong></span> <span class='ocrx_word' id='word_1_26' title='bbox 289 926 426 960; x_wconf 88' lang='lat' dir='ltr'><strong>contra</strong></span> <span class='ocrx_word' id='word_1_27' title='bbox 448 920 711 961; x_wconf 82' lang='lat' dir='ltr'>laudationem</span> <span class='ocrx_word' id='word_1_28' title='bbox 735 935 857 962; x_wconf 88' lang='lat' dir='ltr'><strong>meam</strong></span> <span class='ocrx_word' id='word_1_29' title='bbox 875 953 884 970; x_wconf 91' lang='lat'>‚</span> <span class='ocrx_word' id='word_1_30' title='bbox 910 921 1097 975; x_wconf 82' lang='lat' dir='ltr'>perspexi</span> <span class='ocrx_word' id='word_1_31' title='bbox 1119 935 1172 961; x_wconf 80' lang='lat' dir='ltr'><strong>ex</strong></span> <span class='ocrx_word' id='word_1_32' title='bbox 1193 934 1239 961; x_wconf 89' lang='lat' dir='ltr'><strong>eo</strong></span> <span class='ocrx_word' id='word_1_33' title='bbox 1261 921 1361 962; x_wconf 91' lang='lat' dir='ltr'><strong>libro</strong></span> <span class='ocrx_word' id='word_1_34' title='bbox 1377 953 1387 971; x_wconf 91' lang='lat'><strong>,</strong></span> <span class='ocrx_word' id='word_1_35' title='bbox 1413 935 1529 977; x_wconf 89' lang='lat' dir='ltr'><strong>quem</strong></span> <span class='ocrx_word' id='word_1_36' title='bbox 1550 921 1644 961; x_wconf 88' lang='lat' dir='ltr'><strong>Hir-</strong></span> 
     </span>
     <span class='ocr_line' id='line_1_8' title="bbox 163 986 1645 1043; baseline 0.001 -16"><span class='ocrx_word' id='word_1_37' title='bbox 163 987 241 1028; x_wconf 87' lang='lat' dir='ltr'><strong>tius</strong></span> <span class='ocrx_word' id='word_1_38' title='bbox 272 987 319 1027; x_wconf 86' lang='lat' dir='ltr'><strong>ad</strong></span> <span class='ocrx_word' id='word_1_39' title='bbox 347 1001 409 1028; x_wconf 90' lang='lat' dir='ltr'><strong>me</strong></span> <span class='ocrx_word' id='word_1_40' title='bbox 429 988 558 1037; x_wconf 89' lang='lat' dir='ltr'><strong>misit,</strong></span> <span class='ocrx_word' id='word_1_41' title='bbox 592 988 632 1028; x_wconf 91' lang='lat' dir='ltr'><strong>in</strong></span> <span class='ocrx_word' id='word_1_42' title='bbox 655 1003 728 1042; x_wconf 89' lang='lat' dir='ltr'><strong>quo</strong></span> <span class='ocrx_word' id='word_1_43' title='bbox 751 989 899 1043; x_wconf 82' lang='lat' dir='ltr'>colligit</span> <span class='ocrx_word' id='word_1_44' title='bbox 920 989 1016 1029; x_wconf 86' lang='lat' dir='ltr'><strong>uitia</strong></span> <span class='ocrx_word' id='word_1_45' title='bbox 1039 986 1204 1030; x_wconf 86' lang='lat' dir='ltr'><strong>Catonis</strong></span> <span class='ocrx_word' id='word_1_46' title='bbox 1219 1020 1229 1038; x_wconf 89' lang='lat'><strong>,</strong></span> <span class='ocrx_word' id='word_1_47' title='bbox 1265 991 1333 1030; x_wconf 92' lang='lat' dir='ltr'><strong>sed</strong></span> <span class='ocrx_word' id='word_1_48' title='bbox 1356 1004 1440 1029; x_wconf 90' lang='lat' dir='ltr'><strong>cum</strong></span> <span class='ocrx_word' id='word_1_49' title='bbox 1463 989 1645 1029; x_wconf 85' lang='lat' dir='ltr'><strong>maximis</strong></span> 
     </span>
     <span class='ocr_line' id='line_1_9' title="bbox 162 1052 1691 1110; baseline 0 -14"><span class='ocrx_word' id='word_1_50' title='bbox 162 1055 339 1096; x_wconf 81' lang='lat' dir='ltr'><strong>laudibus</strong></span> <span class='ocrx_word' id='word_1_51' title='bbox 361 1056 474 1097; x_wconf 92' lang='lat' dir='ltr'><strong>meis.</strong></span> <span class='ocrx_word' id='word_1_52' title='bbox 507 1052 756 1110; x_wconf 55' lang='lat' dir='ltr'><strong>Itaqfifi‘fn‘isi</strong></span> <span class='ocrx_word' id='word_1_53' title='bbox 775 1054 924 1097; x_wconf 21' lang='lat' dir='ltr'><strong>librum]</strong></span> <span class='ocrx_word' id='word_1_54' title='bbox 941 1056 988 1097; x_wconf 87' lang='lat' dir='ltr'><strong>ad</strong></span> <span class='ocrx_word' id='word_1_55' title='bbox 1001 1055 1198 1105; x_wconf 86' lang='lat' dir='ltr'><strong>Muscam,</strong></span> <span class='ocrx_word' id='word_1_56' title='bbox 1222 1064 1263 1097; x_wconf 87' lang='lat' dir='ltr'><strong>ut</strong></span> <span class='ocrx_word' id='word_1_57' title='bbox 1284 1058 1360 1097; x_wconf 91' lang='lat' dir='ltr'><strong>tuis</strong></span> <span class='ocrx_word' id='word_1_58' title='bbox 1382 1057 1553 1097; x_wconf 85' lang='lat' dir='ltr'><strong>librariis</strong></span> <span class='ocrx_word' id='word_1_59' title='bbox 1577 1057 1642 1096; x_wconf 91' lang='lat' dir='ltr'><strong>da·</strong></span> <span class='ocrx_word' id='word_1_60' title='bbox 1674 1065 1691 1096; x_wconf 87' lang='lat'>5</span> 
     </span>
     <span class='ocr_line' id='line_1_10' title="bbox 161 1120 1645 1178; baseline 0.001 -15"><span class='ocrx_word' id='word_1_61' title='bbox 161 1130 238 1164; x_wconf 85' lang='lat' dir='ltr'><strong>ret.</strong></span> <span class='ocrx_word' id='word_1_62' title='bbox 277 1120 381 1164; x_wconf 91' lang='lat' dir='ltr'><strong>Volo</strong></span> <span class='ocrx_word' id='word_1_63' title='bbox 413 1124 516 1164; x_wconf 91' lang='lat' dir='ltr'><strong>enim</strong></span> <span class='ocrx_word' id='word_1_64' title='bbox 549 1138 634 1165; x_wconf 89' lang='lat' dir='ltr'><strong>enm</strong></span> <span class='ocrx_word' id='word_1_65' title='bbox 666 1125 881 1177; x_wconf 67' lang='lat' dir='ltr'><strong>diuulgari,</strong></span> <span class='ocrx_word' id='word_1_66' title='bbox 917 1126 1017 1178; x_wconf 89' lang='lat' dir='ltr'><strong>quod</strong></span> <span class='ocrx_word' id='word_1_67' title='bbox 1041 1140 1115 1178; x_wconf 91' lang='lat' dir='ltr'><strong>quo</strong></span> <span class='ocrx_word' id='word_1_68' title='bbox 1139 1125 1289 1165; x_wconf 81' lang='lat' dir='ltr'><strong>facilius</strong></span> <span class='ocrx_word' id='word_1_69' title='bbox 1313 1125 1404 1174; x_wconf 85' lang='lat' dir='ltr'><strong>fiat,</strong></span> <span class='ocrx_word' id='word_1_70' title='bbox 1436 1124 1645 1178; x_wconf 85' lang='lat' dir='ltr'><strong>imperabis</strong></span> 
     </span>
     <span class='ocr_line' id='line_1_11' title="bbox 161 1190 1644 1247; baseline 0.001 -15"><span class='ocrx_word' id='word_1_71' title='bbox 161 1191 255 1232; x_wconf 88' lang='lat' dir='ltr'><strong>tuis.</strong></span> <span class='ocrx_word' id='word_1_72' title='bbox 278 1190 348 1241; x_wconf 80' lang='lat'><strong>41,</strong></span> <span class='ocrx_word' id='word_1_73' title='bbox 365 1192 414 1232; x_wconf 81' lang='lat'><strong>4:</strong></span> <span class='ocrx_word' id='word_1_74' title='bbox 442 1191 562 1232; x_wconf 80' lang='lat' dir='ltr'><strong>Hirtii</strong></span> <span class='ocrx_word' id='word_1_75' title='bbox 585 1193 788 1245; x_wconf 90' lang='lat' dir='ltr'><strong>epistolam</strong></span> <span class='ocrx_word' id='word_1_76' title='bbox 807 1193 839 1233; x_wconf 90' lang='lat' dir='ltr'><strong>si</strong></span> <span class='ocrx_word' id='word_1_77' title='bbox 855 1193 1015 1247; x_wconf 86' lang='lat' dir='ltr'><strong>legeris,</strong></span> <span class='ocrx_word' id='word_1_78' title='bbox 1031 1206 1130 1245; x_wconf 89' lang='lat' dir='ltr'><strong>quae</strong></span> <span class='ocrx_word' id='word_1_79' title='bbox 1145 1193 1236 1232; x_wconf 89' lang='lat' dir='ltr'><strong>mihi</strong></span> <span class='ocrx_word' id='word_1_80' title='bbox 1250 1190 1644 1247; x_wconf 70' lang='grc' dir='ltr'><strong>(Ῑιιῑιεὶπρόπλασμοι</strong></span> 
     </span>
     <span class='ocr_line' id='line_1_12' title="bbox 161 1258 1644 1313; baseline 0.001 -14"><span class='ocrx_word' id='word_1_81' title='bbox 161 1259 317 1299; x_wconf 89' lang='lat' dir='ltr'><strong>uidetur</strong></span> <span class='ocrx_word' id='word_1_82' title='bbox 338 1259 422 1299; x_wconf 90' lang='lat' dir='ltr'><strong>eius</strong></span> <span class='ocrx_word' id='word_1_83' title='bbox 445 1260 761 1313; x_wconf 82' lang='lat' dir='ltr'><strong>uituperationiS,</strong></span> <span class='ocrx_word' id='word_1_84' title='bbox 782 1275 895 1313; x_wconf 87' lang='lat' dir='ltr'><strong>quam</strong></span> <span class='ocrx_word' id='word_1_85' title='bbox 913 1258 1066 1300; x_wconf 84' lang='lat' dir='ltr'><strong>Caesar</strong></span> <span class='ocrx_word' id='word_1_86' title='bbox 1087 1260 1245 1313; x_wconf 78' lang='lat' dir='ltr'><strong>scripsit</strong></span> <span class='ocrx_word' id='word_1_87' title='bbox 1267 1260 1312 1300; x_wconf 92' lang='lat' dir='ltr'><strong>de</strong></span> <span class='ocrx_word' id='word_1_88' title='bbox 1328 1258 1498 1309; x_wconf 89' lang='lat' dir='ltr'><strong>Catone,</strong></span> <span class='ocrx_word' id='word_1_89' title='bbox 1523 1261 1644 1300; x_wconf 83' lang='lat' dir='ltr'><strong>facies</strong></span> 
     </span>
     <span class='ocr_line' id='line_1_13' title="bbox 161 1326 1640 1380; baseline 0.001 -13"><span class='ocrx_word' id='word_1_90' title='bbox 161 1340 249 1376; x_wconf 87' lang='lat' dir='ltr'><strong>me,</strong></span> <span class='ocrx_word' id='word_1_91' title='bbox 275 1326 365 1380; x_wconf 91' lang='lat' dir='ltr'><strong>quid</strong></span> <span class='ocrx_word' id='word_1_92' title='bbox 388 1327 457 1366; x_wconf 86' lang='lat' dir='ltr'><strong>tibi</strong></span> <span class='ocrx_word' id='word_1_93' title='bbox 478 1328 605 1367; x_wconf 89' lang='lat' dir='ltr'><strong>nisum</strong></span> <span class='ocrx_word' id='word_1_94' title='bbox 627 1328 692 1374; x_wconf 68' lang='lat' dir='ltr'><strong>sit7</strong></span> <span class='ocrx_word' id='word_1_95' title='bbox 718 1329 751 1368; x_wconf 88' lang='lat' dir='ltr'><strong>si</strong></span> <span class='ocrx_word' id='word_1_96' title='bbox 776 1328 843 1369; x_wconf 90' lang='lat' dir='ltr'><strong>tibi</strong></span> <span class='ocrx_word' id='word_1_97' title='bbox 867 1329 942 1369; x_wconf 89' lang='lat' dir='ltr'><strong>erit</strong></span> <span class='ocrx_word' id='word_1_98' title='bbox 964 1329 1221 1376; x_wconf 88' lang='lat' dir='ltr'><strong>commodum,</strong></span> <span class='ocrx_word' id='word_1_99' title='bbox 1248 1328 1471 1369; x_wconf 80' lang='lat' dir='ltr'><strong>certiorem.</strong></span> <span class='ocrx_word' id='word_1_100' title='bbox 1496 1327 1567 1378; x_wconf 89' lang='lat'><strong>44,</strong></span> <span class='ocrx_word' id='word_1_101' title='bbox 1594 1330 1612 1368; x_wconf 94' lang='lat'>1</span> <span class='ocrx_word' id='word_1_102' title='bbox 1632 1346 1640 1368; x_wconf 72' lang='grc' dir='ltr'><strong><em>ε</em></strong></span> 
     </span>
     <span class='ocr_line' id='line_1_14' title="bbox 159 1392 1717 1449; baseline 0.001 -15"><span class='ocrx_word' id='word_1_103' title='bbox 159 1392 269 1434; x_wconf 92' lang='lat' dir='ltr'><strong>Illius</strong></span> <span class='ocrx_word' id='word_1_104' title='bbox 291 1394 430 1435; x_wconf 91' lang='lat' dir='ltr'><strong>librum</strong></span> <span class='ocrx_word' id='word_1_105' title='bbox 446 1426 456 1445; x_wconf 89' lang='lat'><strong>,</strong></span> <span class='ocrx_word' id='word_1_106' title='bbox 491 1409 602 1448; x_wconf 89' lang='lat' dir='ltr'><strong>quem</strong></span> <span class='ocrx_word' id='word_1_107' title='bbox 626 1396 672 1436; x_wconf 88' lang='lat' dir='ltr'><strong>ad</strong></span> <span class='ocrx_word' id='word_1_108' title='bbox 696 1410 756 1436; x_wconf 88' lang='lat' dir='ltr'><strong>me</strong></span> <span class='ocrx_word' id='word_1_109' title='bbox 778 1397 884 1437; x_wconf 86' lang='lat' dir='ltr'><strong>misit</strong></span> <span class='ocrx_word' id='word_1_110' title='bbox 906 1398 951 1437; x_wconf 90' lang='lat' dir='ltr'><strong>de</strong></span> <span class='ocrx_word' id='word_1_111' title='bbox 975 1393 1129 1436; x_wconf 89' lang='lat' dir='ltr'><strong>Catone</strong></span> <span class='ocrx_word' id='word_1_112' title='bbox 1145 1426 1154 1444; x_wconf 85' lang='lat'><strong>,</strong></span> <span class='ocrx_word' id='word_1_113' title='bbox 1179 1402 1386 1449; x_wconf 87' lang='lat' dir='ltr'><strong>propterea</strong></span> <span class='ocrx_word' id='word_1_114' title='bbox 1410 1396 1499 1436; x_wconf 88' lang='lat' dir='ltr'><strong>uolo</strong></span> <span class='ocrx_word' id='word_1_115' title='bbox 1523 1395 1645 1436; x_wconf 89' lang='lat' dir='ltr'><strong>diuut-</strong></span> <span class='ocrx_word' id='word_1_116' title='bbox 1678 1403 1717 1436; x_wconf 85' lang='lat'><strong>10</strong></span> 
     </span>
     <span class='ocr_line' id='line_1_15' title="bbox 160 1463 1641 1518; baseline 0.001 -15"><span class='ocrx_word' id='word_1_117' title='bbox 160 1464 247 1518; x_wconf 87' lang='lat' dir='ltr'><strong>gari</strong></span> <span class='ocrx_word' id='word_1_118' title='bbox 278 1477 298 1503; x_wconf 88' lang='lat' dir='ltr'><strong>a</strong></span> <span class='ocrx_word' id='word_1_119' title='bbox 327 1463 405 1503; x_wconf 87' lang='lat' dir='ltr'><strong>tuis</strong></span> <span class='ocrx_word' id='word_1_120' title='bbox 421 1495 431 1511; x_wconf 90' lang='lat'>‚</span> <span class='ocrx_word' id='word_1_121' title='bbox 463 1469 507 1503; x_wconf 90' lang='lat' dir='ltr'><strong>ut</strong></span> <span class='ocrx_word' id='word_1_122' title='bbox 538 1476 591 1503; x_wconf 86' lang='lat' dir='ltr'><strong>ex</strong></span> <span class='ocrx_word' id='word_1_123' title='bbox 611 1464 773 1503; x_wconf 90' lang='lat' dir='ltr'><strong>istorum</strong></span> <span class='ocrx_word' id='word_1_124' title='bbox 796 1464 1088 1518; x_wconf 83' lang='lat' dir='ltr'><strong>uituperatione</strong></span> <span class='ocrx_word' id='word_1_125' title='bbox 1110 1463 1161 1503; x_wconf 89' lang='lat' dir='ltr'><strong>sit</strong></span> <span class='ocrx_word' id='word_1_126' title='bbox 1182 1463 1286 1503; x_wconf 93' lang='lat' dir='ltr'><strong>illius</strong></span> <span class='ocrx_word' id='word_1_127' title='bbox 1309 1463 1433 1504; x_wconf 84' lang='lat' dir='ltr'><strong>maior</strong></span> <span class='ocrx_word' id='word_1_128' title='bbox 1453 1464 1641 1505; x_wconf 86' lang='lat' dir='ltr'><strong>laudatio.</strong></span> 
     </span>
     <span class='ocr_line' id='line_1_16' title="bbox 159 1530 1645 1585; baseline 0 -13"><span class='ocrx_word' id='word_1_129' title='bbox 159 1530 214 1572; x_wconf 85' lang='lat'><strong>45</strong></span> <span class='ocrx_word' id='word_1_130' title='bbox 229 1563 239 1582; x_wconf 90' lang='lat'><strong>,</strong></span> <span class='ocrx_word' id='word_1_131' title='bbox 264 1530 312 1572; x_wconf 81' lang='lat'><strong>3:</strong></span> <span class='ocrx_word' id='word_1_132' title='bbox 345 1530 408 1571; x_wconf 93' lang='lat' dir='ltr'><strong>Tu</strong></span> <span class='ocrx_word' id='word_1_133' title='bbox 429 1544 524 1571; x_wconf 89' lang='lat' dir='ltr'><strong>uero</strong></span> <span class='ocrx_word' id='word_1_134' title='bbox 547 1530 734 1584; x_wconf 84' lang='lat' dir='ltr'><strong>peruulga</strong></span> <span class='ocrx_word' id='word_1_135' title='bbox 755 1530 945 1571; x_wconf 84' lang='lat' dir='ltr'><strong>Hirtium.</strong></span> <span class='ocrx_word' id='word_1_136' title='bbox 979 1531 1022 1572; x_wconf 86' lang='lat' dir='ltr'><strong>ld</strong></span> <span class='ocrx_word' id='word_1_137' title='bbox 1044 1532 1146 1572; x_wconf 87' lang='lat' dir='ltr'><strong>enim</strong></span> <span class='ocrx_word' id='word_1_138' title='bbox 1169 1531 1295 1584; x_wconf 89' lang='lat' dir='ltr'><strong>ipsum</strong></span> <span class='ocrx_word' id='word_1_139' title='bbox 1317 1538 1521 1585; x_wconf 83' lang='lat' dir='ltr'><strong>putaram,</strong></span> <span class='ocrx_word' id='word_1_140' title='bbox 1545 1532 1645 1585; x_wconf 91' lang='lat' dir='ltr'><strong>quod</strong></span> 
     </span>
     <span class='ocr_line' id='line_1_17' title="bbox 161 1594 1644 1653; baseline 0.001 -14"><span class='ocrx_word' id='word_1_141' title='bbox 161 1599 303 1639; x_wconf 90' lang='lat' dir='ltr'><strong>scribis</strong></span> <span class='ocrx_word' id='word_1_142' title='bbox 319 1629 329 1648; x_wconf 88' lang='lat'><strong>,</strong></span> <span class='ocrx_word' id='word_1_143' title='bbox 355 1605 420 1649; x_wconf 85' lang='lat' dir='ltr'><strong>ut,</strong></span> <span class='ocrx_word' id='word_1_144' title='bbox 446 1613 530 1639; x_wconf 87' lang='lat' dir='ltr'><strong>cum</strong></span> <span class='ocrx_word' id='word_1_145' title='bbox 553 1599 756 1653; x_wconf 86' lang='lat' dir='ltr'><strong>ingenium</strong></span> <span class='ocrx_word' id='word_1_146' title='bbox 778 1599 890 1639; x_wconf 88' lang='lat' dir='ltr'><strong>amici</strong></span> <span class='ocrx_word' id='word_1_147' title='bbox 914 1600 1038 1639; x_wconf 87' lang='lat' dir='ltr'><strong>nostri</strong></span> <span class='ocrx_word' id='word_1_148' title='bbox 1062 1599 1318 1653; x_wconf 82' lang='lat' dir='ltr'><strong>probaretur,</strong></span> <span class='ocrx_word' id='word_1_149' title='bbox 1341 1594 1566 1647; x_wconf 66' lang='grc' dir='ltr'><strong>’ὑπόθεσις</strong></span> <span class='ocrx_word' id='word_1_150' title='bbox 1586 1599 1644 1640; x_wconf 93' lang='lat' dir='ltr'><strong>ui-</strong></span> 
     </span>
     <span class='ocr_line' id='line_1_18' title="bbox 159 1664 1641 1722; baseline 0.002 -16"><span class='ocrx_word' id='word_1_151' title='bbox 159 1667 364 1721; x_wconf 88' lang='lat' dir='ltr'><strong>tuperandi</strong></span> <span class='ocrx_word' id='word_1_152' title='bbox 378 1664 542 1708; x_wconf 85' lang='lat' dir='ltr'><strong>Catonis</strong></span> <span class='ocrx_word' id='word_1_153' title='bbox 557 1667 803 1708; x_wconf 89' lang='lat' dir='ltr'><strong>irrideretur.</strong></span> <span class='ocrx_word' id='word_1_154' title='bbox 822 1666 893 1717; x_wconf 85' lang='lat'><strong>47,</strong></span> <span class='ocrx_word' id='word_1_155' title='bbox 909 1667 933 1707; x_wconf 87' lang='lat'><strong>3</strong></span> <span class='ocrx_word' id='word_1_156' title='bbox 949 1685 957 1707; x_wconf 91' lang='lat'>:</span> <span class='ocrx_word' id='word_1_157' title='bbox 985 1666 1102 1707; x_wconf 87' lang='lat' dir='ltr'><strong>Hirtii</strong></span> <span class='ocrx_word' id='word_1_158' title='bbox 1115 1667 1271 1717; x_wconf 83' lang='lat' dir='ltr'><strong>librum,</strong></span> <span class='ocrx_word' id='word_1_159' title='bbox 1287 1674 1330 1708; x_wconf 89' lang='lat' dir='ltr'><strong>ut</strong></span> <span class='ocrx_word' id='word_1_160' title='bbox 1345 1668 1457 1716; x_wconf 80' lang='lat' dir='ltr'><strong>facis,</strong></span> <span class='ocrx_word' id='word_1_161' title='bbox 1472 1668 1641 1722; x_wconf 89' lang='lat' dir='ltr'><strong>diuulga.</strong></span> 
     </span>
    </p>
   </div>
   <div class='ocr_carea' id='block_1_7' title="bbox 730 1777 1717 1821">
    <p class='ocr_par' dir='ltr' id='par_1_7' title="bbox 730 1777 1717 1821">
     <span class='ocr_line' id='line_1_19' title="bbox 730 1777 1717 1821; baseline 0 -2"><span class='ocrx_word' id='word_1_162' title='bbox 730 1777 1067 1821; x_wconf 87' lang='lat' dir='ltr'><strong>EPISTOLAE.</strong></span> <span class='ocrx_word' id='word_1_163' title='bbox 1677 1788 1717 1820; x_wconf 85' lang='lat'><strong>15</strong></span> 
     </span>
    </p>
   </div>
   <div class='ocr_carea' id='block_1_8' title="bbox 616 1870 1181 1899">
    <p class='ocr_par' dir='ltr' id='par_1_8' title="bbox 616 1870 1181 1899">
     <span class='ocr_line' id='line_1_20' title="bbox 616 1870 1181 1899; baseline -0.005 0"><span class='ocrx_word' id='word_1_164' title='bbox 616 1874 665 1899; x_wconf 75' lang='lat' dir='ltr'><strong>AD</strong></span> <span class='ocrx_word' id='word_1_165' title='bbox 686 1873 729 1899; x_wconf 82' lang='lat' dir='ltr'><strong>M.</strong></span> <span class='ocrx_word' id='word_1_166' title='bbox 755 1872 925 1899; x_wconf 80' lang='lat' dir='ltr'>TVLLIVM</span> <span class='ocrx_word' id='word_1_167' title='bbox 949 1870 1181 1897; x_wconf 71' lang='lat' dir='ltr'><strong>CICERONEM.</strong></span> 
     </span>
    </p>
   </div>
   <div class='ocr_carea' id='block_1_9' title="bbox 157 1933 1643 2062">
    <p class='ocr_par' dir='ltr' id='par_1_9' title="bbox 157 1933 1643 2062">
     <span class='ocr_line' id='line_1_21' title="bbox 272 1933 1642 1991; baseline 0.001 -12"><span class='ocrx_word' id='word_1_168' title='bbox 272 1940 329 1991; x_wconf 80' lang='lat' dir='ltr'><strong>(a.</strong></span> <span class='ocrx_word' id='word_1_169' title='bbox 351 1937 424 1991; x_wconf 81' lang='lat'><strong>47)</strong></span> <span class='ocrx_word' id='word_1_170' title='bbox 451 1937 535 1979; x_wconf 76' lang='lat' dir='ltr'><strong>Cic.</strong></span> <span class='ocrx_word' id='word_1_171' title='bbox 559 1939 617 1979; x_wconf 82' lang='lat' dir='ltr'><strong>ad</strong></span> <span class='ocrx_word' id='word_1_172' title='bbox 635 1940 729 1980; x_wconf 82' lang='lat' dir='ltr'><strong>Att.</strong></span> <span class='ocrx_word' id='word_1_173' title='bbox 747 1938 831 1988; x_wconf 83' lang='lat' dir='ltr'><strong>XI,</strong></span> <span class='ocrx_word' id='word_1_174' title='bbox 859 1936 925 1986; x_wconf 84' lang='lat'><strong>14,</strong></span> <span class='ocrx_word' id='word_1_175' title='bbox 942 1935 991 1976; x_wconf 80' lang='lat'><strong>3:</strong></span> <span class='ocrx_word' id='word_1_176' title='bbox 1027 1933 1197 1987; x_wconf 83' lang='lat' dir='ltr'><strong>Quintus</strong></span> <span class='ocrx_word' id='word_1_177' title='bbox 1219 1936 1362 1989; x_wconf 86' lang='lat' dir='ltr'><strong>pergit,</strong></span> <span class='ocrx_word' id='word_1_178' title='bbox 1387 1944 1429 1977; x_wconf 91' lang='lat' dir='ltr'><strong>ut</strong></span> <span class='ocrx_word' id='word_1_179' title='bbox 1450 1938 1497 1978; x_wconf 85' lang='lat' dir='ltr'><strong>ad</strong></span> <span class='ocrx_word' id='word_1_180' title='bbox 1519 1952 1579 1979; x_wconf 88' lang='lat' dir='ltr'><strong>me</strong></span> <span class='ocrx_word' id='word_1_181' title='bbox 1603 1947 1642 1980; x_wconf 86' lang='lat' dir='ltr'><strong>et</strong></span> 
     </span>
     <span class='ocr_line' id='line_1_22' title="bbox 157 2003 1643 2062; baseline 0.001 -15"><span class='ocrx_word' id='word_1_182' title='bbox 157 2005 291 2047; x_wconf 87' lang='lat' dir='ltr'><strong>Pansa</strong></span> <span class='ocrx_word' id='word_1_183' title='bbox 320 2006 479 2062; x_wconf 85' lang='lat' dir='ltr'><strong>scripsit</strong></span> <span class='ocrx_word' id='word_1_184' title='bbox 509 2013 549 2047; x_wconf 88' lang='lat' dir='ltr'><strong>et</strong></span> <span class='ocrx_word' id='word_1_185' title='bbox 569 2005 747 2056; x_wconf 83' lang='lat' dir='ltr'><strong>Hirtius3</strong></span> <span class='ocrx_word' id='word_1_186' title='bbox 780 2006 891 2059; x_wconf 89' lang='lat' dir='ltr'><strong>isque</strong></span> <span class='ocrx_word' id='word_1_187' title='bbox 920 2004 1013 2044; x_wconf 86' lang='lat' dir='ltr'><strong>item</strong></span> <span class='ocrx_word' id='word_1_188' title='bbox 1035 2003 1210 2043; x_wconf 87' lang='lat' dir='ltr'><strong>Africam</strong></span> <span class='ocrx_word' id='word_1_189' title='bbox 1234 2012 1368 2058; x_wconf 85' lang='lat' dir='ltr'><strong>petere</strong></span> <span class='ocrx_word' id='word_1_190' title='bbox 1390 2019 1475 2045; x_wconf 90' lang='lat' dir='ltr'><strong>cum</strong></span> <span class='ocrx_word' id='word_1_191' title='bbox 1500 2008 1643 2048; x_wconf 87' lang='lat' dir='ltr'><strong>ceteris</strong></span> 
     </span>
    </p>
   </div>
   <div class='ocr_carea' id='block_1_10' title="bbox 160 2075 318 2116">
    <p class='ocr_par' dir='ltr' id='par_1_10' title="bbox 160 2075 318 2116">
     <span class='ocr_line' id='line_1_23' title="bbox 160 2075 318 2116; baseline 0 -1"><span class='ocrx_word' id='word_1_192' title='bbox 160 2075 318 2116; x_wconf 87' lang='lat' dir='ltr'><strong>dicitur.</strong></span> 
     </span>
    </p>
   </div>
   <div class='ocr_carea' id='block_1_11' title="bbox 155 2138 1713 2799">
    <p class='ocr_par' dir='ltr' id='par_1_11' title="bbox 820 2138 1713 2194">
     <span class='ocr_line' id='line_1_24' title="bbox 820 2138 1713 2194; baseline -0.004 -12"><span class='ocrx_word' id='word_1_193' title='bbox 820 2144 879 2194; x_wconf 84' lang='lat' dir='ltr'><strong>(a.</strong></span> <span class='ocrx_word' id='word_1_194' title='bbox 904 2138 992 2193; x_wconf 85' lang='lat'><strong>45.)</strong></span> <span class='ocrx_word' id='word_1_195' title='bbox 1671 2147 1713 2179; x_wconf 85' lang='lat'><strong>20</strong></span> 
     </span>
    </p>

    <p class='ocr_par' dir='ltr' id='par_1_12' title="bbox 158 2207 1637 2331">
     <span class='ocr_line' id='line_1_25' title="bbox 277 2207 1637 2262; baseline -0.003 -11"><span class='ocrx_word' id='word_1_196' title='bbox 277 2209 365 2251; x_wconf 82' lang='lat' dir='ltr'><strong>Cic.</strong></span> <span class='ocrx_word' id='word_1_197' title='bbox 390 2209 447 2250; x_wconf 81' lang='lat' dir='ltr'><strong>ad</strong></span> <span class='ocrx_word' id='word_1_198' title='bbox 464 2208 560 2250; x_wconf 71' lang='lat' dir='ltr'><strong>Act.</strong></span> <span class='ocrx_word' id='word_1_199' title='bbox 584 2209 691 2258; x_wconf 87' lang='lat' dir='ltr'><strong>XII,</strong></span> <span class='ocrx_word' id='word_1_200' title='bbox 710 2209 842 2261; x_wconf 79' lang='lat'><strong>35,1:</strong></span> <span class='ocrx_word' id='word_1_201' title='bbox 877 2207 998 2249; x_wconf 87' lang='lat' dir='ltr'><strong>Hirtii</strong></span> <span class='ocrx_word' id='word_1_202' title='bbox 1020 2207 1222 2262; x_wconf 88' lang='lat' dir='ltr'><strong>epistolam</strong></span> <span class='ocrx_word' id='word_1_203' title='bbox 1245 2207 1313 2248; x_wconf 89' lang='lat' dir='ltr'><strong>tibi</strong></span> <span class='ocrx_word' id='word_1_204' title='bbox 1334 2207 1421 2248; x_wconf 89' lang='lat' dir='ltr'><strong>misi</strong></span> <span class='ocrx_word' id='word_1_205' title='bbox 1444 2214 1482 2248; x_wconf 87' lang='lat' dir='ltr'><strong>et</strong></span> <span class='ocrx_word' id='word_1_206' title='bbox 1502 2219 1637 2248; x_wconf 89' lang='lat' dir='ltr'><strong>recen-</strong></span> 
     </span>
     <span class='ocr_line' id='line_1_26' title="bbox 158 2277 733 2331; baseline -0.003 -12"><span class='ocrx_word' id='word_1_207' title='bbox 158 2286 236 2319; x_wconf 88' lang='lat' dir='ltr'><strong>tem</strong></span> <span class='ocrx_word' id='word_1_208' title='bbox 259 2285 298 2319; x_wconf 94' lang='lat' dir='ltr'><strong>et</strong></span> <span class='ocrx_word' id='word_1_209' title='bbox 318 2277 510 2319; x_wconf 93' lang='lat' dir='ltr'><strong>beneuole</strong></span> <span class='ocrx_word' id='word_1_210' title='bbox 532 2278 733 2331; x_wconf 89' lang='lat' dir='ltr'><strong>scriptam.</strong></span> 
     </span>
    </p>

    <p class='ocr_par' dir='ltr' id='par_1_13' title="bbox 156 2340 1710 2588">
     <span class='ocr_line' id='line_1_27' title="bbox 269 2340 1635 2398; baseline -0.004 -13"><span class='ocrx_word' id='word_1_211' title='bbox 269 2345 383 2386; x_wconf 83' lang='lat' dir='ltr'><strong>Idem</strong></span> <span class='ocrx_word' id='word_1_212' title='bbox 413 2346 513 2385; x_wconf 75' lang='lat' dir='ltr'><strong>ibid.</strong></span> <span class='ocrx_word' id='word_1_213' title='bbox 537 2344 616 2394; x_wconf 83' lang='lat'><strong>37,</strong></span> <span class='ocrx_word' id='word_1_214' title='bbox 641 2345 690 2385; x_wconf 83' lang='lat'><strong>4:</strong></span> <span class='ocrx_word' id='word_1_215' title='bbox 730 2344 887 2385; x_wconf 91' lang='lat' dir='ltr'><strong>Hirtius</strong></span> <span class='ocrx_word' id='word_1_216' title='bbox 919 2345 967 2386; x_wconf 90' lang='lat' dir='ltr'><strong>ad</strong></span> <span class='ocrx_word' id='word_1_217' title='bbox 1000 2358 1060 2385; x_wconf 85' lang='lat' dir='ltr'><strong>me</strong></span> <span class='ocrx_word' id='word_1_218' title='bbox 1091 2343 1250 2398; x_wconf 88' lang='lat' dir='ltr'><strong>scripsit</strong></span> <span class='ocrx_word' id='word_1_219' title='bbox 1279 2340 1379 2384; x_wconf 80' lang='lat' dir='ltr'><strong>Sex.</strong></span> <span class='ocrx_word' id='word_1_220' title='bbox 1409 2340 1635 2395; x_wconf 89' lang='lat' dir='ltr'><strong>Pompeium</strong></span> 
     </span>
     <span class='ocr_line' id='line_1_28' title="bbox 157 2408 1637 2466; baseline -0.002 -14"><span class='ocrx_word' id='word_1_221' title='bbox 157 2410 345 2453; x_wconf 89' lang='lat' dir='ltr'><strong>Corduba</strong></span> <span class='ocrx_word' id='word_1_222' title='bbox 368 2414 502 2453; x_wconf 81' lang='lat' dir='ltr'><strong>exisse</strong></span> <span class='ocrx_word' id='word_1_223' title='bbox 522 2419 561 2452; x_wconf 87' lang='lat' dir='ltr'><strong>et</strong></span> <span class='ocrx_word' id='word_1_224' title='bbox 577 2413 725 2466; x_wconf 86' lang='lat' dir='ltr'><strong>fugisse</strong></span> <span class='ocrx_word' id='word_1_225' title='bbox 741 2413 781 2453; x_wconf 93' lang='lat' dir='ltr'><strong>in</strong></span> <span class='ocrx_word' id='word_1_226' title='bbox 798 2412 1025 2466; x_wconf 85' lang='lat' dir='ltr'><strong>Hispaniam</strong></span> <span class='ocrx_word' id='word_1_227' title='bbox 1043 2412 1281 2460; x_wconf 84' lang='lat' dir='ltr'><strong>citeriorem,</strong></span> <span class='ocrx_word' id='word_1_228' title='bbox 1300 2408 1475 2449; x_wconf 86' lang='lat' dir='ltr'><strong>Gnaeum</strong></span> <span class='ocrx_word' id='word_1_229' title='bbox 1492 2410 1637 2461; x_wconf 84' lang='lat' dir='ltr'><strong>fugisse</strong></span> 
     </span>
     <span class='ocr_line' id='line_1_29' title="bbox 157 2474 1710 2534; baseline -0.002 -15"><span class='ocrx_word' id='word_1_230' title='bbox 157 2480 292 2520; x_wconf 87' lang='lat' dir='ltr'><strong>nescio</strong></span> <span class='ocrx_word' id='word_1_231' title='bbox 315 2494 388 2533; x_wconf 93' lang='lat' dir='ltr'><strong>quo</strong></span> <span class='ocrx_word' id='word_1_232' title='bbox 404 2497 414 2530; x_wconf 71' lang='grc' dir='ltr'><strong>ς</strong></span> <span class='ocrx_word' id='word_1_233' title='bbox 432 2494 557 2532; x_wconf 86' lang='lat' dir='ltr'><strong>neque</strong></span> <span class='ocrx_word' id='word_1_234' title='bbox 581 2481 683 2520; x_wconf 90' lang='lat' dir='ltr'><strong>enim</strong></span> <span class='ocrx_word' id='word_1_235' title='bbox 707 2495 813 2521; x_wconf 91' lang='lat' dir='ltr'><strong>curo.</strong></span> <span class='ocrx_word' id='word_1_236' title='bbox 847 2479 963 2521; x_wconf 85' lang='lat' dir='ltr'><strong>Nihil</strong></span> <span class='ocrx_word' id='word_1_237' title='bbox 983 2486 1187 2534; x_wconf 86' lang='lat' dir='ltr'><strong>praeterea</strong></span> <span class='ocrx_word' id='word_1_238' title='bbox 1202 2476 1310 2517; x_wconf 91' lang='lat' dir='ltr'><strong>noui.</strong></span> <span class='ocrx_word' id='word_1_239' title='bbox 1343 2474 1520 2517; x_wconf 87' lang='lat' dir='ltr'><strong>Litteras</strong></span> <span class='ocrx_word' id='word_1_240' title='bbox 1532 2475 1638 2517; x_wconf 87' lang='lat' dir='ltr'><strong>Nar·</strong></span> <span class='ocrx_word' id='word_1_241' title='bbox 1668 2484 1710 2516; x_wconf 84' lang='lat'><strong>25</strong></span> 
     </span>
     <span class='ocr_line' id='line_1_30' title="bbox 156 2545 733 2588; baseline -0.002 0"><span class='ocrx_word' id='word_1_242' title='bbox 156 2547 257 2588; x_wconf 83' lang='lat' dir='ltr'><strong>bone</strong></span> <span class='ocrx_word' id='word_1_243' title='bbox 280 2547 385 2587; x_wconf 82' lang='lat' dir='ltr'><strong>dedit</strong></span> <span class='ocrx_word' id='word_1_244' title='bbox 403 2554 501 2587; x_wconf 80' lang='lat' dir='ltr'><strong>xnn</strong></span> <span class='ocrx_word' id='word_1_245' title='bbox 523 2545 613 2587; x_wconf 69' lang='lat' dir='ltr'><strong>Hal.</strong></span> <span class='ocrx_word' id='word_1_246' title='bbox 637 2547 733 2588; x_wconf 85' lang='lat' dir='ltr'><strong>Mai.</strong></span> 
     </span>
    </p>

    <p class='ocr_par' dir='ltr' id='par_1_14' title="bbox 155 2611 1638 2799">
     <span class='ocr_line' id='line_1_31' title="bbox 270 2611 1636 2665; baseline -0.001 -11"><span class='ocrx_word' id='word_1_247' title='bbox 270 2613 382 2655; x_wconf 85' lang='lat' dir='ltr'><strong>Idem</strong></span> <span class='ocrx_word' id='word_1_248' title='bbox 398 2615 499 2655; x_wconf 83' lang='lat' dir='ltr'><strong>z‘bz&#39;d.</strong></span> <span class='ocrx_word' id='word_1_249' title='bbox 516 2614 647 2663; x_wconf 86' lang='lat' dir='ltr'><strong>XIII,</strong></span> <span class='ocrx_word' id='word_1_250' title='bbox 663 2613 732 2664; x_wconf 77' lang='lat'><strong>21,</strong></span> <span class='ocrx_word' id='word_1_251' title='bbox 751 2614 771 2654; x_wconf 83' lang='lat' dir='ltr'>l</span> <span class='ocrx_word' id='word_1_252' title='bbox 791 2631 799 2654; x_wconf 70' lang='grc' dir='ltr'>ε</span> <span class='ocrx_word' id='word_1_253' title='bbox 834 2614 896 2655; x_wconf 93' lang='lat' dir='ltr'><strong>Ad</strong></span> <span class='ocrx_word' id='word_1_254' title='bbox 918 2613 1089 2654; x_wconf 88' lang='lat' dir='ltr'><strong>Hirtium</strong></span> <span class='ocrx_word' id='word_1_255' title='bbox 1113 2612 1290 2653; x_wconf 90' lang='lat' dir='ltr'><strong>dederam</strong></span> <span class='ocrx_word' id='word_1_256' title='bbox 1314 2611 1516 2665; x_wconf 88' lang='lat' dir='ltr'><strong>epistolam</strong></span> <span class='ocrx_word' id='word_1_257' title='bbox 1541 2625 1636 2652; x_wconf 88' lang='lat' dir='ltr'><strong>sane</strong></span> 
     </span>
     <span class='ocr_line' id='line_1_32' title="bbox 155 2678 1638 2736; baseline -0.002 -14"><span class='ocrx_word' id='word_1_258' title='bbox 155 2682 357 2736; x_wconf 86' lang='lat' dir='ltr'><strong>grandem,</strong></span> <span class='ocrx_word' id='word_1_259' title='bbox 383 2695 495 2735; x_wconf 85' lang='lat' dir='ltr'><strong>quam</strong></span> <span class='ocrx_word' id='word_1_260' title='bbox 517 2682 751 2735; x_wconf 89' lang='lat' dir='ltr'><strong>scripseram</strong></span> <span class='ocrx_word' id='word_1_261' title='bbox 776 2683 955 2736; x_wconf 85' lang='lat' dir='ltr'><strong>proxime</strong></span> <span class='ocrx_word' id='word_1_262' title='bbox 976 2683 1017 2722; x_wconf 89' lang='lat' dir='ltr'><strong>in</strong></span> <span class='ocrx_word' id='word_1_263' title='bbox 1036 2679 1282 2720; x_wconf 88' lang='lat' dir='ltr'><strong>Tusculano.</strong></span> <span class='ocrx_word' id='word_1_264' title='bbox 1317 2678 1434 2730; x_wconf 90' lang='lat' dir='ltr'><strong>Huic,</strong></span> <span class='ocrx_word' id='word_1_265' title='bbox 1461 2693 1574 2732; x_wconf 90' lang='lat' dir='ltr'><strong>quam</strong></span> <span class='ocrx_word' id='word_1_266' title='bbox 1596 2686 1638 2719; x_wconf 88' lang='lat' dir='ltr'><strong>tn</strong></span> 
     </span>
     <span class='ocr_line' id='line_1_33' title="bbox 157 2748 799 2799; baseline 0.002 -10"><span class='ocrx_word' id='word_1_267' title='bbox 157 2749 248 2790; x_wconf 87' lang='lat' dir='ltr'><strong>mibi</strong></span> <span class='ocrx_word' id='word_1_268' title='bbox 270 2749 428 2799; x_wconf 88' lang='lat' dir='ltr'><strong>misisti,</strong></span> <span class='ocrx_word' id='word_1_269' title='bbox 453 2748 666 2789; x_wconf 88' lang='lat' dir='ltr'><strong>rescribam</strong></span> <span class='ocrx_word' id='word_1_270' title='bbox 688 2749 799 2790; x_wconf 88' lang='lat' dir='ltr'><strong>alias.</strong></span> 
     </span>
    </p>
   </div>
   <div class='ocr_carea' id='block_1_12' title="bbox 157 2823 1637 2923">
    <p class='ocr_par' dir='ltr' id='par_1_15' title="bbox 157 2823 1637 2923">
     <span class='ocr_line' id='line_1_34' title="bbox 300 2823 1637 2868; baseline -0.004 -7"><span class='ocrx_word' id='word_1_271' title='bbox 300 2828 319 2861; x_wconf 87' lang='lat'>9</span> <span class='ocrx_word' id='word_1_272' title='bbox 337 2839 390 2861; x_wconf 86' lang='lat' dir='ltr'><strong>me</strong></span> <span class='ocrx_word' id='word_1_273' title='bbox 409 2839 477 2861; x_wconf 89' lang='lat' dir='ltr'><strong>om.</strong></span> <span class='ocrx_word' id='word_1_274' title='bbox 497 2828 690 2862; x_wconf 72' lang='lat' dir='ltr'><strong>Medieeus.</strong></span> <span class='ocrx_word' id='word_1_275' title='bbox 849 2828 890 2860; x_wconf 87' lang='grc'><strong>14</strong></span> <span class='ocrx_word' id='word_1_276' title='bbox 909 2827 1054 2868; x_wconf 77' lang='lat' dir='ltr'><strong>deuolga</strong></span> <span class='ocrx_word' id='word_1_277' title='bbox 1070 2826 1263 2860; x_wconf 66' lang='lat' dir='ltr'><strong>Mediceus.</strong></span> <span class='ocrx_word' id='word_1_278' title='bbox 1413 2825 1457 2861; x_wconf 83' lang='lat'><strong>28</strong></span> <span class='ocrx_word' id='word_1_279' title='bbox 1476 2828 1513 2856; x_wconf 90' lang='lat' dir='ltr'><strong>tu</strong></span> <span class='ocrx_word' id='word_1_280' title='bbox 1524 2823 1637 2857; x_wconf 79' lang='lat' dir='ltr'><strong>Medi-</strong></span> 
     </span>
     <span class='ocr_line' id='line_1_35' title="bbox 157 2879 914 2923; baseline -0.001 -11"><span class='ocrx_word' id='word_1_281' title='bbox 157 2890 251 2923; x_wconf 82' lang='lat' dir='ltr'><strong>ceus,</strong></span> <span class='ocrx_word' id='word_1_282' title='bbox 270 2884 340 2912; x_wconf 88' lang='lat' dir='ltr'><strong>tum</strong></span> <span class='ocrx_word' id='word_1_283' title='bbox 361 2879 569 2914; x_wconf 74' lang='lat' dir='ltr'><strong>decurtatus</strong></span> <span class='ocrx_word' id='word_1_284' title='bbox 587 2883 623 2912; x_wconf 78' lang='lat' dir='ltr'><strong>et</strong></span> <span class='ocrx_word' id='word_1_285' title='bbox 641 2879 914 2912; x_wconf 82' lang='lat' dir='ltr'><strong>Tornaesz&#39;anus.</strong></span> 
     </span>
    </p>
   </div>
  </div>
 </body>
</html>
