1835 3240
91 893 131 926 10

92 1233 130 1265 15

90 2251 131 2284 30

594 159 779 203 COMM.
805 159 822 201 l
846 158 969 202 CAP.
993 157 1195 200 25*27.
1638 157 1721 200 507

165 278 238 319 His
261 276 445 330 perfectis
476 275 754 328 collocatisque
784 274 881 315 alias
913 273 1097 326 deinceps
1129 271 1212 324 pari
1243 270 1509 323 magnitudine
1539 279 1645 312 rates
1667 270 1693 312 8

165 343 361 397 iungebat.
407 341 490 384 Has
515 349 619 383 terra
643 350 760 396 atque
784 355 928 395 aggere
950 340 1175 394 integebat,
1202 351 1250 378 ne
1282 338 1410 377 aditus
1442 345 1556 390 atque
1587 340 1645 378 in·
1668 340 1693 380 9

164 426 302 453 cursus
332 412 380 452 ad
412 411 697 451 defendendum
726 411 1002 463 impediretur3
1043 423 1064 449 a
1095 409 1225 448 fronte
1257 413 1372 459 atque
1404 406 1450 445 ab
1482 412 1645 458 utroque

162 481 288 520 latere
311 479 479 519 cratibus
503 493 547 518 ac
568 479 711 532 pluteis
735 478 989 531 protegebat3
1015 477 1053 516 in
1077 483 1213 529 quarta
1236 488 1388 528 quaque
1411 487 1542 513 earum
1567 480 1648 512 tur·
1671 472 1724 513 10

165 562 229 588 res
253 547 431 588 binorum
455 547 716 587 tabulatorum
741 546 955 592 excitabat,
981 559 1055 598 quo
1079 544 1317 584 commodius
1345 542 1391 581 ab
1414 542 1559 594 impetu
1581 555 1649 580 na-

162 616 267 656 uium
290 616 560 668 incendiisque
583 614 824 653 defenderet.
883 610 1033 652 Contra
1068 613 1164 652 haec
1186 610 1398 664 Pompeius
1431 608 1543 649 nauis
1567 622 1646 647 ma-
1668 608 1722 652 26

162 698 259 737 gnas
282 683 511 733 onerarias,
550 695 645 735 quas
666 681 705 721 in
728 688 842 734 portu
865 678 1105 720 Brundisino
1129 679 1456 732 deprehenderat,
1481 679 1650 717 adorna-

162 751 242 792 bat.
279 750 337 791 Ibi
359 758 489 791 turres
504 764 589 790 cum
612 749 736 789 ternis
760 748 943 788 tabulatis
967 748 1144 802 erigebat
1167 760 1309 799 easque
1322 746 1454 786 multis
1479 752 1649 785 tormen-

162 820 213 859 tis
237 826 274 859 et
296 820 400 859 omni
414 832 561 872 genere
583 818 748 858 telorum
765 818 976 870 completas
999 817 1044 856 ad
1069 829 1186 869 opera
1204 813 1389 855 Caesaris
1413 813 1645 867 appellebat,

164 894 206 926 ut
227 895 334 928 rates
356 892 628 941 perrumperet
649 892 765 938 atque
788 899 906 938 opera
930 884 1186 924 disturbaret.
1251 881 1318 922 Sic
1348 883 1489 922 cotidie
1512 881 1649 921 utrim-

163 969 239 1008 que
262 956 412 995 eminus
434 954 564 994 fundis
580 983 590 1003 ,
623 953 777 1006 sagittis
810 952 1049 1005 reliquisque
1082 952 1170 991 telis
1193 950 1452 1004 pugnabatur.
1518 948 1650 1002 Atque
1671 947 1698 988 2

164 1023 258 1062 haec
281 1020 436 1063 Caesar
464 1022 516 1062 ita
549 1020 874 1069 administrabat,
909 1027 951 1059 ut.
979 1018 1230 1059 condiciones
1263 1018 1369 1072 pacis
1399 1018 1650 1057 dimittendas

162 1103 240 1130 non
263 1090 536 1140 existimaret,
561 1104 606 1129 ac
623 1089 778 1128 tametsi
794 1101 1031 1141 magnopere
1044 1085 1512 1139 admirabaturMagium,
1536 1099 1651 1138 quem

162 1158 208 1198 ad
230 1156 459 1212 Pompeium
483 1171 568 1197 cum
591 1157 785 1197 mandatis
809 1157 985 1205 miserat,
1011 1156 1057 1195 ad
1080 1169 1122 1196 se
1146 1170 1223 1195 non
1256 1155 1425 1203 remitti,
1461 1161 1575 1206 atque
1604 1166 1653 1193 ea

163 1239 229 1266 res
251 1241 368 1279 saepe
390 1233 578 1279 temptata
610 1226 684 1266 etsi
721 1225 890 1278 impetus
914 1226 997 1264 eius
1021 1224 1262 1277 consiliaque
1285 1223 1486 1271 tardabat,
1521 1228 1651 1261 tamen

166 1294 345 1334 omnibus
376 1293 493 1334 rebus
524 1294 563 1334 in
594 1308 640 1334 eo
674 1293 1007 1347 perseuerandum
1041 1293 1214 1346 putabat.
1280 1290 1415 1344 ltaque
1439 1288 1650 1330 Caninium
1675 1287 1700 1327 3

164 1360 349 1401 Rebilum
381 1362 579 1415 legatum,
615 1362 847 1401 familiarem
880 1361 1225 1412 necessariumque
1249 1357 1430 1400 Scriboni
1465 1357 1649 1407 Libonis,

165 1429 283 1468 mittit
305 1430 352 1469 ad
375 1444 461 1487 eum
484 1430 664 1483 colloquii
688 1444 832 1479 causag
858 1429 1031 1476 mandat,
1057 1436 1100 1468 ut
1123 1427 1313 1468 Libonem
1338 1429 1383 1467 de
1406 1427 1653 1467 concilianda

165 1510 260 1549 pace
283 1497 485 1548 hortetur3
510 1498 689 1551 inprimis
706 1529 715 1547 ,
742 1505 783 1537 ut
806 1498 888 1551 ipse
911 1512 997 1537 cum
1022 1496 1211 1550 Pompeio
1235 1496 1552 1548 colloqueretur,
1584 1507 1651 1547 po-

164 1566 308 1604 stulat:
334 1579 572 1619 magnopere
596 1580 685 1606 sese
708 1567 903 1606 confidere
928 1566 1186 1614 demonstrat,
1226 1565 1257 1604 si
1282 1565 1366 1604 eius
1389 1565 1444 1604 rei
1469 1564 1520 1603 sit
1542 1569 1651 1616 pote·
1672 1561 1699 1601 4

163 1640 245 1672 stas
268 1634 386 1682 facta,
412 1634 512 1683 fore,
539 1641 578 1673 ut
600 1634 732 1687 aequis
746 1633 1040 1673 condicionibus
1063 1633 1109 1672 ab
1132 1633 1252 1672 armis
1267 1632 1515 1681 discede-itum
1541 1631 1651 1670 cuius

163 1700 222 1740 rei
244 1714 425 1753 magnam
449 1708 598 1754 partem
629 1701 757 1741 laudis
788 1708 905 1754 atque
937 1701 1245 1741 existimationis
1279 1701 1325 1739 ad
1350 1698 1541 1739 Libonem
1566 1709 1653 1752 per»

163 1776 397 1818 uenturam,
431 1769 463 1809 si
495 1769 560 1809 illo
594 1777 755 1809 auctore
788 1777 904 1822 atque
935 1777 1079 1823 agente
1107 1769 1154 1808 ab
1187 1768 1307 1808 armis
1341 1769 1393 1807 sit
1415 1767 1648 1807 discessum.

163 1834 266 1876 Libo
296 1851 318 1877 a
359 1837 566 1890 conloquio
595 1836 738 1878 Canini
777 1837 979 1890 digressus
1020 1838 1067 1878 ad
1100 1836 1327 1891 Pompeium
1371 1832 1698 1889 promiscum-15

115 1912 130 1942 ἴ
165 1902 290 1944 Paulo
313 1912 399 1957 post
420 1905 645 1955 renuntiat,
681 1907 780 1958 quod
814 1907 998 1946 consules
1021 1907 1174 1956 absint,
1208 1906 1293 1946 sine
1324 1905 1399 1945 iltis
1432 1918 1509 1944 non
1534 1916 1651 1956 posse

167 1972 230 2025 agi
254 1973 298 2011 de
321 1973 619 2026 compositione.
663 1972 723 2014 Ita
756 1975 913 2029 saepius
946 1989 1028 2015 rem
1063 1976 1210 2014 frustra
1247 1979 1474 2026 temptatam
1500 1968 1699 2012 Caesarss

165 2040 374 2093 aliquando
404 2041 671 2081 dimittendam
706 2042 779 2082 sibi
808 2043 956 2082 iudicat
985 2050 1024 2083 et
1055 2044 1101 2082 de
1125 2043 1226 2082 bello
1250 2041 1458 2095 agendum.
1520 2037 1650 2092 Prope
1671 2038 1726 2082 27

164 2109 321 2148 dimidia
345 2116 453 2163 parte
477 2110 606 2163 operis
629 2123 650 2149 a
673 2107 849 2151 Caesare
872 2111 1009 2150 effecta
1041 2111 1253 2164 diebusque
1276 2111 1315 2149 in
1339 2123 1382 2149 ea
1406 2122 1447 2148 re
1471 2121 1652 2147 consum-

163 2177 238 2230 ptis
259 2184 352 2217 V1111
375 2191 497 2218 naues
520 2192 542 2218 a
563 2178 791 2219 consulibus
815 2178 1064 2234 Dyrrhachio
1099 2179 1290 2219 remissae
1307 2210 1316 2228 ,
1349 2191 1448 2231 quae
1481 2176 1651 2230 priorem

164 2252 312 2299 partem
336 2247 536 2286 exercitus
553 2260 598 2287 eo
612 2246 934 2300 deportaucrant,
960 2246 1214 2287 Brundisium
1239 2253 1508 2287 reuertuntur.
1534 2242 1650 2284 Pom·
1671 2242 1698 2282 2

306 2350 326 2382 2
345 2360 385 2381 ne
405 2359 473 2382 om.
494 2361 556 2382 ae.
720 2351 738 2383 6
760 2351 856 2382 nauis
876 2362 908 2391 α,
931 2362 997 2383 non
1018 2362 1137 2383 naues.
1309 2352 1328 2382 8
1349 2350 1453 2382 turris
1474 2350 1505 2381 b.

167 2399 290 2442 ternis]
311 2401 406 2432 denis
426 2402 455 2432 b.
598 2402 616 2433 9
638 2401 684 2443 et]
706 2412 745 2432 ex
767 2403 797 2432 b.
940 2403 1138 2444 appellabat
1155 2412 1189 2434 α.
1334 2402 1372 2433 Η)
1392 2394 1651 2443 praerumperet

168 2451 198 2481 b·
339 2454 476 2492 cotidie,
497 2456 572 2485 m'sz'
587 2454 698 2485 aliter
715 2454 884 2495 reseram,
905 2464 1043 2495 semper
1061 2464 1094 2484 α.
1259 2453 1417 2494 utrinque
1437 2453 1500 2493 (a),
1525 2462 1593 2483 om.
1616 2452 1648 2482 b.

309 2504 350 2538 12
369 2504 497 2537 Caesar
514 2506 561 2538 ita
580 2517 614 2547 α,
636 2506 684 2538 ita
703 2506 834 2538 Caesar
852 2506 931 2538 edd.
1073 2504 1287 2537 conditiones
1307 2506 1372 2545 (a).
1542 2504 1580 2536 14
1599 2513 1652 2534 re-

168 2554 270 2596 mitti]
291 2558 417 2588 reuerti
437 2558 468 2589 h.
613 2558 652 2590 15
671 2563 847 2600 temptata,
865 2559 1076 2598 ubicumque
1096 2558 1227 2598 tacebo,
1249 2567 1283 2588 α.
1431 2557 1470 2589 17
1492 2566 1652 2588 necessa-

169 2605 251 2636 rium
271 2608 401 2638 omissa
420 2610 546 2650 copula
565 2620 585 2641 α
605 2610 701 2641 (11133.
723 2609 767 2641 6³.
933 2609 1091 2641 Scriboni
1109 2610 1171 2641 ab.
1339 2609 1378 2641 19
1399 2610 1429 2640 in
1450 2609 1566 2652 primis
1585 2609 1649 2647 (a).

308 2658 349 2692 21
371 2661 620 2693 conditionibus
640 2662 704 2702 (a).
847 2663 887 2694 ‘24
910 2664 945 2700 a]
962 2663 1003 2693 ad
1022 2666 1108 2693 ante
1125 2671 1218 2693 corr.
1238 2671 1273 2692 α.
1415 2660 1595 2702 conloquio
1614 2669 1648 2691 α.

313 2708 432 2742 Canini
451 2722 484 2743 α.
655 2715 697 2747 25
718 2724 782 2745 non
803 2725 901 2755 posse
921 2715 973 2754 agi
994 2715 1032 2746 de
1052 2714 1296 2756 compositione
1315 2723 1335 2744 a
1349 2714 1437 2753 bed,
1461 2713 1500 2744 ‹le
1519 2722 1651 2753 compo—

169 2760 293 2792 sitione
312 2761 365 2800 agi
387 2771 449 2792 non
469 2772 567 2803 posse
586 2774 620 2796 ιι.
786 2765 829 2799 28
848 2765 968 2797 diebus
986 2765 1019 2798 in
1041 2766 1071 2796 b.
1238 2765 1460 2806 consumptis,
1482 2774 1551 2795 non
1571 2773 1650 2794 con-

170 2813 304 2853 sumtis,
325 2814 539 2847 etsz‘mz'lz'ter
549 2818 668 2848 omnia
681 2817 948 2858 hztt'usgenem‘s,
971 2818 1181 2859 ubicumque
1200 2817 1291 2849 nihil
1306 2826 1488 2855 monuero,
1509 2825 1542 2846 α.

167 2865 209 2896 29
231 2864 410 2896 Dirrachio
430 2875 463 2895 α.
