1835 3240
690 178 878 222 CAPVT
911 179 961 221 13
972 204 1025 209 -—
1039 178 1105 219 15.
1634 181 1715 224 725

161 303 222 337 est
241 294 476 347 aliquamdiu
498 294 842 335 uehementissime
856 324 866 344 ‚
900 293 1092 346 simulque
1122 291 1277 333 ballista
1306 292 1427 333 missa
1449 308 1471 334 a
1493 295 1641 335 nostris

161 372 309 404 turrem
331 362 497 413 deiecit,
522 376 596 416 qua
617 362 954 412 aduersariorum,
979 361 1044 415 qui
1065 362 1106 402 in
1128 374 1174 401 ea
1195 367 1305 401 turre
1326 360 1494 411 fuerant,
1529 362 1642 415 quin-

155 444 229 485 que
241 430 380 470 deiecti
393 437 487 470 sunt
499 437 661 484 etpuer,
686 429 750 481 qui
768 429 962 469 ballistam
981 430 1120 470 solitus
1139 436 1222 469 erat
1241 428 1467 469 obseruare.
1503 429 1640 479 †Eius
1661 430 1717 475 14

155 498 359 553 praeteriti
382 498 567 552 temporis
588 496 800 550 Pompeius
824 504 933 538 trans
957 498 1098 538 flumen
1122 497 1280 539 Salsum
1313 496 1517 537 castellum
1549 512 1641 538 con-

109 575 127 606 5
159 566 286 606 stituit
316 580 442 620 neque
474 580 496 606 a
527 566 673 606 nostris
707 565 925 619 prohibitus
956 566 1131 618 falsaque
1161 565 1226 605 illa
1248 564 1432 618 opinione
1452 564 1643 617 gloriatus

86 915 123 945 10

84 1254 121 1285 15

81 1594 123 1625 ‘20

80 2275 121 2307 30

156 642 237 684 est,
277 635 378 688 quod
408 648 528 687 prope
558 633 598 673 in
632 633 779 673 nostris
812 633 986 687 partibus
1017 634 1143 673 locum
1168 633 1372 674 tenuisset.
1416 631 1516 673 Item
1537 632 1643 673 inse·
1663 633 1690 672 2

156 703 291 755 quenti
312 702 373 742 die
395 702 529 742 eadem
551 702 835 743 consuetudine
858 702 946 742 dum
970 701 1125 754 longius
1148 701 1424 755 prosequitur,
1459 715 1533 753 quo
1555 700 1643 740 loco

159 770 308 823 equites
332 769 458 810 nostri
479 770 687 810 stationem
712 770 954 819 habuerant,
989 769 1134 822 aliquot
1169 776 1320 808 turmae
1352 783 1439 809 cum
1471 768 1548 809 leui
1577 782 1641 808 ar-

157 846 310 878 matura
325 869 335 888 ,
370 838 518 892 impetu
548 839 650 879 facto
680 838 767 878 loco
798 845 890 878 sunt
912 837 1052 877 deiecti
1076 843 1116 877 et
1137 844 1295 890 propter
1317 837 1550 890 paucitatem
1573 850 1643 876 no-

156 913 329 947 strorum
352 906 524 959 equitum
547 907 663 947 simul
687 921 772 947 eum
798 906 876 946 leui
906 912 1108 946 armatura
1136 904 1244 944 inter
1275 912 1423 945 turmas
1456 904 1642 945 aduersa-

156 975 303 1014 riorum
326 974 498 1027 protriti.
523 973 665 1014 Hocin
681 981 894 1028 conspectu
908 981 1165 1025 utrorumque
1181 980 1400 1012 castrorum
1414 973 1641 1025 gerebatur,
1665 971 1690 1011 3
1730 1018 1734 1021 ,

155 1049 195 1082 et
225 1041 372 1081 maiore
392 1040 623 1095 Pompeiani
655 1042 889 1082 exultabant
917 1041 1065 1095 gloria,
1100 1040 1255 1093 longius
1278 1040 1378 1093 quod
1401 1040 1548 1079 nostris
1579 1054 1643 1079 ce-

156 1109 337 1150 dentibus
353 1109 536 1163 prosequi
552 1109 792 1163 coepissent.
819 1107 1000 1161 Quicum
1024 1108 1151 1161 aliquo
1174 1108 1260 1148 loco
1283 1122 1304 1147 a
1328 1108 1477 1147 nostris
1494 1107 1643 1161 recepti
1665 1106 1693 1146 4

154 1185 303 1226 essent,
328 1178 357 1231 †
379 1185 421 1218 ut
444 1184 729 1227 consuessent,
764 1192 815 1217 ex
837 1177 955 1217 simili
978 1176 1125 1216 uirtute
1148 1176 1319 1216 clamore
1344 1176 1446 1216 sacto
1469 1175 1643 1215 auersati

155 1254 246 1287 sunt
276 1246 468 1300 proelium
501 1247 646 1286 facore.
705 1244 808 1286 Fere
845 1245 945 1299 apud
975 1245 1177 1285 exercitus
1217 1245 1314 1284 haec
1352 1250 1413 1284 est
1444 1242 1642 1296 equestris
1665 1242 1718 1286 15

154 1314 292 1367 proelii
314 1314 581 1354 consuetudo:
608 1328 693 1354 cum
718 1328 836 1366 eques
859 1313 905 1353 ad
928 1313 1186 1353 dimicandum
1212 1312 1391 1365 [dimisso
1415 1312 1532 1365 equo]
1557 1324 1643 1350 cum

156 1383 282 1436 pedite
304 1381 571 1435 congreditur,
599 1396 843 1435 nequaquam
866 1396 936 1435 par
959 1382 1137 1422 habetur.
1181 1379 1223 1420 Id
1247 1379 1347 1432 quod
1370 1379 1410 1418 in
1439 1378 1510 1418 hoc
1542 1379 1644 1419 aeci-

156 1450 212 1490 dit
232 1450 396 1504 proelio.
441 1450 540 1491 Cum
564 1450 714 1504 pedites
737 1450 813 1490 leui
836 1457 1035 1490 armatura
1057 1448 1149 1489 lecti
1179 1449 1226 1488 ad
1257 1462 1424 1502 pugnam
1448 1446 1643 1500 equitibus
1664 1445 1691 1486 2

154 1518 301 1559 nostris
324 1518 650 1572 necopinantibus
674 1518 902 1568 uenissent,
937 1519 1051 1571 idque
1083 1517 1121 1557 in
1156 1516 1304 1571 proelio
1326 1515 1644 1556 animaduersum

155 1594 277 1636 esset,
303 1587 521 1640 complures
545 1599 598 1626 ex
621 1587 729 1639 equis
752 1586 1055 1627 descenderunt.
1081 1583 1142 1626 Ita
1164 1585 1309 1639 exiguo
1332 1591 1507 1637 tempore
1525 1596 1644 1635 eques
1666 1580 1691 1622 3

153 1655 333 1708 pedestre
357 1656 494 1708 [pedes
517 1656 719 1710 equestre]
743 1655 932 1708 proelium
957 1656 1087 1694 facere
1109 1653 1255 1709 coepit,
1281 1666 1404 1705 usque
1425 1665 1472 1691 eo
1494 1658 1533 1691 ut
1557 1663 1644 1691 cae-

153 1722 238 1763 dem
261 1723 442 1777 proxime
463 1737 486 1764 a
507 1724 610 1764 uallo
634 1723 813 1764 fecerint.
859 1721 905 1763 In
929 1737 1004 1776 quo
1028 1722 1178 1776 proelio
1201 1720 1518 1761 aduersariorum
1542 1719 1645 1759 ceci·
1666 1718 1692 1759 4

154 1789 294 1830 derunt
308 1798 474 1842 CXXIII,
507 1791 805 1845 compluresque
828 1792 948 1831 armis
973 1791 1100 1840 exuti,
1126 1790 1237 1830 multi
1253 1788 1483 1829 uulneribus
1501 1787 1646 1828 adfecti

151 1859 191 1899 in
214 1866 345 1900 castra
366 1866 458 1900 sunt
478 1860 644 1900 redacti.
687 1858 830 1900 Nostri
853 1859 1080 1899 ceciderunt
1102 1865 1173 1909 1113
1203 1857 1327 1898 saucii
1347 1863 1412 1897 XII
1435 1856 1584 1910 pedites
1607 1862 1647 1896 et

150 1927 303 1980 equites
325 1933 369 1967 V.
413 1926 513 1968 Eius
535 1928 612 1968 diei
634 1928 857 1981 insequenti
881 1935 1053 1981 tempore
1076 1926 1242 1981 pristina
1264 1924 1549 1966 consuetudine
1572 1937 1642 1978 pro
1665 1922 1688 1963 5

155 2009 268 2035 muro
290 1995 457 2050 pugnari
479 2003 659 2049 coeptum
681 2002 755 2035 est.
792 1993 891 2036 Cum
915 1995 1016 2036 bene
1037 2009 1218 2050 magnam
1237 1993 1524 2034 multitudinem
1547 1992 1643 2032 telo·
1666 1989 1693 2030 (i

154 2077 239 2103 rum
261 2064 469 2117 ignemque
492 2063 637 2104 nostris
661 2063 961 2105 defendentihus
984 2063 1237 2112 iniecissent‚
1272 2061 1483 2102 nefandum
1506 2060 1646 2100 crude-

152 2131 424 2187 lissimumque
437 2132 589 2172 facinus
601 2139 695 2172 sunt
711 2131 893 2186 aggressi
916 2132 955 2171 in
976 2138 1268 2185 conspectuque
1293 2137 1430 2170 nostro
1452 2128 1643 2182 hospites,

154 2200 217 2253 qui
239 2200 279 2240 in
301 2200 441 2254 oppido
464 2208 601 2251 erant,
635 2200 814 2254 iugulare
846 2207 885 2239 et
915 2199 962 2240 de
984 2214 1097 2239 muro
1121 2198 1356 2253 praecipites
1378 2198 1533 2237 mittere
1555 2209 1644 2236 coe-

153 2276 318 2323 perunt,
355 2269 471 2309 sicuti
510 2269 610 2323 apud
650 2269 869 2318 barbaros;
916 2268 1017 2322 quod
1058 2275 1147 2322 post
1183 2266 1377 2307 hominum
1415 2265 1643 2306 memoriam

300 2373 313 2405 'l
327 2373 527 2415 aliquandiu
539 2374 604 2415 (α).
746 2373 871 2404 balista
890 2375 924 2404 et
943 2372 960 2403 3
981 2371 1138 2403 balistam
1157 2371 1222 2412 (a).
1363 2369 1382 2401 3
1395 2374 1448 2401 est
1467 2369 1496 2400 IJ.

156 2423 228 2455 cius
248 2425 429 2466 praeteriti
448 2425 611 2467 temporis
629 2435 650 2456 α
671 2426 688 2456 b
709 2436 736 2465 c,
759 2436 798 2456 eo
818 2424 1006 2467 praeterito
1028 2428 1178 2464 tempore
1199 2433 1232 2454 η.
1254 2423 1293 2454 I’.
1314 2423 1370 2456 28.
1549 2423 1567 2452 5
1587 2420 1646 2451 itta

157 2486 224 2508 um.
246 2477 277 2508 b.
441 2478 459 2511 6
479 2479 638 2521 sequenti
659 2480 689 2509 b.
855 2479 874 2510 8
894 2476 1014 2518 nostri]
1038 2477 1069 2507 in
1090 2476 1172 2507 add.
1194 2477 1223 2507 b.
1387 2474 1405 2505 ⁴.)
1426 2473 1550 2505 deiecti
1569 2484 1590 2504 ιι
1611 2473 1641 2512 b,

157 2529 311 2561 deiectae
329 2541 364 2562 u.
510 2531 549 2563 10
561 2531 728 2573 simulque
749 2531 779 2562 I).
924 2530 959 2561 ‘tl
976 2529 1112 2571 protriti
1130 2539 1164 2569 a,
1180 2527 1354 2570 proterriti
1372 2527 1390 2558 I)
1403 2539 1413 2566 ,·
1428 2527 1594 2568 protritae
1608 2536 1642 2556 ιι.

299 2582 341 2615 12
359 2584 561 2615 exultabant
578 2594 612 2616 α.
757 2582 882 2623 gloria}
901 2581 1010 2613 letitia
1032 2581 1061 2612 b.
1207 2579 1406 2621 longiusque
1428 2578 1553 2609 nostris
1571 2588 1590 2608 a
1612 2577 1642 2608 b.

301 2632 341 2664 13
361 2640 547 2677 coeperunt
566 2636 597 2666 b.
750 2635 788 2666 14
806 2634 828 2675 -Ξ-
848 2639 883 2665 ut
902 2632 1142 2674 consuessent]
1161 2632 1291 2664 1¹.·235.
1438 2632 1473 2662 lt')
1489 2630 1643 2671 [dimisso

158 2683 258 2725 equo]
281 2684 317 2714 l'-
336 2683 416 2717 ,235-
568 2686 609 2718 18
628 2686 759 2727 proelio
779 2697 799 2717 a
821 2686 851 2725 b,
872 2685 1060 2717 certamine
1080 2695 1115 2716 u.
1258 2683 1324 2715 leui
1345 2693 1364 2713 (I
1386 2683 1414 2721 b,
1437 2691 1476 2711 ex
1499 2680 1564 2710 leui
1585 2680 1644 2710 Al—

159 2734 222 2765 das
242 2744 275 2765 u,
293 2733 332 2764 Ρ.
347 2734 403 2766 26.
544 2737 586 2769 20
600 2738 714 2778 itaque
732 2738 762 2769 b.
904 2736 943 2768 ‘21
962 2737 1139 2778 pedestres
1158 2745 1192 2766 (ι.
1337 2733 1455 2775 [pedes
1468 2731 1642 2773 equestre]

157 2786 195 2818 P.
216 2786 280 2818 230
302 2788 351 2817 ln.
496 2788 539 2820 23
558 2789 685 2821 adfecti
705 2800 738 2821 (ι.
879 2790 921 2822 24
941 2789 1075 2820 reducti
1097 2789 1128 2820 b.
1271 2785 1445 2817 duodecin·
1465 2794 1498 2815 a.

157 2841 189 2868 ct
208 2847 284 2867 cum
307 2837 325 2868 b
344 2840 376 2868 et
397 2847 464 2869 uno
484 2838 553 2871 det.
575 2849 644 2871 om.
664 2850 699 2872 u,
849 2841 892 2874 25
913 2843 994 2872 ante
1013 2840 1158 2883 pristina
1176 2837 1258 2870 mla.
1280 2846 1338 2878 pro
1359 2836 1386 2866 b.
1532 2836 1573 2867 26
1595 2840 1642 2866 tc-

159 2889 264 2920 lorum
283 2898 351 2920 om.
374 2890 404 2921 b.
546 2890 588 2923 29
608 2896 793 2933 coeperunt
811 2902 879 2924 om.
903 2892 932 2923 b.
