1835 3240
684 153 1111 197 —225—

158 289 177 315 a
193 272 366 314 Caesare
389 277 518 310 autem
544 269 740 309 diuersum
765 283 810 309 ae
831 275 1041 318 remotum,
1057 267 1158 321 quod
1180 272 1266 307 erat
1281 267 1327 307 ab
1344 281 1389 307 eo
1408 270 1522 324 longe
1537 272 1641 312 milia

156 354 334 396 passuum
350 336 523 378 XVIII'.
550 336 624 377 Hic
638 345 815 390 apertum
832 344 892 377 est
909 350 985 376 non
1005 335 1295 390 potuisseinter
1309 333 1497 377 Caesaris
1512 346 1640 379 castra

155 415 195 448 et
217 407 396 461 oppidum
420 406 572 461 longius
597 405 762 459 spatium
780 405 1041 453 intercedere,
1058 417 1170 456 quam
1190 402 1294 443 inter
1311 410 1439 442 castra
1454 401 1640 447 Caesaris

156 483 196 516 et
216 474 414 529 Scipionis
447 482 562 527 atque
596 473 709 512 huius
742 479 871 512 castra
896 480 935 512 et
957 473 1135 526 oppidum
1158 471 1376 511 intererat:
1413 471 1450 511 id
1474 473 1579 512 nulla
1603 488 1643 513 rc

157 544 335 596 cogimur
367 550 411 582 ut
443 557 528 581 cum
553 539 795 594 Glandorpio
827 540 932 579 inter
954 537 1142 580 Caesaris
1175 547 1305 580 castra
1337 546 1376 579 et
1405 540 1583 593 oppidum
1606 541 1643 581 id

153 611 318 665 spatium
352 609 628 650 intercessisse
660 615 894 657 statuamus,
928 607 1027 660 quod
1062 621 1113 647 ex
1142 607 1219 646 illis
1243 607 1461 648 interuallis
1487 609 1641 648 coniici-

155 686 234 719 tur.
270 678 375 719 Nam
401 679 431 718 si
456 676 680 717 aCaesaris
703 676 844 716 castris
868 683 974 715 recta
1000 675 1162 729 regione
1175 676 1219 715 ad
1237 675 1416 729 oppidum
1436 677 1644 729 peruenire

156 748 298 788 licebat
333 745 529 800 Scipionis
562 752 693 785 eastra
726 745 770 783 ad
795 744 1092 783 alteramutram
1115 751 1265 797 partem
1289 745 1522 797 reliquenti,
1556 745 1644 784 bre-

156 815 243 854 uius
267 814 516 854 interuallum
541 820 643 853 erat.
668 810 805 864 Itaque
819 809 1056 851 Leidensem
1082 826 1140 864 pr.
1157 819 1316 852 secutus
1335 826 1404 865 pro
1418 811 1644 853 XVIlImi-

155 882 254 922 libus
277 881 379 922 XIV
401 883 538 936 posui3
560 896 612 921 ex
636 894 711 933 quo
735 893 900 919 numero
920 887 958 919 et
975 877 1081 919 XIX
1097 880 1218 929 milia,
1236 894 1333 933 quac
1352 881 1390 919 in
1406 878 1510 920 Scal.
1534 887 1641 930 sunt,

155 957 217 998 et,
254 951 365 990 modo
389 950 601 990 secundum
627 948 886 1001 antiquiorem
912 949 1236 988 consuetudinem
1260 946 1384 987 XIIII
1406 948 1640 997 scribamus,

154 1014 318 1058 XVIIII
340 1019 461 1067 milia,
487 1025 528 1057 ut
552 1017 588 1057 in
614 1015 707 1056 Par.
733 1029 815 1056 sec.
841 1015 1000 1068 legitur,
1030 1017 1141 1056 facile
1165 1016 1408 1057 oriebantur.

269 1082 316 1124 C.
344 1085 398 1126 70
421 1093 522 1125 extr.
551 1085 602 1124 ita
626 1084 835 1124 edebatur:
866 1081 1013 1137 ‘Scipio
1043 1084 1199 1124 interim
1237 1084 1410 1136 legiones
1434 1085 1643 1138 productas

155 1166 240 1192 cum
266 1154 496 1207 elephantis,
514 1167 609 1206 quos
634 1159 725 1191 ante
748 1151 929 1191 castrain
945 1152 1029 1191 acie
1052 1152 1220 1192 terroris
1234 1153 1359 1206 gratia
1380 1154 1419 1192 in
1433 1159 1644 1206 conspectu

156 1217 342 1261 Caesaris
366 1222 644 1269 coltocauerat,
662 1220 811 1259 reducit
834 1220 871 1258 in
895 1220 1054 1259 castra'.
1088 1218 1239 1261 Verum
1263 1222 1335 1261 soli
1355 1221 1551 1275 elephanti
1568 1228 1644 1260 ter-

156 1303 284 1328 rorem
308 1287 561 1330 Caesarianis
583 1290 731 1329 inl'erre
755 1303 831 1328 non
856 1295 1064 1342 poterant,
1099 1302 1226 1341 neque
1249 1289 1273 1328 ii
1299 1296 1446 1329 tantum
1463 1320 1472 1338 ,
1498 1289 1565 1329 sed
1590 1289 1644 1329 le-

156 1356 293 1408 giones
317 1371 470 1410 quoque
492 1358 531 1396 in
553 1357 636 1397 acie
660 1362 774 1395 erant
796 1356 1026 1396 collocatae.
1062 1355 1198 1409 Itaque
1223 1356 1349 1409 ‘quas'
1373 1357 1528 1410 scripsi.

270 1422 318 1464 C.
343 1424 422 1473 78,
448 1425 472 1464 7
497 1423 744 1463 scribendum
769 1423 860 1462 suit:
897 1421 1066 1463 ‘Caesar
1096 1424 1261 1464 alteram
1285 1425 1384 1463 alam
1408 1425 1554 1474 mittit,
1580 1425 1644 1478 qni

156 1493 422 1547 satagentibus
446 1492 629 1531 celeriter
651 1492 959 1531 succurrerent'.
995 1490 1101 1531 Nam
1123 1491 1423 1542 ‘occurrerent',
1440 1493 1539 1546 quod
1563 1493 1643 1533 edi-

156 1568 244 1611 tur,
280 1575 358 1600 non
380 1559 677 1612 comprehendit
699 1559 760 1608 id,
794 1560 892 1611 quod
919 1558 979 1598 hie
1002 1559 1298 1612 significandum
1323 1567 1434 1610 erat,
1466 1561 1639 1601 subsidio

157 1628 307 1681 equites
341 1628 482 1667 missos
506 1639 611 1666 esse.
654 1625 793 1678 Itaque
823 1625 1026 1666 ‘subsidio'
1051 1628 1113 1667 uel
1137 1628 1319 1666 ‘auxilio'
1343 1628 1403 1668 uel
1429 1629 1642 1682 ‘suppetias

156 1694 425 1735 occurrerent'
449 1701 587 1734 auctor
608 1694 850 1748 scripsisset,
868 1701 910 1733 ut
934 1695 1062 1734 facere
1087 1696 1307 1745 consueuit,
1326 1710 1409 1735 cum
1431 1695 1504 1735 hoc
1523 1696 1643 1736 uerbo

154 1764 193 1804 in
217 1763 282 1803 tali
306 1777 348 1803 re
370 1762 507 1802 utitur.

268 1830 316 1871 C.
332 1829 387 1871 80
408 1831 461 1870 in.
487 1830 583 1870 haec
605 1830 798 1869 eduntur:
828 1829 943 1870 ‘Erat
964 1838 1144 1884 stagnum
1168 1831 1398 1878 salinarum,
1417 1831 1522 1872 inter
1543 1833 1644 1885 quod

154 1907 192 1940 et
214 1913 320 1939 mare
343 1899 552 1952 angustiae
576 1898 763 1951 quaedam
788 1913 864 1937 non
887 1899 1052 1953 amplius
1075 1900 1179 1939 mille
1198 1906 1237 1938 et
1253 1899 1488 1952 quingentos
1505 1915 1643 1954 passus

154 1966 395 2016 intererant,
421 1980 516 2019 quas
532 1964 663 2018 Scipio
687 1966 837 2006 intrare
859 1965 1163 2021 ctThapsitanis
1187 1968 1377 2008 auxilium
1404 1970 1506 2008 l'erre
1527 1983 1644 2009 cona-

154 2034 284 2074 batur.
329 2033 442 2087 Quod
467 2035 637 2074 futurum
662 2032 876 2075 Caesarem
899 2049 977 2075 nou
1001 2036 1210 2076 l'el'ellerat.
1252 2035 1435 2089 Namque
1459 2037 1582 2090 pridie
1604 2037 1643 2077 in

153 2116 199 2143 eo
222 2103 308 2142 loco
331 2103 492 2143 castello
516 2103 664 2142 munito
688 2103 815 2156 ibique
839 2104 942 2143 trino
965 2104 1161 2157 praesidio
1184 2105 1321 2145 relicto
1342 2105 1426 2159 ipse
1445 2120 1531 2145 cum
1553 2106 1643 2145 reli-

152 2170 235 2223 quis
267 2171 389 2224 copiis
412 2171 555 2211 lunatis
579 2172 720 2211 castris
742 2170 942 2225 Thapsum
967 2173 1151 2226 operibus
1175 2174 1519 2213 circummuniuit'.
1558 2173 1643 2214 Iloc

152 2238 295 2278 trinum
311 2239 543 2292 praesidium
560 2238 670 2279 nihili
696 2253 784 2279 esse
802 2247 977 2293 apertum
993 2248 1052 2280 est
1069 2258 1077 2280 z
1096 2242 1271 2293 neqnein
1289 2242 1400 2282 codd..
1418 2243 1469 2281 ita
1482 2241 1639 2295 legitur.

150 2303 256 2346 Nam
289 2306 328 2346 in
355 2305 443 2347 Par.
467 2321 547 2347 sec.
583 2314 623 2346 et
645 2305 754 2347 Scal.
780 2308 966 2361 scriptum
992 2317 1054 2348 est
1087 2307 1162 2348 ‘Ill
1185 2310 1380 2363 praesidio
1404 2310 1580 2359 relicto',
1604 2310 1642 2350 in

150 2371 266 2414 Leid.
293 2389 353 2428 pr.
381 2375 624 2415 ‘cohortibus
648 2376 773 2416 tribus
797 2377 991 2430 praesidio
1016 2377 1182 2426 relieto',
1208 2378 1248 2417 in
1272 2378 1534 2418 deterioribus
1557 2378 1643 2432 qui-

152 2440 315 2482 busdam
355 2448 512 2498 ‘magno
536 2443 760 2497 praesidio'.
803 2442 1124 2498 Snpplementum
1149 2446 1323 2496 librarii,
1349 2446 1414 2499 qui
1435 2445 1551 2486 Leid.
1580 2460 1637 2499 pr.

153 2509 333 2563 scripsit,
359 2512 583 2566 corrigebat
605 2509 909 2566 Oudendorpius
935 2513 1167 2553 ‘cohortium
1193 2514 1322 2554 trium'
1346 2528 1511 2568 ponens.
1567 2512 1641 2553 Po·

155 2575 230 2616 tius
260 2578 330 2631 ipsi
355 2580 605 2633 suppleamus
631 2578 707 2619 ‘III
730 2582 935 2635 legionum
958 2582 1154 2634 praesidio
1178 2582 1354 2622 relicto't
1391 2596 1478 2622 nam
1504 2583 1643 2622 cohor-

158 2642 259 2683 tibus
282 2646 404 2687 trihus
427 2645 582 2688 Caesar
604 2662 646 2688 se
665 2646 888 2702 Scipionem
913 2656 1156 2689 retenturum
1182 2665 1345 2705 sperare
1368 2665 1445 2691 non
1469 2657 1637 2704 poterat.

267 2710 313 2751 C.
332 2712 401 2764 85,
416 2715 442 2754 4
462 2716 518 2755 sic
541 2717 666 2756 edidi:
696 2714 788 2769 ‘Qui
814 2724 1017 2770 postquam
1040 2719 1086 2758 ad
1102 2732 1147 2758 ea
1162 2727 1309 2769 castra,
1327 2733 1425 2773 quae
1441 2718 1638 2773 petebant,

157 2779 426 2831 perfugerunt‚
454 2791 494 2822 ut
514 2785 676 2825 refectis
701 2785 841 2825 castris
864 2800 1003 2826 rursus
1027 2801 1115 2827 sese
1139 2788 1409 2832 defenderent,
1431 2788 1642 2838 ducemque

155 2845 320 2897 aliquem
344 2849 604 2901 requirerent,
619 2867 731 2905 quem
753 2853 1014 2907 respicerent,
1029 2855 1141 2895 cuius
1155 2856 1388 2895 auctoritate
1404 2854 1641 2907 imperioque

202 2921 322 2957 Caesar,
339 2922 383 2949 ed.
406 2923 547 2960 Nipperd.
1391 2921 1441 2960 15
