<?xml version="1.0" encoding="UTF-8"?>
<!DOCTYPE html PUBLIC "-//W3C//DTD XHTML 1.0 Transitional//EN"
    "http://www.w3.org/TR/xhtml1/DTD/xhtml1-transitional.dtd">
<html xmlns="http://www.w3.org/1999/xhtml" xml:lang="en" lang="en">
 <head>
  <title>
</title>
<meta http-equiv="Content-Type" content="text/html;charset=utf-8" />
  <meta name='ocr-system' content='tesseract 3.04.00' />
  <meta name='ocr-capabilities' content='ocr_page ocr_carea ocr_par ocr_line ocrx_word'/>
</head>
<body>
  <div class='ocr_page' id='page_1' title='image "./commentarii00caesuoft_0628.png"; bbox 0 0 1835 3240; ppageno 0'>
   <div class='ocr_carea' id='block_1_1' title="bbox 85 182 1156 230">
    <p class='ocr_par' dir='ltr' id='par_1_1' title="bbox 85 182 1156 230">
     <span class='ocr_line' id='line_1_1' title="bbox 85 182 1156 230; baseline 0.004 -6"><span class='ocrx_word' id='word_1_1' title='bbox 85 182 170 225; x_wconf 81' lang='grc'>618</span> <span class='ocrx_word' id='word_1_2' title='bbox 650 187 724 230; x_wconf 90' lang='lat' dir='ltr'>DE</span> <span class='ocrx_word' id='word_1_3' title='bbox 756 186 947 230; x_wconf 87' lang='lat' dir='ltr'>BELLO</span> <span class='ocrx_word' id='word_1_4' title='bbox 980 185 1156 230; x_wconf 86' lang='lat' dir='ltr'>CIVILI</span> 
     </span>
    </p>
   </div>
   <div class='ocr_carea' id='block_1_2' title="bbox 63 294 1641 2323">
    <p class='ocr_par' dir='ltr' id='par_1_2' title="bbox 112 294 1641 696">
     <span class='ocr_line' id='line_1_2' title="bbox 115 294 1640 358; baseline 0.007 -23"><span class='ocrx_word' id='word_1_5' title='bbox 115 294 140 336; x_wconf 88' lang='lat'>5</span> <span class='ocrx_word' id='word_1_6' title='bbox 162 296 295 349; x_wconf 81' lang='lat' dir='ltr'>paucis</span> <span class='ocrx_word' id='word_1_7' title='bbox 325 297 460 340; x_wconf 90' lang='lat' dir='ltr'>diebus</span> <span class='ocrx_word' id='word_1_8' title='bbox 483 300 605 340; x_wconf 90' lang='lat' dir='ltr'>uenit.</span> <span class='ocrx_word' id='word_1_9' title='bbox 648 300 815 341; x_wconf 86' lang='lat' dir='ltr'><strong>Biduum</strong></span> <span class='ocrx_word' id='word_1_10' title='bbox 838 307 1069 354; x_wconf 78' lang='lat' dir='ltr'><strong>tempestate</strong></span> <span class='ocrx_word' id='word_1_11' title='bbox 1091 307 1265 342; x_wconf 89' lang='lat' dir='ltr'>retentus</span> <span class='ocrx_word' id='word_1_12' title='bbox 1287 301 1531 358; x_wconf 90' lang='lat' dir='ltr'>nauibusque</span> <span class='ocrx_word' id='word_1_13' title='bbox 1553 304 1640 345; x_wconf 88' lang='lat' dir='ltr'>aliis</span> 
     </span>
     <span class='ocr_line' id='line_1_3' title="bbox 112 361 1640 422; baseline 0.005 -17"><span class='ocrx_word' id='word_1_14' title='bbox 112 361 140 403; x_wconf 85' lang='grc'><strong>6</strong></span> <span class='ocrx_word' id='word_1_15' title='bbox 160 364 302 405; x_wconf 82' lang='lat' dir='ltr'>additis</span> <span class='ocrx_word' id='word_1_16' title='bbox 333 368 522 407; x_wconf 78' lang='lat' dir='ltr'>actuariis</span> <span class='ocrx_word' id='word_1_17' title='bbox 544 368 583 408; x_wconf 90' lang='lat' dir='ltr'>in</span> <span class='ocrx_word' id='word_1_18' title='bbox 607 366 787 408; x_wconf 84' lang='lat' dir='ltr'>Ciliciam</span> <span class='ocrx_word' id='word_1_19' title='bbox 809 375 926 421; x_wconf 88' lang='lat' dir='ltr'>atque</span> <span class='ocrx_word' id='word_1_20' title='bbox 947 368 1038 408; x_wconf 88' lang='lat' dir='ltr'>inde</span> <span class='ocrx_word' id='word_1_21' title='bbox 1061 364 1235 422; x_wconf 87' lang='lat' dir='ltr'>Cyprum</span> <span class='ocrx_word' id='word_1_22' title='bbox 1256 371 1451 422; x_wconf 90' lang='lat' dir='ltr'>peruenit.</span> <span class='ocrx_word' id='word_1_23' title='bbox 1494 370 1552 412; x_wconf 92' lang='lat' dir='ltr'>Ibi</span> <span class='ocrx_word' id='word_1_24' title='bbox 1576 387 1640 413; x_wconf 90' lang='lat' dir='ltr'>co-</span> 
     </span>
     <span class='ocr_line' id='line_1_4' title="bbox 161 432 1636 490; baseline 0.005 -18"><span class='ocrx_word' id='word_1_25' title='bbox 161 432 318 485; x_wconf 87' lang='lat' dir='ltr'>gnoscit</span> <span class='ocrx_word' id='word_1_26' title='bbox 345 447 540 474; x_wconf 89' lang='lat' dir='ltr'>consensu</span> <span class='ocrx_word' id='word_1_27' title='bbox 563 435 732 474; x_wconf 90' lang='lat' dir='ltr'>omnium</span> <span class='ocrx_word' id='word_1_28' title='bbox 755 434 1085 476; x_wconf 79' lang='lat' dir='ltr'>Antiochensium</span> <span class='ocrx_word' id='word_1_29' title='bbox 1108 435 1328 488; x_wconf 89' lang='lat' dir='ltr'>ciuiumque</span> <span class='ocrx_word' id='word_1_30' title='bbox 1350 437 1636 490; x_wconf 87' lang='lat' dir='ltr'>Romanorum,</span> 
     </span>
     <span class='ocr_line' id='line_1_5' title="bbox 160 500 1641 557; baseline 0.005 -18"><span class='ocrx_word' id='word_1_31' title='bbox 160 501 224 553; x_wconf 91' lang='lat' dir='ltr'>qui</span> <span class='ocrx_word' id='word_1_32' title='bbox 253 500 334 541; x_wconf 88' lang='lat' dir='ltr'>illic</span> <span class='ocrx_word' id='word_1_33' title='bbox 365 502 689 555; x_wconf 74' lang='lat' dir='ltr'>negotiarentur,</span> <span class='ocrx_word' id='word_1_34' title='bbox 723 517 853 543; x_wconf 88' lang='lat' dir='ltr'>arcem</span> <span class='ocrx_word' id='word_1_35' title='bbox 886 510 1036 557; x_wconf 87' lang='lat' dir='ltr'>captam</span> <span class='ocrx_word' id='word_1_36' title='bbox 1069 516 1158 543; x_wconf 90' lang='lat' dir='ltr'>esse</span> <span class='ocrx_word' id='word_1_37' title='bbox 1180 503 1415 545; x_wconf 80' lang='lat' dir='ltr'>excludendi</span> <span class='ocrx_word' id='word_1_38' title='bbox 1438 507 1499 546; x_wconf 90' lang='lat' dir='ltr'>sui</span> <span class='ocrx_word' id='word_1_39' title='bbox 1521 521 1641 547; x_wconf 83' lang='lat' dir='ltr'>causa</span> 
     </span>
     <span class='ocr_line' id='line_1_6' title="bbox 159 568 1635 624; baseline 0.005 -17"><span class='ocrx_word' id='word_1_40' title='bbox 159 568 395 621; x_wconf 86' lang='lat' dir='ltr'>nuntiosque</span> <span class='ocrx_word' id='word_1_41' title='bbox 427 568 609 609; x_wconf 90' lang='lat' dir='ltr'>dimissos</span> <span class='ocrx_word' id='word_1_42' title='bbox 641 570 688 609; x_wconf 89' lang='lat' dir='ltr'>ad</span> <span class='ocrx_word' id='word_1_43' title='bbox 720 584 789 611; x_wconf 90' lang='lat' dir='ltr'>eos</span> <span class='ocrx_word' id='word_1_44' title='bbox 805 601 816 620; x_wconf 94' lang='lat'>,</span> <span class='ocrx_word' id='word_1_45' title='bbox 851 571 915 623; x_wconf 91' lang='lat' dir='ltr'>qui</span> <span class='ocrx_word' id='word_1_46' title='bbox 937 584 980 611; x_wconf 92' lang='lat' dir='ltr'>se</span> <span class='ocrx_word' id='word_1_47' title='bbox 1001 584 1054 610; x_wconf 82' lang='lat' dir='ltr'>ex</span> <span class='ocrx_word' id='word_1_48' title='bbox 1075 571 1163 624; x_wconf 85' lang='lat' dir='ltr'>suga</span> <span class='ocrx_word' id='word_1_49' title='bbox 1185 571 1223 611; x_wconf 91' lang='lat' dir='ltr'>in</span> <span class='ocrx_word' id='word_1_50' title='bbox 1248 571 1432 612; x_wconf 86' lang='lat' dir='ltr'>finitimas</span> <span class='ocrx_word' id='word_1_51' title='bbox 1455 574 1635 615; x_wconf 89' lang='lat' dir='ltr'>ciuitates</span> 
     </span>
     <span class='ocr_line' id='line_1_7' title="bbox 157 635 1638 696; baseline 0.005 -21"><span class='ocrx_word' id='word_1_52' title='bbox 157 637 357 689; x_wconf 88' lang='lat' dir='ltr'>recepisse</span> <span class='ocrx_word' id='word_1_53' title='bbox 378 635 617 687; x_wconf 78' lang='lat' dir='ltr'>dicerentur,</span> <span class='ocrx_word' id='word_1_54' title='bbox 634 651 683 678; x_wconf 91' lang='lat' dir='ltr'>ne</span> <span class='ocrx_word' id='word_1_55' title='bbox 704 638 957 678; x_wconf 87' lang='lat' dir='ltr'>Antiochiam</span> <span class='ocrx_word' id='word_1_56' title='bbox 978 638 1154 678; x_wconf 89' lang='lat' dir='ltr'>adirent:</span> <span class='ocrx_word' id='word_1_57' title='bbox 1170 639 1208 679; x_wconf 90' lang='lat' dir='ltr'>id</span> <span class='ocrx_word' id='word_1_58' title='bbox 1228 638 1261 678; x_wconf 90' lang='lat' dir='ltr'>si</span> <span class='ocrx_word' id='word_1_59' title='bbox 1278 640 1480 691; x_wconf 79' lang='lat' dir='ltr'>fecissent,</span> <span class='ocrx_word' id='word_1_60' title='bbox 1499 655 1638 696; x_wconf 83' lang='lat' dir='ltr'>magno</span> 
     </span>
    </p>

    <p class='ocr_par' dir='ltr' id='par_1_3' title="bbox 111 701 1640 1028">
     <span class='ocr_line' id='line_1_8' title="bbox 111 701 1639 763; baseline 0.005 -21"><span class='ocrx_word' id='word_1_61' title='bbox 111 701 139 743; x_wconf 91' lang='grc'>7</span> <span class='ocrx_word' id='word_1_62' title='bbox 160 716 295 743; x_wconf 91' lang='lat' dir='ltr'>eorum</span> <span class='ocrx_word' id='word_1_63' title='bbox 328 703 463 756; x_wconf 87' lang='lat' dir='ltr'>capitis</span> <span class='ocrx_word' id='word_1_64' title='bbox 485 704 659 757; x_wconf 90' lang='lat' dir='ltr'>periculo</span> <span class='ocrx_word' id='word_1_65' title='bbox 681 706 867 746; x_wconf 89' lang='lat' dir='ltr'>futurum.</span> <span class='ocrx_word' id='word_1_66' title='bbox 912 703 1020 746; x_wconf 89' lang='lat' dir='ltr'>Idem</span> <span class='ocrx_word' id='word_1_67' title='bbox 1042 705 1115 746; x_wconf 94' lang='lat' dir='ltr'>hoc</span> <span class='ocrx_word' id='word_1_68' title='bbox 1135 704 1185 746; x_wconf 92' lang='lat' dir='ltr'>L.</span> <span class='ocrx_word' id='word_1_69' title='bbox 1209 704 1382 747; x_wconf 91' lang='lat' dir='ltr'>Lentulo</span> <span class='ocrx_word' id='word_1_70' title='bbox 1396 738 1406 757; x_wconf 93' lang='lat'>,</span> <span class='ocrx_word' id='word_1_71' title='bbox 1440 709 1504 760; x_wconf 89' lang='lat' dir='ltr'>qui</span> <span class='ocrx_word' id='word_1_72' title='bbox 1525 722 1639 763; x_wconf 90' lang='lat' dir='ltr'>supe-</span> 
     </span>
     <span class='ocr_line' id='line_1_9' title="bbox 157 770 1638 824; baseline 0.004 -14"><span class='ocrx_word' id='word_1_73' title='bbox 157 770 265 811; x_wconf 91' lang='lat' dir='ltr'>riore</span> <span class='ocrx_word' id='word_1_74' title='bbox 295 784 398 810; x_wconf 87' lang='lat' dir='ltr'>anno</span> <span class='ocrx_word' id='word_1_75' title='bbox 431 772 571 812; x_wconf 91' lang='lat' dir='ltr'>consul</span> <span class='ocrx_word' id='word_1_76' title='bbox 601 774 753 824; x_wconf 88' lang='lat' dir='ltr'>fuerat,</span> <span class='ocrx_word' id='word_1_77' title='bbox 789 780 828 814; x_wconf 89' lang='lat' dir='ltr'>et</span> <span class='ocrx_word' id='word_1_78' title='bbox 855 772 905 814; x_wconf 92' lang='lat' dir='ltr'>P.</span> <span class='ocrx_word' id='word_1_79' title='bbox 930 771 1102 813; x_wconf 86' lang='lat' dir='ltr'>Lentulo</span> <span class='ocrx_word' id='word_1_80' title='bbox 1135 774 1333 815; x_wconf 88' lang='lat' dir='ltr'>consulari</span> <span class='ocrx_word' id='word_1_81' title='bbox 1364 788 1411 815; x_wconf 88' lang='lat' dir='ltr'>ac</span> <span class='ocrx_word' id='word_1_82' title='bbox 1440 777 1638 817; x_wconf 89' lang='lat' dir='ltr'>nonnullis</span> 
     </span>
     <span class='ocr_line' id='line_1_10' title="bbox 157 837 1640 898; baseline 0.006 -22"><span class='ocrx_word' id='word_1_83' title='bbox 157 837 245 877; x_wconf 91' lang='lat' dir='ltr'>aliis</span> <span class='ocrx_word' id='word_1_84' title='bbox 269 838 469 878; x_wconf 90' lang='lat' dir='ltr'>acciderat</span> <span class='ocrx_word' id='word_1_85' title='bbox 479 838 609 881; x_wconf 92' lang='lat' dir='ltr'>Rhodi</span> <span class='ocrx_word' id='word_1_86' title='bbox 622 857 632 892; x_wconf 80' lang='lat'><em>3</em></span> <span class='ocrx_word' id='word_1_87' title='bbox 649 842 713 894; x_wconf 92' lang='lat' dir='ltr'>qui</span> <span class='ocrx_word' id='word_1_88' title='bbox 735 856 821 882; x_wconf 88' lang='lat' dir='ltr'>cum</span> <span class='ocrx_word' id='word_1_89' title='bbox 836 855 889 882; x_wconf 77' lang='lat' dir='ltr'>ex</span> <span class='ocrx_word' id='word_1_90' title='bbox 902 842 995 896; x_wconf 85' lang='lat' dir='ltr'>fuga</span> <span class='ocrx_word' id='word_1_91' title='bbox 1005 839 1235 895; x_wconf 92' lang='lat' dir='ltr'>Pompeium</span> <span class='ocrx_word' id='word_1_92' title='bbox 1249 849 1511 895; x_wconf 85' lang='lat' dir='ltr'>sequerentur</span> <span class='ocrx_word' id='word_1_93' title='bbox 1525 851 1640 898; x_wconf 91' lang='lat' dir='ltr'>atque</span> 
     </span>
     <span class='ocr_line' id='line_1_11' title="bbox 155 904 1640 966; baseline 0.007 -23"><span class='ocrx_word' id='word_1_94' title='bbox 155 904 197 944; x_wconf 90' lang='lat' dir='ltr'>in</span> <span class='ocrx_word' id='word_1_95' title='bbox 217 904 385 945; x_wconf 90' lang='lat' dir='ltr'>insulam</span> <span class='ocrx_word' id='word_1_96' title='bbox 409 908 638 958; x_wconf 90' lang='lat' dir='ltr'>uenissent,</span> <span class='ocrx_word' id='word_1_97' title='bbox 663 909 803 963; x_wconf 90' lang='lat' dir='ltr'>oppido</span> <span class='ocrx_word' id='word_1_98' title='bbox 825 924 871 950; x_wconf 86' lang='lat' dir='ltr'>ac</span> <span class='ocrx_word' id='word_1_99' title='bbox 893 916 1006 963; x_wconf 89' lang='lat' dir='ltr'>portu</span> <span class='ocrx_word' id='word_1_100' title='bbox 1026 909 1174 963; x_wconf 86' lang='lat' dir='ltr'>recepti</span> <span class='ocrx_word' id='word_1_101' title='bbox 1196 923 1275 949; x_wconf 90' lang='lat' dir='ltr'>non</span> <span class='ocrx_word' id='word_1_102' title='bbox 1296 917 1410 950; x_wconf 89' lang='lat' dir='ltr'>erant</span> <span class='ocrx_word' id='word_1_103' title='bbox 1429 910 1640 966; x_wconf 89' lang='lat' dir='ltr'>missisque</span> 
     </span>
     <span class='ocr_line' id='line_1_12' title="bbox 155 971 1638 1028; baseline 0.007 -17"><span class='ocrx_word' id='word_1_104' title='bbox 155 971 203 1011; x_wconf 87' lang='lat' dir='ltr'>ad</span> <span class='ocrx_word' id='word_1_105' title='bbox 225 986 293 1013; x_wconf 90' lang='lat' dir='ltr'>eos</span> <span class='ocrx_word' id='word_1_106' title='bbox 316 974 465 1015; x_wconf 91' lang='lat' dir='ltr'>nuntiis</span> <span class='ocrx_word' id='word_1_107' title='bbox 480 1006 490 1025; x_wconf 85' lang='lat'>,</span> <span class='ocrx_word' id='word_1_108' title='bbox 515 983 556 1016; x_wconf 87' lang='lat' dir='ltr'>ut</span> <span class='ocrx_word' id='word_1_109' title='bbox 578 990 630 1017; x_wconf 75' lang='lat' dir='ltr'>ex</span> <span class='ocrx_word' id='word_1_110' title='bbox 653 978 711 1017; x_wconf 91' lang='lat' dir='ltr'>his</span> <span class='ocrx_word' id='word_1_111' title='bbox 733 978 831 1019; x_wconf 81' lang='lat' dir='ltr'>locis</span> <span class='ocrx_word' id='word_1_112' title='bbox 854 977 1123 1028; x_wconf 84' lang='lat' dir='ltr'>discederent,</span> <span class='ocrx_word' id='word_1_113' title='bbox 1149 985 1288 1018; x_wconf 90' lang='lat' dir='ltr'>contra</span> <span class='ocrx_word' id='word_1_114' title='bbox 1309 977 1549 1020; x_wconf 90' lang='lat' dir='ltr'>uoluntatem</span> <span class='ocrx_word' id='word_1_115' title='bbox 1573 994 1638 1021; x_wconf 91' lang='lat' dir='ltr'>su-</span> 
     </span>
    </p>

    <p class='ocr_par' dir='ltr' id='par_1_4' title="bbox 63 1035 1638 2323">
     <span class='ocr_line' id='line_1_13' title="bbox 107 1035 1636 1099; baseline 0.006 -21"><span class='ocrx_word' id='word_1_116' title='bbox 107 1035 134 1078; x_wconf 88' lang='lat'>8</span> <span class='ocrx_word' id='word_1_117' title='bbox 155 1053 217 1079; x_wconf 90' lang='lat' dir='ltr'>am</span> <span class='ocrx_word' id='word_1_118' title='bbox 240 1054 362 1082; x_wconf 88' lang='lat' dir='ltr'>naues</span> <span class='ocrx_word' id='word_1_119' title='bbox 384 1043 606 1084; x_wconf 89' lang='lat' dir='ltr'>soluerunt.</span> <span class='ocrx_word' id='word_1_120' title='bbox 649 1043 810 1099; x_wconf 92' lang='lat' dir='ltr'>Iamque</span> <span class='ocrx_word' id='word_1_121' title='bbox 832 1047 879 1087; x_wconf 90' lang='lat' dir='ltr'>de</span> <span class='ocrx_word' id='word_1_122' title='bbox 902 1044 1089 1087; x_wconf 82' lang='lat' dir='ltr'>Caesaris</span> <span class='ocrx_word' id='word_1_123' title='bbox 1112 1046 1282 1085; x_wconf 89' lang='lat' dir='ltr'>aduentu</span> <span class='ocrx_word' id='word_1_124' title='bbox 1304 1046 1406 1086; x_wconf 84' lang='lat' dir='ltr'>fama</span> <span class='ocrx_word' id='word_1_125' title='bbox 1429 1046 1476 1086; x_wconf 91' lang='lat' dir='ltr'>ad</span> <span class='ocrx_word' id='word_1_126' title='bbox 1498 1047 1636 1087; x_wconf 89' lang='lat' dir='ltr'>ciuita-</span> 
     </span>
     <span class='ocr_line' id='line_1_14' title="bbox 77 1105 1637 1168; baseline 0.006 -21"><span class='ocrx_word' id='word_1_127' title='bbox 77 1105 164 1152; x_wconf 83' lang='grc'>103</span> <span class='ocrx_word' id='word_1_128' title='bbox 177 1114 235 1148; x_wconf 88' lang='lat' dir='ltr'>tes</span> <span class='ocrx_word' id='word_1_129' title='bbox 266 1111 552 1163; x_wconf 83' lang='lat' dir='ltr'>perferebatur.</span> <span class='ocrx_word' id='word_1_130' title='bbox 596 1110 747 1166; x_wconf 82' lang='lat' dir='ltr'>Quibus</span> <span class='ocrx_word' id='word_1_131' title='bbox 779 1114 948 1168; x_wconf 87' lang='lat' dir='ltr'>cognitis</span> <span class='ocrx_word' id='word_1_132' title='bbox 978 1113 1096 1154; x_wconf 91' lang='lat' dir='ltr'>rebus</span> <span class='ocrx_word' id='word_1_133' title='bbox 1117 1112 1328 1167; x_wconf 89' lang='lat' dir='ltr'>Pompeius</span> <span class='ocrx_word' id='word_1_134' title='bbox 1362 1114 1538 1168; x_wconf 87' lang='lat' dir='ltr'>deposito</span> <span class='ocrx_word' id='word_1_135' title='bbox 1570 1116 1637 1156; x_wconf 89' lang='lat' dir='ltr'>ad—</span> 
     </span>
     <span class='ocr_line' id='line_1_15' title="bbox 153 1175 1638 1234; baseline 0.005 -19"><span class='ocrx_word' id='word_1_136' title='bbox 153 1176 305 1217; x_wconf 86' lang='lat' dir='ltr'>eundae</span> <span class='ocrx_word' id='word_1_137' title='bbox 328 1175 471 1232; x_wconf 87' lang='lat' dir='ltr'>Syriae</span> <span class='ocrx_word' id='word_1_138' title='bbox 494 1180 659 1221; x_wconf 89' lang='lat' dir='ltr'>consilio</span> <span class='ocrx_word' id='word_1_139' title='bbox 692 1182 857 1234; x_wconf 86' lang='lat' dir='ltr'>pecunia</span> <span class='ocrx_word' id='word_1_140' title='bbox 888 1182 1090 1222; x_wconf 88' lang='lat' dir='ltr'>societatis</span> <span class='ocrx_word' id='word_1_141' title='bbox 1120 1181 1275 1221; x_wconf 84' lang='lat' dir='ltr'>sublata</span> <span class='ocrx_word' id='word_1_142' title='bbox 1305 1188 1344 1221; x_wconf 89' lang='lat' dir='ltr'>et</span> <span class='ocrx_word' id='word_1_143' title='bbox 1364 1196 1386 1222; x_wconf 90' lang='lat' dir='ltr'>a</span> <span class='ocrx_word' id='word_1_144' title='bbox 1410 1181 1638 1234; x_wconf 90' lang='lat' dir='ltr'>quibusdam</span> 
     </span>
     <span class='ocr_line' id='line_1_16' title="bbox 152 1244 1638 1302; baseline 0.005 -19"><span class='ocrx_word' id='word_1_145' title='bbox 152 1244 318 1297; x_wconf 87' lang='lat' dir='ltr'>priuatis</span> <span class='ocrx_word' id='word_1_146' title='bbox 341 1253 493 1299; x_wconf 88' lang='lat' dir='ltr'>sumpta</span> <span class='ocrx_word' id='word_1_147' title='bbox 516 1255 555 1287; x_wconf 91' lang='lat' dir='ltr'>et</span> <span class='ocrx_word' id='word_1_148' title='bbox 576 1249 680 1288; x_wconf 89' lang='lat' dir='ltr'>aeris</span> <span class='ocrx_word' id='word_1_149' title='bbox 703 1262 845 1302; x_wconf 84' lang='lat' dir='ltr'>magno</span> <span class='ocrx_word' id='word_1_150' title='bbox 867 1249 1040 1302; x_wconf 88' lang='lat' dir='ltr'>pondere</span> <span class='ocrx_word' id='word_1_151' title='bbox 1074 1248 1123 1288; x_wconf 87' lang='lat' dir='ltr'>ad</span> <span class='ocrx_word' id='word_1_152' title='bbox 1144 1248 1353 1288; x_wconf 86' lang='lat' dir='ltr'>militarem</span> <span class='ocrx_word' id='word_1_153' title='bbox 1374 1262 1486 1288; x_wconf 91' lang='lat' dir='ltr'>usum</span> <span class='ocrx_word' id='word_1_154' title='bbox 1508 1250 1548 1289; x_wconf 92' lang='lat' dir='ltr'>in</span> <span class='ocrx_word' id='word_1_155' title='bbox 1571 1265 1638 1291; x_wconf 84' lang='lat' dir='ltr'>na-</span> 
     </span>
     <span class='ocr_line' id='line_1_17' title="bbox 153 1311 1637 1371; baseline 0.005 -21"><span class='ocrx_word' id='word_1_156' title='bbox 153 1323 223 1350; x_wconf 93' lang='lat' dir='ltr'>ues</span> <span class='ocrx_word' id='word_1_157' title='bbox 245 1311 415 1364; x_wconf 87' lang='lat' dir='ltr'>inposito</span> <span class='ocrx_word' id='word_1_158' title='bbox 439 1313 666 1368; x_wconf 91' lang='lat' dir='ltr'>duobusque</span> <span class='ocrx_word' id='word_1_159' title='bbox 688 1316 843 1357; x_wconf 90' lang='lat' dir='ltr'>milibus</span> <span class='ocrx_word' id='word_1_160' title='bbox 866 1316 1064 1357; x_wconf 92' lang='lat' dir='ltr'>hominum</span> <span class='ocrx_word' id='word_1_161' title='bbox 1088 1315 1273 1366; x_wconf 87' lang='lat' dir='ltr'>armatis,</span> <span class='ocrx_word' id='word_1_162' title='bbox 1305 1316 1444 1369; x_wconf 92' lang='lat' dir='ltr'>partim</span> <span class='ocrx_word' id='word_1_163' title='bbox 1468 1331 1563 1371; x_wconf 89' lang='lat' dir='ltr'>quos</span> <span class='ocrx_word' id='word_1_164' title='bbox 1585 1332 1637 1358; x_wconf 83' lang='lat' dir='ltr'>ex</span> 
     </span>
     <span class='ocr_line' id='line_1_18' title="bbox 152 1377 1633 1439; baseline 0.007 -23"><span class='ocrx_word' id='word_1_165' title='bbox 152 1377 309 1419; x_wconf 86' lang='lat' dir='ltr'>familiis</span> <span class='ocrx_word' id='word_1_166' title='bbox 332 1381 566 1422; x_wconf 85' lang='lat' dir='ltr'>societatum</span> <span class='ocrx_word' id='word_1_167' title='bbox 599 1384 823 1439; x_wconf 82' lang='lat' dir='ltr'>delegerat,</span> <span class='ocrx_word' id='word_1_168' title='bbox 860 1385 1000 1439; x_wconf 89' lang='lat' dir='ltr'>partim</span> <span class='ocrx_word' id='word_1_169' title='bbox 1031 1399 1053 1425; x_wconf 92' lang='lat' dir='ltr'>a</span> <span class='ocrx_word' id='word_1_170' title='bbox 1084 1383 1396 1438; x_wconf 86' lang='lat' dir='ltr'>negotiatoribus</span> <span class='ocrx_word' id='word_1_171' title='bbox 1430 1389 1633 1439; x_wconf 83' lang='lat' dir='ltr'>co&#39;c&#39;gerat,</span> 
     </span>
     <span class='ocr_line' id='line_1_19' title="bbox 151 1450 1635 1505; baseline 0.005 -20"><span class='ocrx_word' id='word_1_172' title='bbox 151 1459 327 1499; x_wconf 90' lang='lat' dir='ltr'>quosque</span> <span class='ocrx_word' id='word_1_173' title='bbox 350 1461 403 1488; x_wconf 81' lang='lat' dir='ltr'>ex</span> <span class='ocrx_word' id='word_1_174' title='bbox 423 1450 507 1490; x_wconf 90' lang='lat' dir='ltr'>suis</span> <span class='ocrx_word' id='word_1_175' title='bbox 530 1451 695 1505; x_wconf 87' lang='lat' dir='ltr'>quisque</span> <span class='ocrx_word' id='word_1_176' title='bbox 718 1453 765 1493; x_wconf 93' lang='lat' dir='ltr'>ad</span> <span class='ocrx_word' id='word_1_177' title='bbox 787 1453 887 1493; x_wconf 88' lang='lat' dir='ltr'>hanc</span> <span class='ocrx_word' id='word_1_178' title='bbox 908 1467 992 1494; x_wconf 90' lang='lat' dir='ltr'>rem</span> <span class='ocrx_word' id='word_1_179' title='bbox 1014 1453 1177 1493; x_wconf 90' lang='lat' dir='ltr'>idoneos</span> <span class='ocrx_word' id='word_1_180' title='bbox 1209 1452 1485 1503; x_wconf 84' lang='lat' dir='ltr'>existimabat,</span> <span class='ocrx_word' id='word_1_181' title='bbox 1516 1451 1635 1493; x_wconf 92' lang='lat' dir='ltr'>Pelu-</span> 
     </span>
     <span class='ocr_line' id='line_1_20' title="bbox 101 1512 1635 1575; baseline 0.007 -23"><span class='ocrx_word' id='word_1_182' title='bbox 101 1512 129 1553; x_wconf 81' lang='lat'>2</span> <span class='ocrx_word' id='word_1_183' title='bbox 150 1513 249 1554; x_wconf 92' lang='lat' dir='ltr'>sium</span> <span class='ocrx_word' id='word_1_184' title='bbox 271 1516 469 1568; x_wconf 88' lang='lat' dir='ltr'>peruenit.</span> <span class='ocrx_word' id='word_1_185' title='bbox 512 1516 571 1558; x_wconf 92' lang='lat' dir='ltr'>Ibi</span> <span class='ocrx_word' id='word_1_186' title='bbox 592 1533 687 1560; x_wconf 82' lang='lat' dir='ltr'>casu</span> <span class='ocrx_word' id='word_1_187' title='bbox 709 1534 785 1561; x_wconf 77' lang='lat' dir='ltr'>rex</span> <span class='ocrx_word' id='word_1_188' title='bbox 806 1520 1167 1572; x_wconf 70' lang='lat' dir='ltr'>eratPtolemaeus,</span> <span class='ocrx_word' id='word_1_189' title='bbox 1193 1534 1291 1575; x_wconf 89' lang='lat' dir='ltr'>puer</span> <span class='ocrx_word' id='word_1_190' title='bbox 1311 1527 1457 1570; x_wconf 90' lang='lat' dir='ltr'>aetate,</span> <span class='ocrx_word' id='word_1_191' title='bbox 1481 1521 1635 1575; x_wconf 88' lang='lat' dir='ltr'>magnis</span> 
     </span>
     <span class='ocr_line' id='line_1_21' title="bbox 151 1582 1636 1643; baseline 0.006 -23"><span class='ocrx_word' id='word_1_192' title='bbox 151 1582 274 1635; x_wconf 90' lang='lat' dir='ltr'>copiis</span> <span class='ocrx_word' id='word_1_193' title='bbox 297 1597 535 1627; x_wconf 89' lang='lat' dir='ltr'>cumsorore</span> <span class='ocrx_word' id='word_1_194' title='bbox 546 1584 758 1642; x_wconf 87' lang='lat' dir='ltr'>Cleopatra</span> <span class='ocrx_word' id='word_1_195' title='bbox 772 1589 914 1630; x_wconf 89' lang='lat' dir='ltr'>bellum</span> <span class='ocrx_word' id='word_1_196' title='bbox 936 1604 1096 1643; x_wconf 86' lang='lat' dir='ltr'>gerens,</span> <span class='ocrx_word' id='word_1_197' title='bbox 1123 1603 1236 1643; x_wconf 91' lang='lat' dir='ltr'>quam</span> <span class='ocrx_word' id='word_1_198' title='bbox 1258 1588 1392 1643; x_wconf 87' lang='lat' dir='ltr'>paucis</span> <span class='ocrx_word' id='word_1_199' title='bbox 1414 1595 1505 1629; x_wconf 90' lang='lat' dir='ltr'>ante</span> <span class='ocrx_word' id='word_1_200' title='bbox 1528 1602 1636 1629; x_wconf 91' lang='lat' dir='ltr'>men-</span> 
     </span>
     <span class='ocr_line' id='line_1_22' title="bbox 146 1648 1634 1712; baseline 0.005 -23"><span class='ocrx_word' id='word_1_201' title='bbox 146 1648 255 1690; x_wconf 90' lang='lat' dir='ltr'>sibus</span> <span class='ocrx_word' id='word_1_202' title='bbox 278 1665 347 1704; x_wconf 91' lang='lat' dir='ltr'>per</span> <span class='ocrx_word' id='word_1_203' title='bbox 369 1666 464 1694; x_wconf 89' lang='lat' dir='ltr'>suos</span> <span class='ocrx_word' id='word_1_204' title='bbox 486 1656 724 1710; x_wconf 89' lang='lat' dir='ltr'>propinquos</span> <span class='ocrx_word' id='word_1_205' title='bbox 748 1664 864 1711; x_wconf 90' lang='lat' dir='ltr'>atque</span> <span class='ocrx_word' id='word_1_206' title='bbox 887 1659 1032 1698; x_wconf 89' lang='lat' dir='ltr'>amicos</span> <span class='ocrx_word' id='word_1_207' title='bbox 1063 1672 1187 1712; x_wconf 87' lang='lat' dir='ltr'>regno</span> <span class='ocrx_word' id='word_1_208' title='bbox 1220 1657 1449 1711; x_wconf 73' lang='lat' dir='ltr'>expulerat,</span> <span class='ocrx_word' id='word_1_209' title='bbox 1485 1664 1634 1697; x_wconf 89' lang='lat' dir='ltr'>castra-</span> 
     </span>
     <span class='ocr_line' id='line_1_23' title="bbox 99 1714 1632 1780; baseline 0.006 -25"><span class='ocrx_word' id='word_1_210' title='bbox 99 1714 125 1755; x_wconf 89' lang='lat'><strong>3</strong></span> <span class='ocrx_word' id='word_1_211' title='bbox 147 1731 221 1770; x_wconf 92' lang='lat' dir='ltr'>que</span> <span class='ocrx_word' id='word_1_212' title='bbox 245 1714 481 1773; x_wconf 87' lang='lat' dir='ltr'>Cleopatrae</span> <span class='ocrx_word' id='word_1_213' title='bbox 515 1737 594 1763; x_wconf 89' lang='lat' dir='ltr'>non</span> <span class='ocrx_word' id='word_1_214' title='bbox 624 1726 741 1779; x_wconf 87' lang='lat' dir='ltr'>longo</span> <span class='ocrx_word' id='word_1_215' title='bbox 772 1727 899 1780; x_wconf 91' lang='lat' dir='ltr'>spatio</span> <span class='ocrx_word' id='word_1_216' title='bbox 930 1727 976 1766; x_wconf 90' lang='lat' dir='ltr'>ab</span> <span class='ocrx_word' id='word_1_217' title='bbox 1010 1727 1094 1767; x_wconf 90' lang='lat' dir='ltr'>eius</span> <span class='ocrx_word' id='word_1_218' title='bbox 1123 1726 1265 1766; x_wconf 85' lang='lat' dir='ltr'>castris</span> <span class='ocrx_word' id='word_1_219' title='bbox 1300 1725 1509 1765; x_wconf 86' lang='lat' dir='ltr'>distabant.</span> <span class='ocrx_word' id='word_1_220' title='bbox 1567 1723 1632 1765; x_wconf 83' lang='lat' dir='ltr'>Ad</span> 
     </span>
     <span class='ocr_line' id='line_1_24' title="bbox 147 1783 1633 1847; baseline 0.006 -23"><span class='ocrx_word' id='word_1_221' title='bbox 147 1798 235 1824; x_wconf 90' lang='lat' dir='ltr'>eum</span> <span class='ocrx_word' id='word_1_222' title='bbox 256 1783 467 1841; x_wconf 90' lang='lat' dir='ltr'>Pompeius</span> <span class='ocrx_word' id='word_1_223' title='bbox 490 1790 611 1842; x_wconf 87' lang='lat' dir='ltr'>misit,</span> <span class='ocrx_word' id='word_1_224' title='bbox 637 1799 680 1832; x_wconf 88' lang='lat' dir='ltr'>ut</span> <span class='ocrx_word' id='word_1_225' title='bbox 700 1807 769 1846; x_wconf 92' lang='lat' dir='ltr'>pro</span> <span class='ocrx_word' id='word_1_226' title='bbox 794 1794 963 1847; x_wconf 87' lang='lat' dir='ltr'>hospitio</span> <span class='ocrx_word' id='word_1_227' title='bbox 986 1802 1101 1847; x_wconf 88' lang='lat' dir='ltr'>atque</span> <span class='ocrx_word' id='word_1_228' title='bbox 1123 1793 1295 1834; x_wconf 86' lang='lat' dir='ltr'>amicitia</span> <span class='ocrx_word' id='word_1_229' title='bbox 1317 1793 1438 1847; x_wconf 89' lang='lat' dir='ltr'>patris</span> <span class='ocrx_word' id='word_1_230' title='bbox 1454 1791 1633 1833; x_wconf 80' lang='lat' dir='ltr'>Alexan-</span> 
     </span>
     <span class='ocr_line' id='line_1_25' title="bbox 97 1851 1631 1915; baseline 0.007 -24"><span class='ocrx_word' id='word_1_231' title='bbox 97 1851 126 1891; x_wconf 87' lang='lat'>4</span> <span class='ocrx_word' id='word_1_232' title='bbox 147 1852 232 1893; x_wconf 89' lang='lat' dir='ltr'>dria</span> <span class='ocrx_word' id='word_1_233' title='bbox 253 1855 500 1909; x_wconf 87' lang='lat' dir='ltr'>reciperetur</span> <span class='ocrx_word' id='word_1_234' title='bbox 530 1866 647 1912; x_wconf 87' lang='lat' dir='ltr'>atque</span> <span class='ocrx_word' id='word_1_235' title='bbox 679 1860 784 1901; x_wconf 92' lang='lat' dir='ltr'>illius</span> <span class='ocrx_word' id='word_1_236' title='bbox 817 1862 951 1915; x_wconf 90' lang='lat' dir='ltr'>opibus</span> <span class='ocrx_word' id='word_1_237' title='bbox 982 1862 1023 1902; x_wconf 92' lang='lat' dir='ltr'>in</span> <span class='ocrx_word' id='word_1_238' title='bbox 1046 1862 1266 1902; x_wconf 88' lang='lat' dir='ltr'>calamitate</span> <span class='ocrx_word' id='word_1_239' title='bbox 1288 1868 1506 1914; x_wconf 85' lang='lat' dir='ltr'>tegeretur.</span> <span class='ocrx_word' id='word_1_240' title='bbox 1551 1857 1631 1901; x_wconf 88' lang='lat' dir='ltr'>Sed</span> 
     </span>
     <span class='ocr_line' id='line_1_26' title="bbox 145 1921 1632 1983; baseline 0.005 -23"><span class='ocrx_word' id='word_1_241' title='bbox 145 1921 210 1973; x_wconf 90' lang='lat' dir='ltr'>qui</span> <span class='ocrx_word' id='word_1_242' title='bbox 231 1921 278 1961; x_wconf 91' lang='lat' dir='ltr'>ab</span> <span class='ocrx_word' id='word_1_243' title='bbox 301 1937 347 1963; x_wconf 94' lang='lat' dir='ltr'>eo</span> <span class='ocrx_word' id='word_1_244' title='bbox 370 1924 479 1965; x_wconf 89' lang='lat' dir='ltr'>missi</span> <span class='ocrx_word' id='word_1_245' title='bbox 503 1934 630 1978; x_wconf 85' lang='lat' dir='ltr'>erant,</span> <span class='ocrx_word' id='word_1_246' title='bbox 656 1930 835 1969; x_wconf 87' lang='lat' dir='ltr'>confecto</span> <span class='ocrx_word' id='word_1_247' title='bbox 858 1930 1067 1983; x_wconf 85' lang='lat' dir='ltr'>legationis</span> <span class='ocrx_word' id='word_1_248' title='bbox 1091 1930 1214 1970; x_wconf 90' lang='lat' dir='ltr'>officio</span> <span class='ocrx_word' id='word_1_249' title='bbox 1237 1929 1399 1969; x_wconf 86' lang='lat' dir='ltr'>liberius</span> <span class='ocrx_word' id='word_1_250' title='bbox 1422 1943 1510 1969; x_wconf 89' lang='lat' dir='ltr'>cum</span> <span class='ocrx_word' id='word_1_251' title='bbox 1531 1928 1632 1969; x_wconf 91' lang='lat' dir='ltr'>mili-</span> 
     </span>
     <span class='ocr_line' id='line_1_27' title="bbox 143 1988 1630 2051; baseline 0.006 -24"><span class='ocrx_word' id='word_1_252' title='bbox 143 1988 246 2029; x_wconf 84' lang='lat' dir='ltr'>tibus</span> <span class='ocrx_word' id='word_1_253' title='bbox 276 1992 382 2045; x_wconf 85' lang='lat' dir='ltr'>regis</span> <span class='ocrx_word' id='word_1_254' title='bbox 417 1993 585 2047; x_wconf 88' lang='lat' dir='ltr'>colloqui</span> <span class='ocrx_word' id='word_1_255' title='bbox 619 2005 838 2050; x_wconf 89' lang='lat' dir='ltr'>coeperunt</span> <span class='ocrx_word' id='word_1_256' title='bbox 869 2011 1013 2051; x_wconf 89' lang='lat' dir='ltr'>eosque</span> <span class='ocrx_word' id='word_1_257' title='bbox 1036 1997 1212 2047; x_wconf 83' lang='lat' dir='ltr'>hortari,</span> <span class='ocrx_word' id='word_1_258' title='bbox 1248 2004 1289 2037; x_wconf 92' lang='lat' dir='ltr'>ut</span> <span class='ocrx_word' id='word_1_259' title='bbox 1317 2011 1432 2037; x_wconf 91' lang='lat' dir='ltr'>suum</span> <span class='ocrx_word' id='word_1_260' title='bbox 1463 1997 1630 2037; x_wconf 91' lang='lat' dir='ltr'>officium</span> 
     </span>
     <span class='ocr_line' id='line_1_28' title="bbox 94 2053 1628 2119; baseline 0.005 -24"><span class='ocrx_word' id='word_1_261' title='bbox 94 2054 120 2096; x_wconf 86' lang='lat'>5</span> <span class='ocrx_word' id='word_1_262' title='bbox 142 2053 330 2111; x_wconf 89' lang='lat' dir='ltr'>Pompeio</span> <span class='ocrx_word' id='word_1_263' title='bbox 352 2069 604 2113; x_wconf 87' lang='lat' dir='ltr'>praestarent</span> <span class='ocrx_word' id='word_1_264' title='bbox 626 2077 726 2104; x_wconf 87' lang='lat' dir='ltr'>neue</span> <span class='ocrx_word' id='word_1_265' title='bbox 749 2065 834 2105; x_wconf 91' lang='lat' dir='ltr'>eius</span> <span class='ocrx_word' id='word_1_266' title='bbox 856 2066 1055 2106; x_wconf 89' lang='lat' dir='ltr'>fortunam</span> <span class='ocrx_word' id='word_1_267' title='bbox 1071 2066 1335 2119; x_wconf 87' lang='lat' dir='ltr'>despicerent.</span> <span class='ocrx_word' id='word_1_268' title='bbox 1361 2063 1407 2105; x_wconf 91' lang='lat' dir='ltr'>In</span> <span class='ocrx_word' id='word_1_269' title='bbox 1420 2066 1493 2105; x_wconf 86' lang='lat' dir='ltr'>hoc</span> <span class='ocrx_word' id='word_1_270' title='bbox 1515 2071 1628 2105; x_wconf 90' lang='lat' dir='ltr'>erant</span> 
     </span>
     <span class='ocr_line' id='line_1_29' title="bbox 140 2128 1625 2187; baseline 0.004 -22"><span class='ocrx_word' id='word_1_271' title='bbox 140 2138 304 2167; x_wconf 88' lang='lat' dir='ltr'>numero</span> <span class='ocrx_word' id='word_1_272' title='bbox 327 2129 548 2183; x_wconf 86' lang='lat' dir='ltr'>complures</span> <span class='ocrx_word' id='word_1_273' title='bbox 569 2128 732 2185; x_wconf 87' lang='lat' dir='ltr'>Pompei</span> <span class='ocrx_word' id='word_1_274' title='bbox 753 2133 913 2182; x_wconf 91' lang='lat' dir='ltr'>milites,</span> <span class='ocrx_word' id='word_1_275' title='bbox 938 2148 1034 2187; x_wconf 89' lang='lat' dir='ltr'>quos</span> <span class='ocrx_word' id='word_1_276' title='bbox 1058 2148 1110 2174; x_wconf 81' lang='lat' dir='ltr'>ex</span> <span class='ocrx_word' id='word_1_277' title='bbox 1132 2136 1216 2174; x_wconf 91' lang='lat' dir='ltr'>eius</span> <span class='ocrx_word' id='word_1_278' title='bbox 1238 2133 1417 2173; x_wconf 81' lang='lat' dir='ltr'>exercitu</span> <span class='ocrx_word' id='word_1_279' title='bbox 1444 2139 1625 2185; x_wconf 88' lang='lat' dir='ltr'>acceptos</span> 
     </span>
     <span class='ocr_line' id='line_1_30' title="bbox 139 2191 1624 2254; baseline 0.005 -23"><span class='ocrx_word' id='word_1_280' title='bbox 139 2192 179 2232; x_wconf 91' lang='lat' dir='ltr'>in</span> <span class='ocrx_word' id='word_1_281' title='bbox 204 2191 325 2249; x_wconf 87' lang='lat' dir='ltr'>Syria</span> <span class='ocrx_word' id='word_1_282' title='bbox 339 2194 531 2239; x_wconf 87' lang='lat' dir='ltr'>Gabinius</span> <span class='ocrx_word' id='word_1_283' title='bbox 554 2197 842 2241; x_wconf 73' lang='lat' dir='ltr'>Alexandriam</span> <span class='ocrx_word' id='word_1_284' title='bbox 865 2202 1097 2242; x_wconf 77' lang='lat' dir='ltr'>traduxerat</span> <span class='ocrx_word' id='word_1_285' title='bbox 1119 2201 1298 2254; x_wconf 90' lang='lat' dir='ltr'>belloque</span> <span class='ocrx_word' id='word_1_286' title='bbox 1320 2201 1500 2240; x_wconf 87' lang='lat' dir='ltr'>confecto</span> <span class='ocrx_word' id='word_1_287' title='bbox 1525 2199 1624 2253; x_wconf 91' lang='lat' dir='ltr'>apud</span> 
     </span>
     <span class='ocr_line' id='line_1_31' title="bbox 63 2259 1625 2323; baseline 0.004 -23"><span class='ocrx_word' id='word_1_288' title='bbox 63 2259 151 2304; x_wconf 81' lang='lat'>104</span> <span class='ocrx_word' id='word_1_289' title='bbox 162 2259 430 2306; x_wconf 87' lang='lat' dir='ltr'>Ptolemaeum</span> <span class='ocrx_word' id='word_1_290' title='bbox 447 2297 457 2317; x_wconf 84' lang='lat'>,</span> <span class='ocrx_word' id='word_1_291' title='bbox 491 2274 640 2320; x_wconf 87' lang='lat' dir='ltr'>patrem</span> <span class='ocrx_word' id='word_1_292' title='bbox 663 2269 790 2322; x_wconf 89' lang='lat' dir='ltr'>pueri,</span> <span class='ocrx_word' id='word_1_293' title='bbox 814 2269 1043 2323; x_wconf 83' lang='lat' dir='ltr'>reliquerat.</span> <span class='ocrx_word' id='word_1_294' title='bbox 1107 2268 1180 2310; x_wconf 88' lang='lat' dir='ltr'>His</span> <span class='ocrx_word' id='word_1_295' title='bbox 1204 2275 1294 2309; x_wconf 87' lang='lat' dir='ltr'>tunc</span> <span class='ocrx_word' id='word_1_296' title='bbox 1317 2267 1485 2322; x_wconf 86' lang='lat' dir='ltr'>cognitis</span> <span class='ocrx_word' id='word_1_297' title='bbox 1507 2267 1625 2308; x_wconf 91' lang='lat' dir='ltr'>rebus</span> 
     </span>
    </p>
   </div>
   <div class='ocr_carea' id='block_1_3' title="bbox 135 2368 1623 2773">
    <p class='ocr_par' dir='ltr' id='par_1_5' title="bbox 135 2368 1623 2773">
     <span class='ocr_line' id='line_1_32' title="bbox 280 2368 1478 2404; baseline 0 -3"><span class='ocrx_word' id='word_1_298' title='bbox 280 2368 302 2401; x_wconf 81' lang='lat'><strong>2</strong></span> <span class='ocrx_word' id='word_1_299' title='bbox 320 2368 477 2401; x_wconf 84' lang='lat' dir='ltr'>adductis</span> <span class='ocrx_word' id='word_1_300' title='bbox 497 2370 528 2401; x_wconf 82' lang='lat' dir='ltr'>b.</span> <span class='ocrx_word' id='word_1_301' title='bbox 687 2372 706 2404; x_wconf 89' lang='lat'><strong>3</strong></span> <span class='ocrx_word' id='word_1_302' title='bbox 724 2371 984 2404; x_wconf 89' lang='lat' dir='ltr'>Antiocensium</span> <span class='ocrx_word' id='word_1_303' title='bbox 1003 2383 1036 2404; x_wconf 85' lang='lat' dir='ltr'>a.</span> <span class='ocrx_word' id='word_1_304' title='bbox 1199 2372 1221 2404; x_wconf 90' lang='grc'>4</span> <span class='ocrx_word' id='word_1_305' title='bbox 1239 2380 1331 2403; x_wconf 85' lang='lat' dir='ltr'>aram</span> <span class='ocrx_word' id='word_1_306' title='bbox 1349 2381 1370 2402; x_wconf 85' lang='lat' dir='ltr'>a</span> <span class='ocrx_word' id='word_1_307' title='bbox 1385 2371 1402 2402; x_wconf 84' lang='lat' dir='ltr'><strong><em>b</em></strong></span> <span class='ocrx_word' id='word_1_308' title='bbox 1415 2369 1478 2401; x_wconf 85' lang='lat' dir='ltr'>cd.</span> 
     </span>
     <span class='ocr_line' id='line_1_33' title="bbox 138 2418 1623 2466; baseline 0.003 -18"><span class='ocrx_word' id='word_1_309' title='bbox 138 2419 156 2449; x_wconf 81' lang='lat'>5</span> <span class='ocrx_word' id='word_1_310' title='bbox 177 2418 324 2452; x_wconf 87' lang='lat' dir='ltr'>dimissis</span> <span class='ocrx_word' id='word_1_311' title='bbox 343 2425 427 2453; x_wconf 78' lang='lat' dir='ltr'>ante</span> <span class='ocrx_word' id='word_1_312' title='bbox 445 2433 536 2455; x_wconf 77' lang='lat' dir='ltr'>corr.</span> <span class='ocrx_word' id='word_1_313' title='bbox 559 2434 593 2455; x_wconf 87' lang='lat' dir='ltr'>a.</span> <span class='ocrx_word' id='word_1_314' title='bbox 737 2425 755 2457; x_wconf 84' lang='lat'><strong>6</strong></span> <span class='ocrx_word' id='word_1_315' title='bbox 776 2424 987 2466; x_wconf 87' lang='lat' dir='ltr'>dicerentur]</span> <span class='ocrx_word' id='word_1_316' title='bbox 1008 2424 1209 2456; x_wconf 84' lang='lat' dir='ltr'>uiderentur</span> <span class='ocrx_word' id='word_1_317' title='bbox 1222 2424 1253 2455; x_wconf 85' lang='lat' dir='ltr'>b.</span> <span class='ocrx_word' id='word_1_318' title='bbox 1394 2422 1412 2454; x_wconf 90' lang='lat'>7</span> <span class='ocrx_word' id='word_1_319' title='bbox 1426 2421 1623 2454; x_wconf 76' lang='lat' dir='ltr'>adfuturum</span> 
     </span>
     <span class='ocr_line' id='line_1_34' title="bbox 136 2469 1475 2518; baseline 0.005 -19"><span class='ocrx_word' id='word_1_320' title='bbox 136 2478 169 2508; x_wconf 84' lang='lat' dir='ltr'>a,</span> <span class='ocrx_word' id='word_1_321' title='bbox 191 2469 374 2504; x_wconf 83' lang='lat' dir='ltr'>affuturum</span> <span class='ocrx_word' id='word_1_322' title='bbox 395 2474 424 2504; x_wconf 88' lang='lat' dir='ltr'>b.</span> <span class='ocrx_word' id='word_1_323' title='bbox 576 2475 637 2507; x_wconf 90' lang='lat' dir='ltr'>boc</span> <span class='ocrx_word' id='word_1_324' title='bbox 656 2486 725 2507; x_wconf 86' lang='lat' dir='ltr'>om.</span> <span class='ocrx_word' id='word_1_325' title='bbox 747 2476 778 2507; x_wconf 84' lang='lat' dir='ltr'>b.</span> <span class='ocrx_word' id='word_1_326' title='bbox 944 2477 962 2508; x_wconf 87' lang='lat'>9</span> <span class='ocrx_word' id='word_1_327' title='bbox 982 2476 1036 2518; x_wconf 92' lang='lat' dir='ltr'>qui</span> <span class='ocrx_word' id='word_1_328' title='bbox 1057 2486 1131 2507; x_wconf 89' lang='lat' dir='ltr'>cum</span> <span class='ocrx_word' id='word_1_329' title='bbox 1151 2486 1178 2515; x_wconf 82' lang='lat' dir='ltr'>c,</span> <span class='ocrx_word' id='word_1_330' title='bbox 1201 2475 1391 2517; x_wconf 87' lang='lat' dir='ltr'>quicunque</span> <span class='ocrx_word' id='word_1_331' title='bbox 1410 2484 1430 2506; x_wconf 88' lang='grc' dir='ltr'><em>α</em></span> <span class='ocrx_word' id='word_1_332' title='bbox 1445 2475 1475 2506; x_wconf 84' lang='lat' dir='ltr'>b.</span> 
     </span>
     <span class='ocr_line' id='line_1_35' title="bbox 137 2518 1622 2568; baseline 0.004 -18"><span class='ocrx_word' id='word_1_333' title='bbox 137 2518 175 2551; x_wconf 92' lang='lat'>11</span> <span class='ocrx_word' id='word_1_334' title='bbox 196 2524 234 2551; x_wconf 86' lang='lat' dir='ltr'>ut</span> <span class='ocrx_word' id='word_1_335' title='bbox 251 2531 320 2553; x_wconf 87' lang='lat' dir='ltr'>om.</span> <span class='ocrx_word' id='word_1_336' title='bbox 340 2533 374 2555; x_wconf 88' lang='grc' dir='ltr'>α.</span> <span class='ocrx_word' id='word_1_337' title='bbox 516 2535 556 2556; x_wconf 81' lang='lat' dir='ltr'>ex</span> <span class='ocrx_word' id='word_1_338' title='bbox 576 2525 628 2557; x_wconf 90' lang='lat' dir='ltr'>his</span> <span class='ocrx_word' id='word_1_339' title='bbox 646 2536 666 2556; x_wconf 82' lang='lat' dir='ltr'>a</span> <span class='ocrx_word' id='word_1_340' title='bbox 686 2526 764 2558; x_wconf 83' lang='lat' dir='ltr'>edd.</span> <span class='ocrx_word' id='word_1_341' title='bbox 781 2528 937 2568; x_wconf 80' lang='lat' dir='ltr'>priores,</span> <span class='ocrx_word' id='word_1_342' title='bbox 959 2537 1001 2558; x_wconf 87' lang='lat' dir='ltr'>ex</span> <span class='ocrx_word' id='word_1_343' title='bbox 1023 2527 1065 2558; x_wconf 88' lang='lat' dir='ltr'>iis</span> <span class='ocrx_word' id='word_1_344' title='bbox 1082 2526 1123 2558; x_wconf 88' lang='lat' dir='ltr'>P.</span> <span class='ocrx_word' id='word_1_345' title='bbox 1142 2525 1332 2557; x_wconf 80' lang='lat' dir='ltr'>Manutius</span> <span class='ocrx_word' id='word_1_346' title='bbox 1351 2536 1386 2557; x_wconf 85' lang='lat' dir='ltr'>u.</span> <span class='ocrx_word' id='word_1_347' title='bbox 1542 2533 1622 2556; x_wconf 82' lang='lat' dir='ltr'>suas</span> 
     </span>
     <span class='ocr_line' id='line_1_36' title="bbox 135 2574 1622 2619; baseline 0.001 -15"><span class='ocrx_word' id='word_1_348' title='bbox 135 2580 169 2602; x_wconf 87' lang='lat' dir='ltr'>a.</span> <span class='ocrx_word' id='word_1_349' title='bbox 350 2574 390 2606; x_wconf 81' lang='lat'>12</span> <span class='ocrx_word' id='word_1_350' title='bbox 408 2574 589 2608; x_wconf 85' lang='lat' dir='ltr'>soluerunt</span> <span class='ocrx_word' id='word_1_351' title='bbox 608 2577 684 2609; x_wconf 83' lang='lat' dir='ltr'>eod.</span> <span class='ocrx_word' id='word_1_352' title='bbox 706 2577 788 2610; x_wconf 78' lang='lat' dir='ltr'>Vrs.</span> <span class='ocrx_word' id='word_1_353' title='bbox 808 2582 846 2610; x_wconf 76' lang='lat' dir='ltr'>et</span> <span class='ocrx_word' id='word_1_354' title='bbox 861 2577 1054 2609; x_wconf 72' lang='lat' dir='ltr'>secundnm</span> <span class='ocrx_word' id='word_1_355' title='bbox 1072 2576 1234 2619; x_wconf 71' lang='lat' dir='ltr'>Beyerliz·</span> <span class='ocrx_word' id='word_1_356' title='bbox 1247 2576 1433 2609; x_wconf 72' lang='lat' dir='ltr'>silentium</span> <span class='ocrx_word' id='word_1_357' title='bbox 1453 2586 1486 2616; x_wconf 84' lang='lat' dir='ltr'>a,</span> <span class='ocrx_word' id='word_1_358' title='bbox 1508 2575 1622 2607; x_wconf 89' lang='lat' dir='ltr'>solue—</span> 
     </span>
     <span class='ocr_line' id='line_1_37' title="bbox 135 2623 1618 2671; baseline 0.004 -18"><span class='ocrx_word' id='word_1_359' title='bbox 135 2626 214 2654; x_wconf 84' lang='lat' dir='ltr'>rent</span> <span class='ocrx_word' id='word_1_360' title='bbox 232 2623 250 2655; x_wconf 81' lang='lat' dir='ltr'><strong><em>b</em></strong></span> <span class='ocrx_word' id='word_1_361' title='bbox 262 2635 278 2655; x_wconf 88' lang='lat' dir='ltr'>c</span> <span class='ocrx_word' id='word_1_362' title='bbox 296 2627 332 2656; x_wconf 76' lang='lat' dir='ltr'>et</span> <span class='ocrx_word' id='word_1_363' title='bbox 346 2625 537 2657; x_wconf 77' lang='lat' dir='ltr'>secundum</span> <span class='ocrx_word' id='word_1_364' title='bbox 557 2628 807 2660; x_wconf 74' lang='lat' dir='ltr'>Aclzaintrz&#39;um</span> <span class='ocrx_word' id='word_1_365' title='bbox 826 2640 847 2661; x_wconf 88' lang='grc' dir='ltr'><em>α</em></span> <span class='ocrx_word' id='word_1_366' title='bbox 866 2629 1059 2671; x_wconf 88' lang='lat' dir='ltr'>(soluerant</span> <span class='ocrx_word' id='word_1_367' title='bbox 1075 2628 1331 2664; x_wconf 66' lang='lat' dir='ltr'>Vas-cosanus).</span> <span class='ocrx_word' id='word_1_368' title='bbox 1540 2628 1580 2660; x_wconf 84' lang='lat'>14</span> <span class='ocrx_word' id='word_1_369' title='bbox 1598 2637 1618 2658; x_wconf 79' lang='lat' dir='ltr'>a</span> 
     </span>
     <span class='ocr_line' id='line_1_38' title="bbox 135 2675 1621 2724; baseline 0.004 -19"><span class='ocrx_word' id='word_1_370' title='bbox 135 2683 204 2706; x_wconf 87' lang='lat' dir='ltr'>om.</span> <span class='ocrx_word' id='word_1_371' title='bbox 224 2685 246 2706; x_wconf 82' lang='lat' dir='ltr'>a</span> <span class='ocrx_word' id='word_1_372' title='bbox 261 2675 292 2707; x_wconf 89' lang='lat' dir='ltr'>b.</span> <span class='ocrx_word' id='word_1_373' title='bbox 451 2677 490 2708; x_wconf 83' lang='lat'>15</span> <span class='ocrx_word' id='word_1_374' title='bbox 510 2688 629 2719; x_wconf 79' lang='lat' dir='ltr'>magno</span> <span class='ocrx_word' id='word_1_375' title='bbox 648 2681 814 2724; x_wconf 89' lang='lat' dir='ltr'>pondere]</span> <span class='ocrx_word' id='word_1_376' title='bbox 835 2691 1038 2723; x_wconf 82' lang='lat' dir='ltr'>magnopere</span> <span class='ocrx_word' id='word_1_377' title='bbox 1056 2683 1141 2712; x_wconf 78' lang='lat' dir='ltr'>ante</span> <span class='ocrx_word' id='word_1_378' title='bbox 1160 2690 1252 2712; x_wconf 85' lang='lat' dir='ltr'>corr.</span> <span class='ocrx_word' id='word_1_379' title='bbox 1273 2691 1308 2712; x_wconf 84' lang='lat' dir='ltr'>a.</span> <span class='ocrx_word' id='word_1_380' title='bbox 1467 2680 1508 2712; x_wconf 79' lang='lat' dir='ltr'>1ss</span> <span class='ocrx_word' id='word_1_381' title='bbox 1525 2680 1621 2722; x_wconf 89' lang='lat' dir='ltr'>inpo-</span> 
     </span>
     <span class='ocr_line' id='line_1_39' title="bbox 135 2726 1620 2773; baseline 0.003 -16"><span class='ocrx_word' id='word_1_382' title='bbox 135 2726 200 2758; x_wconf 86' lang='lat' dir='ltr'>sito</span> <span class='ocrx_word' id='word_1_383' title='bbox 220 2737 254 2758; x_wconf 84' lang='lat' dir='ltr'>a.</span> <span class='ocrx_word' id='word_1_384' title='bbox 420 2729 460 2761; x_wconf 86' lang='lat'>19</span> <span class='ocrx_word' id='word_1_385' title='bbox 479 2734 556 2761; x_wconf 85' lang='lat' dir='ltr'>erat</span> <span class='ocrx_word' id='word_1_386' title='bbox 574 2741 641 2762; x_wconf 84' lang='lat' dir='ltr'>om.</span> <span class='ocrx_word' id='word_1_387' title='bbox 662 2743 695 2763; x_wconf 89' lang='grc' dir='ltr'>α.</span> <span class='ocrx_word' id='word_1_388' title='bbox 859 2732 1076 2764; x_wconf 85' lang='lat' dir='ltr'>Ptolemaeus</span> <span class='ocrx_word' id='word_1_389' title='bbox 1095 2732 1233 2773; x_wconf 65' lang='lat' dir='ltr'>Aldus,</span> <span class='ocrx_word' id='word_1_390' title='bbox 1254 2732 1470 2764; x_wconf 76' lang='lat' dir='ltr'>ptholomeus</span> <span class='ocrx_word' id='word_1_391' title='bbox 1489 2732 1620 2773; x_wconf 72' lang='lat' dir='ltr'>ubique</span> 
     </span>
    </p>
   </div>
   <div class='ocr_carea' id='block_1_4' title="bbox 131 2777 1620 2928">
    <p class='ocr_par' dir='ltr' id='par_1_6' title="bbox 131 2777 1620 2928">
     <span class='ocr_line' id='line_1_40' title="bbox 131 2777 1618 2827; baseline 0.005 -19"><span class='ocrx_word' id='word_1_392' title='bbox 131 2787 164 2816; x_wconf 70' lang='grc' dir='ltr'>α,</span> <span class='ocrx_word' id='word_1_393' title='bbox 187 2777 380 2811; x_wconf 87' lang='lat' dir='ltr'>Ptolomeus</span> <span class='ocrx_word' id='word_1_394' title='bbox 403 2780 498 2812; x_wconf 78' lang='lat' dir='ltr'>‘mss-</span> <span class='ocrx_word' id='word_1_395' title='bbox 518 2783 679 2824; x_wconf 73' lang='lat' dir='ltr'>semper-⁹.</span> <span class='ocrx_word' id='word_1_396' title='bbox 879 2785 922 2818; x_wconf 77' lang='lat'>24</span> <span class='ocrx_word' id='word_1_397' title='bbox 939 2784 1098 2827; x_wconf 86' lang='lat' dir='ltr'>operibus</span> <span class='ocrx_word' id='word_1_398' title='bbox 1118 2795 1138 2816; x_wconf 86' lang='lat' dir='ltr'>a</span> <span class='ocrx_word' id='word_1_399' title='bbox 1153 2785 1184 2817; x_wconf 77' lang='lat' dir='ltr'>b.</span> <span class='ocrx_word' id='word_1_400' title='bbox 1369 2785 1411 2818; x_wconf 79' lang='lat'>25</span> <span class='ocrx_word' id='word_1_401' title='bbox 1433 2784 1569 2817; x_wconf 85' lang='lat' dir='ltr'>fuerant</span> <span class='ocrx_word' id='word_1_402' title='bbox 1588 2784 1618 2816; x_wconf 79' lang='lat' dir='ltr'>b.</span> 
     </span>
     <span class='ocr_line' id='line_1_41' title="bbox 276 2831 1620 2879; baseline 0.003 -16"><span class='ocrx_word' id='word_1_403' title='bbox 276 2831 319 2864; x_wconf 79' lang='lat'>27</span> <span class='ocrx_word' id='word_1_404' title='bbox 336 2838 534 2875; x_wconf 86' lang='lat' dir='ltr'>praestaret</span> <span class='ocrx_word' id='word_1_405' title='bbox 551 2851 595 2857; x_wconf 80' lang='lat'>—</span> <span class='ocrx_word' id='word_1_406' title='bbox 614 2835 811 2877; x_wconf 81' lang='lat' dir='ltr'>despiceret</span> <span class='ocrx_word' id='word_1_407' title='bbox 828 2847 847 2868; x_wconf 86' lang='lat' dir='ltr'>a</span> <span class='ocrx_word' id='word_1_408' title='bbox 863 2837 918 2867; x_wconf 68' lang='lat' dir='ltr'>be.</span> <span class='ocrx_word' id='word_1_409' title='bbox 1060 2837 1104 2871; x_wconf 76' lang='lat'>28</span> <span class='ocrx_word' id='word_1_410' title='bbox 1122 2836 1257 2879; x_wconf 87' lang='lat' dir='ltr'>Pompei</span> <span class='ocrx_word' id='word_1_411' title='bbox 1275 2848 1308 2869; x_wconf 82' lang='lat' dir='ltr'>a.</span> <span class='ocrx_word' id='word_1_412' title='bbox 1464 2837 1508 2870; x_wconf 71' lang='lat'>29</span> <span class='ocrx_word' id='word_1_413' title='bbox 1527 2835 1620 2878; x_wconf 84' lang='lat' dir='ltr'>Syri-</span> 
     </span>
     <span class='ocr_line' id='line_1_42' title="bbox 134 2883 863 2928; baseline 0.011 -16"><span class='ocrx_word' id='word_1_414' title='bbox 134 2891 184 2912; x_wconf 82' lang='lat' dir='ltr'>am</span> <span class='ocrx_word' id='word_1_415' title='bbox 205 2893 225 2913; x_wconf 82' lang='grc' dir='ltr'><em>α</em></span> <span class='ocrx_word' id='word_1_416' title='bbox 243 2883 272 2915; x_wconf 84' lang='lat' dir='ltr'>b.</span> <span class='ocrx_word' id='word_1_417' title='bbox 416 2884 582 2919; x_wconf 89' lang='lat' dir='ltr'>Gauinius</span> <span class='ocrx_word' id='word_1_418' title='bbox 602 2898 634 2928; x_wconf 73' lang='lat' dir='ltr'>a,</span> <span class='ocrx_word' id='word_1_419' title='bbox 659 2887 811 2920; x_wconf 90' lang='lat' dir='ltr'>Gauinus</span> <span class='ocrx_word' id='word_1_420' title='bbox 832 2889 863 2920; x_wconf 88' lang='lat' dir='ltr'>b.</span> 
     </span>
    </p>
   </div>
   <div class='ocr_carea' id='block_1_5' title="bbox 1674 921 1713 953">
    <p class='ocr_par' dir='ltr' id='par_1_7' title="bbox 1674 921 1713 953">
     <span class='ocr_line' id='line_1_43' title="bbox 1674 921 1713 953; baseline 0 0"><span class='ocrx_word' id='word_1_421' title='bbox 1674 921 1713 953; x_wconf 84' lang='lat'>10</span> 
     </span>
    </p>
   </div>
   <div class='ocr_carea' id='block_1_6' title="bbox 1671 1259 1711 1291">
    <p class='ocr_par' dir='ltr' id='par_1_8' title="bbox 1671 1259 1711 1291">
     <span class='ocr_line' id='line_1_44' title="bbox 1671 1259 1711 1291; baseline -0.025 0"><span class='ocrx_word' id='word_1_422' title='bbox 1671 1259 1711 1291; x_wconf 87' lang='lat'>15</span> 
     </span>
    </p>
   </div>
   <div class='ocr_carea' id='block_1_7' title="bbox 1666 1596 1709 1631">
    <p class='ocr_par' dir='ltr' id='par_1_9' title="bbox 1666 1596 1709 1631">
     <span class='ocr_line' id='line_1_45' title="bbox 1666 1596 1709 1631; baseline -0.047 0"><span class='ocrx_word' id='word_1_423' title='bbox 1666 1596 1709 1631; x_wconf 79' lang='lat'>20</span> 
     </span>
    </p>
   </div>
   <div class='ocr_carea' id='block_1_8' title="bbox 1658 2274 1699 2306">
    <p class='ocr_par' dir='ltr' id='par_1_10' title="bbox 1658 2274 1699 2306">
     <span class='ocr_line' id='line_1_46' title="bbox 1658 2274 1699 2306; baseline 0 0"><span class='ocrx_word' id='word_1_424' title='bbox 1658 2274 1699 2306; x_wconf 83' lang='lat'>30</span> 
     </span>
    </p>
   </div>
  </div>
 </body>
</html>
