1835 3240
623 167 805 213 COMM.
831 169 869 213 V
900 166 1023 211 CAP.
1050 168 1194 211 3—6.
1639 171 1719 214 351

169 291 391 333 uenturum,
405 296 495 323 suas
509 282 757 337 ciuitatisque
768 285 946 324 fortunas
959 282 1042 324 eius
1057 282 1141 322 fidei
1155 281 1454 336 permissurum.
1473 280 1640 335 Caesar,
1664 284 1693 328 4

168 352 241 393 etsi
263 350 530 404 intellegebat,
557 365 631 404 qua
654 352 700 391 dc
724 365 841 391 causa
864 365 910 392 ea
933 350 1172 399 dicerentur,
1198 363 1376 402 quaeque
1399 363 1485 389 eum
1510 365 1575 390 res
1598 352 1645 391 ab

165 419 345 459 instituto
369 419 532 459 consilio
556 420 795 467 deterreret,
822 425 966 468 tamen⁷
991 432 1040 458 ne
1063 425 1255 458 aestatem
1276 416 1316 456 in
1340 415 1533 457 Treueris
1556 432 1647 458 con-

164 499 318 527 sumere
342 493 551 539 cogeretur
573 486 750 526 omnibus
773 486 820 526 ad
842 484 1114 525 Britannicum
1141 485 1284 524 bellum
1315 484 1435 525 rebus
1458 498 1647 538 conpara-

119 562 136 594 5
171 554 234 603 tis,
259 551 568 594 Indutiomarum
592 554 637 594 ad
661 567 703 593 se
727 567 809 593 cum
834 560 886 592 CC
909 553 1109 592 obsidibus
1132 552 1270 592 uenire
1292 552 1422 593 iussit.
1484 551 1560 593 His
1582 553 1648 593 ad·
1669 553 1696 593 2

92 898 130 930 10

94 1236 131 1268 15

93 1574 134 1606 ‘20

164 621 318 671 ductis,
350 622 389 661 in
420 622 468 662 iis
499 622 576 661 filio
609 620 913 674 propinquisque
944 620 1026 660 eius
1051 620 1254 670 omnibus,
1291 635 1388 673 quos
1421 620 1648 661 nominatim

165 696 402 729 euocauerat
418 720 428 739 ,
463 689 688 729 consolatus
709 687 1017 728 Indutiomarum
1051 687 1308 740 hortatusque
1331 696 1406 736 est,
1431 688 1486 728 uti
1507 688 1548 728 in
1570 688 1651 728 offi-

165 757 224 796 cio
258 763 458 805 nianeret3
494 755 614 796 nihilo
649 763 778 796 tamen
801 755 931 795 secius
964 754 1201 809 principibus
1234 755 1503 796 Treuerorum
1527 757 1574 795 ad
1605 770 1648 797 se
1671 756 1695 796 3

165 824 393 864 conuocatis
416 824 485 863 lios
499 823 722 876 singillatim
738 821 987 877 Cingetorigi
1011 822 1252 870 conciliauit,
1277 824 1377 876 quod
1401 838 1486 863 cum
1509 825 1649 864 merito

164 892 247 931 cius
271 906 292 931 a
313 905 354 931 se
378 892 460 931 fieri
482 891 760 945 intellegebat,
795 898 873 930 tum
905 890 1033 944 magni
1056 890 1253 930 interesse
1277 890 1544 932 arbitrabatur
1565 892 1649 932 eius

165 960 439 999 auctoritatem
462 959 673 999 intcrsuos
689 973 800 1012 quam
816 959 1020 1013 plurimum
1038 958 1188 1009 ualere,
1214 958 1324 998 cuius
1347 965 1424 998 tam
1450 960 1649 1013 egregiam

163 1026 202 1066 in
226 1039 268 1066 se
291 1026 530 1067 uoluntatem
548 1028 835 1081 perspexisset.
870 1025 912 1066 Id
937 1026 1023 1066 tulit
1045 1027 1188 1066 factum
1212 1026 1389 1079 grauiter
1409 1025 1649 1067 Induticma-
1670 1026 1698 1067 4

164 1107 231 1133 rus
247 1125 256 1143 ‚
290 1107 398 1134 suam
421 1095 586 1149 gratiam
609 1096 714 1136 inter
735 1109 828 1135 snos
852 1095 997 1144 minui,
1032 1101 1093 1143 et,
1130 1094 1193 1147 qui
1215 1094 1291 1134 iam
1315 1101 1407 1134 ante
1429 1094 1588 1134 inimico
1610 1095 1652 1135 in

164 1175 234 1202 nos
257 1162 386 1202 animo
410 1162 561 1213 suisset,
588 1163 708 1203 multo
731 1163 891 1216 grauius
914 1162 985 1202 hoc
1009 1162 1142 1202 dolore
1166 1163 1334 1202 exarsit.

279 1228 353 1269 His
375 1230 493 1270 rebus
517 1231 742 1271 constitutis
767 1227 920 1271 Caesar
943 1231 989 1270 ad
1013 1237 1166 1284 portum
1180 1228 1295 1270 Itium
1320 1244 1407 1270 cum
1429 1229 1651 1284 legionibus
1673 1230 1699 1274 5

165 1297 361 1350 peruenit.
414 1295 472 1337 Ibi
505 1299 708 1351 cognoscit
738 1306 800 1338 LX
821 1312 970 1348 naues,
1005 1312 1102 1350 quae
1134 1298 1172 1338 in
1196 1296 1343 1338 Meldis
1373 1299 1499 1339 sactae
1521 1305 1649 1347 erant,
1673 1297 1701 1336 2

167 1372 400 1418 tempestate
422 1366 591 1406 reiectas
615 1380 772 1406 cursum
795 1373 930 1406 tenere
953 1381 1032 1406 non
1054 1366 1230 1419 potuisse
1252 1373 1369 1419 atque
1391 1367 1529 1406 eodeni
1545 1397 1555 1416 ‚
1581 1380 1653 1405 un-

168 1432 214 1473 de
238 1440 352 1472 erant
381 1434 604 1487 profectae,
637 1434 876 1484 reuertissc3
910 1433 1082 1487 reliquas
1115 1441 1274 1486 paratas
1308 1434 1354 1473 ad
1387 1433 1651 1488 nauigandum

168 1507 281 1552 atque
304 1501 482 1541 omnibus
504 1501 622 1541 rebus
647 1502 857 1542 instructas
887 1501 1054 1542 inuenit.
1117 1500 1269 1541 Eodem
1301 1501 1500 1554 equitatus
1534 1501 1652 1540 totius
1674 1499 1699 1540 3

167 1566 320 1608 Galliae
344 1568 528 1608 conuenit
551 1583 714 1609 numero
730 1569 875 1609 milium
893 1576 1080 1623 quattuor
1099 1569 1376 1622 principesque
1399 1582 1450 1608 ex
1472 1569 1651 1609 omnibus

168 1635 414 1685 ciuitatibus3
441 1649 493 1675 ex
515 1636 654 1688 quibus
677 1651 910 1690 perpaucos,
938 1651 1100 1690 quorum
1123 1637 1162 1676 in
1182 1650 1224 1677 se
1246 1637 1648 1690 fidemperspexerat,
1674 1635 1701 1676 4

166 1703 391 1756 relinquere
412 1703 452 1742 in
476 1702 630 1754 Gallia,
664 1705 839 1757 reliquos
868 1705 1045 1745 obsidum
1078 1705 1166 1744 loco
1196 1718 1329 1744 secum
1352 1704 1495 1744 ducere
1517 1704 1653 1744 decre-

167 1778 302 1819 uerat,
328 1771 428 1824 quod
444 1803 453 1821 ‚
480 1786 564 1811 cum
588 1772 671 1826 ipse
693 1772 876 1822 abesset,
910 1779 1054 1812 motum
1081 1770 1236 1812 Galliae
1260 1771 1486 1811 uerebatur.
1551 1770 1651 1812 Erat
1673 1771 1699 1815 6

169 1852 243 1878 una
266 1852 349 1878 cum
375 1839 518 1879 ceteris
542 1838 768 1880 Dumnorix
790 1839 995 1890 Haeduus,
1021 1841 1068 1880 de
1092 1855 1166 1893 quo
1189 1847 1281 1880 ante
1303 1839 1349 1880 ab
1373 1839 1485 1879 nobis
1509 1839 1654 1879 dictum

168 1913 240 1945 est.
289 1905 399 1946 Hunc
430 1921 563 1947 secum
596 1907 739 1948 habere
771 1908 809 1948 in
844 1908 978 1962 primis
1011 1908 1288 1958 constituerat,
1315 1908 1416 1961 quod
1440 1922 1525 1948 eum
1548 1907 1654 1961 cupi-

171 1973 259 2012 dum
282 1986 414 2014 rerum
429 1989 634 2026 nouarum,
661 1976 841 2030 cupidum
863 1976 1031 2030 imperii,
1058 1977 1188 2030 magni
1211 1977 1347 2027 animi,
1371 1975 1655 2031 magnaeinter

314 2088 328 2120 1
350 2093 542 2129 uenturum⁷
564 2099 644 2122 suas
663 2090 693 2121 B
714 2091 809 2123 ‘mss.
831 2091 933 2134 longe
947 2091 1138 2135 plurimi}
1159 2096 1338 2124 uenturum
1359 2096 1393 2124 et
1411 2101 1491 2124 suas
1510 2101 1546 2123 u.

170 2139 234 2171 fide
255 2140 285 2171 b.
426 2142 445 2176 2
466 2152 529 2183 qua
551 2143 590 2173 de
610 2153 714 2174 eausa
731 2143 815 2175 haee
836 2144 1037 2176 dicebantur
1056 2144 1087 2175 b.
1244 2153 1375 2186 quaeue
1394 2154 1469 2175 eum
1490 2144 1527 2183 b,
1549 2152 1654 2185 quae-

169 2200 307 2232 cumque
327 2201 402 2223 eum
421 2192 451 2223 B
465 2193 493 2224 C
506 2193 549 2225 D.
691 2194 709 2226 3
729 2193 893 2227 Treueris
912 2196 954 2227 B.
1111 2195 1129 2226 4
1150 2194 1359 2226 Britanicum
1376 2195 1407 2226 B
1576 2203 1655 2225 con-

169 2243 298 2283 paratis
317 2244 359 2275 Β.
501 2246 518 2277 5
538 2245 807 2279 Inducio1narum
826 2248 901 2280 Bu.
1043 2246 1200 2280 ducentis
1220 2248 1296 2289 (B).
1436 2246 1478 2278 iis
1497 2246 1655 2278 adductis

170 2304 215 2325 m.
230 2305 289 2337 pr.
309 2296 351 2326 B.
493 2297 510 2329 6
530 2297 562 2328 in
582 2298 633 2330 his
654 2309 683 2331 e.
841 2299 921 2332 filiis
940 2299 1088 2331 abcde.
1247 2300 1265 2332 7
1285 2298 1551 2331 Indutiomarum
1570 2298 1652 2341 (B),

170 2343 439 2380 induciomarum
457 2359 492 2381 u.
634 2355 687 2382 est
705 2361 774 2383 om.
797 2352 827 2383 b.
970 2352 990 2384 8
1009 2356 1164 2383 maneret
1185 2352 1257 2383 AB
1271 2352 1298 2384 C
1313 2362 1330 2383 e
1351 2352 1499 2393 ‘aliique
1518 2352 1562 2391 4⁷,
1583 2361 1656 2393 per-

170 2405 323 2431 maneret
340 2410 375 2432 ιι.
516 2401 743 2435 Treuerorum
764 2404 806 2435 B.
949 2404 967 2437 9
987 2404 1119 2435 uocatis
1141 2404 1171 2435 b.
1324 2403 1361 2435 10
1382 2413 1400 2434 a
1419 2414 1455 2435 se
1473 2403 1504 2435 B
1521 2406 1558 2434 et
1573 2403 1656 2434 reli-

173 2452 254 2491 qui,
275 2452 314 2483 ab
335 2463 371 2484 se
391 2453 408 2484 b
422 2463 486 2485 cu.
626 2454 711 2496 tuni]
733 2460 843 2487 tamen
865 2456 897 2487 b.
1062 2455 1098 2487 11
1121 2465 1218 2497 quam
1237 2454 1432 2498 plurimum]
1452 2454 1593 2486 multum
1615 2455 1655 2486 C.

313 2507 379 2534 tam
399 2515 466 2536 om.
487 2504 520 2537 d.
665 2506 706 2540 12
724 2506 757 2537 id
777 2507 857 2538 tulit
876 2505 1003 2538 sactum
1022 2506 1175 2546 grauiter
1192 2506 1222 2537 B
1243 2507 1344 2538 ‘ms-S.
1365 2507 1518 2537 aliorum
1536 2508 1570 2536 et
1589 2506 1660 2536 mei

178 2551 240 2592 11’,
262 2552 292 2583 id
314 2553 438 2586 factum
457 2555 610 2595 grauiter
629 2556 709 2588 tulit
729 2568 744 2588 e
758 2567 791 2588 u.
972 2556 1222 2589 Indutiomarus
1240 2558 1323 2597 (B),
1346 2557 1602 2588 induciomarus
1621 2565 1654 2586 u.

320 2604 357 2636 16
376 2606 556 2647 sexaginta
573 2608 617 2639 D.
802 2609 841 2641 19
862 2609 1035 2651 equitatus
1055 2610 1158 2640 totins
1179 2608 1312 2641 Galliae
1330 2610 1361 2641 B
1379 2609 1458 2641 edd.
1477 2609 1653 2650 reliquae,

176 2653 280 2685 totius
299 2653 431 2687 Galliae
450 2658 623 2699 equitatus
642 2659 847 2701 Stephanus
867 2664 902 2691 et·
917 2662 995 2691 sine
1013 2663 1251 2692 amzotatz'one
1270 2670 1304 2691 u.
1478 2660 1521 2694 20
1540 2668 1658 2702 perue-

177 2704 225 2734 nit
243 2704 287 2735 D.
448 2713 607 2749 quattuor
623 2710 672 2750 B,
694 2721 763 2742 non
783 2716 938 2753 quatuor.
1128 2711 1281 2742 omnibus
1301 2722 1343 2742 ex
1362 2722 1438 2743 cum
1460 2721 1529 2742 ιιηο
1543 2712 1658 2752 pessi-

174 2765 230 2786 mo
251 2765 284 2786 ιι.
422 2757 458 2790 21
484 2769 608 2801 paucos
626 2762 675 2793 A.
815 2763 858 2794 24
879 2767 957 2794 ante
976 2762 1017 2793 ab
1039 2762 1134 2793 nobis
1147 2763 1222 2794 AB
1243 2762 1427 2804 ‘plerique'
1447 2765 1500 2801 et,
1523 2762 1564 2793 cle
1580 2763 1658 2801 qm·-

179 2806 258 2845 bns,
281 2806 321 2837 ab
340 2817 385 2838 an
405 2817 422 2838 a
441 2809 618 2851 habeant,
639 2821 708 2843 non
729 2816 889 2853 constat,
915 2813 1007 2853 CD;
1028 2813 1069 2844 ab
1090 2813 1186 2845 nobis
1205 2818 1307 2844 antea
1325 2824 1360 2845 u.
1540 2813 1580 2846 ‘25
1601 2812 1658 2844 ha-

174 2856 253 2887 bere
275 2858 344 2888 ⁴{B
361 2858 377 2889 b
392 2869 407 2889 e
426 2862 459 2889 et
478 2861 512 2890 ἰη
533 2870 646 2902 marg.
667 2861 708 2902 d;
729 2862 844 2895 habIre
864 2874 932 2895 sec.
955 2873 986 2895 m
1023 2864 1074 2904 B,
1095 2864 1189 2895 abire
1211 2864 1279 2896 CI)
1293 2863 1356 2895 cd.
