1835 3240
95 187 177 228 714
686 190 855 232 BELLI
885 189 1131 233 AFRICAE

174 301 387 354 promerito
400 301 694 356 desperantibus
708 303 837 343 subito
851 303 977 344 oblata
1001 304 1126 344 salute
1146 303 1312 344 libentes
1335 304 1537 359 cupidique
1558 318 1650 345 con-

173 367 364 409 dicionem
386 377 623 423 acceperunt
644 370 916 423 petieruntque
939 368 1164 420 aCaesare,
1190 378 1229 410 ut
1250 372 1446 412 uniuersis
1469 379 1548 412 CCC
1571 386 1648 412 uno

126 433 151 473 5
174 435 331 477 nomine
353 438 554 490 pecuniam
576 437 800 490 imperaret.
844 436 981 490 Itaque
1002 437 1155 478 miliens
1177 438 1361 478 sestertio
1384 439 1442 478 his
1463 440 1648 492 inposito,

175 511 217 542 ut
238 517 308 557 per
330 504 535 544 triennium
559 517 632 543 sex
653 504 904 557 pensionibus
927 505 1066 559 populo
1088 504 1268 545 Romano
1291 505 1512 555 soluerent,
1546 506 1650 546 nullo

177 584 309 610 corum
333 577 543 611 recusante
566 584 610 610 ac
632 584 674 611 se
697 585 743 611 eo
766 571 827 612 die
849 572 1000 612 demum
1023 579 1134 612 natos
1157 573 1428 626 praedicantes
1451 573 1541 612 laeti
1559 587 1647 626 gra-

175 637 246 678 tias
269 645 389 690 agunt
412 635 593 677 Caesari.

100 704 152 748 91
288 705 379 744 Rex
402 705 556 744 interim
577 703 686 754 luba,
701 712 743 745 ut
754 718 805 745 ex
819 706 967 759 proelio
981 707 1150 760 fugerat,
1168 719 1243 746 una
1257 720 1341 746 cum
1354 704 1514 746 Petreio
1531 706 1652 745 inter-

177 772 240 812 diu
254 773 292 811 in
307 772 408 811 uillis
430 772 618 812 latitando
631 773 784 813 tandem
799 774 1003 814 nocturnis
1018 774 1222 814 itineribus
1235 774 1424 813 confectis
1438 773 1477 812 in
1491 786 1653 826 reguum

126 840 153 879 2
174 839 353 893 peruenit
375 846 492 891 atque
514 840 561 879 ad
583 841 761 894 oppidum
785 839 964 890 Zamam,
990 841 1053 880 ubi
1075 841 1158 894 ipse
1180 841 1415 880 domicilium
1430 870 1440 887 ,
1465 840 1652 892 coniuges

175 907 398 959 liberosque
420 907 608 958 babebat,
643 922 716 960 quo
747 922 800 948 ex
822 915 962 948 cuncto
984 922 1107 962 reguo
1130 921 1282 948 omnem
1306 907 1511 961 pecuniam
1533 907 1655 947 caris-

173 973 369 1026 simasque
390 988 454 1015 res
478 983 794 1029 comportauerat
815 976 994 1029 quodque
1022 975 1117 1015 inito
1149 975 1249 1016 bello
1272 974 1453 1028 operibus
1470 973 1652 1014 maximis

127 1039 152 1079 3
175 1041 388 1091 munierat,
413 1043 578 1083 accedit.
614 1040 739 1094 Quem
763 1050 879 1083 antea
903 1043 1082 1097 oppidani
1104 1056 1262 1083 rumore
1284 1049 1474 1096 exoptato
1494 1041 1539 1080 de
1554 1038 1654 1081 Cae-

176 1109 276 1149 saris
299 1109 467 1150 uictoria
489 1111 622 1151 audito
645 1110 692 1150 ob
715 1111 784 1150 has
799 1124 937 1151 causas
953 1111 1092 1164 oppido
1106 1110 1405 1164 prohibuerunt,
1431 1108 1533 1161 quod
1555 1107 1655 1148 bello

177 1184 315 1217 contra
338 1177 516 1230 populum
537 1177 760 1218 Romanum
791 1185 974 1231 suscepto
1005 1179 1045 1218 in
1077 1178 1216 1231 oppido
1240 1176 1387 1216 Zamae
1415 1175 1534 1228 lignis
1564 1189 1656 1214 con-

176 1244 299 1296 gestis
331 1245 542 1284 maximam
574 1246 614 1285 in
643 1245 771 1285 medio
802 1246 888 1284 soro
920 1259 1056 1299 pyram
1080 1250 1383 1293 construxerat,
1418 1248 1474 1290 ut,
1500 1242 1533 1281 si
1556 1242 1657 1282 forte

176 1310 278 1350 bello
302 1311 402 1350 foret
424 1319 630 1365 superatus
645 1343 654 1361 ,
680 1311 859 1352 omnibus
880 1312 998 1352 rebus
1020 1326 1066 1352 eo
1089 1310 1334 1352 coaceruatis
1349 1341 1359 1360 ,
1394 1309 1482 1349 dein
1505 1308 1657 1349 ciuibus

176 1377 326 1417 cunctis
355 1377 578 1419 interfectis
612 1380 824 1433 eodemque
855 1380 1040 1434 proiectis
1069 1380 1160 1434 igue
1190 1379 1367 1419 subiecto
1399 1384 1479 1417 tum
1502 1376 1655 1416 demum

175 1445 259 1498 ipse
281 1459 324 1485 se
345 1445 506 1500 insuper
525 1447 767 1488 interficeret
787 1455 905 1500 atque
926 1461 1002 1487 una
1025 1462 1110 1487 cum
1133 1446 1291 1496 liberis,
1316 1444 1569 1499 coniugibus,
1605 1443 1658 1483 ci-

129 1512 155 1552 4
178 1512 290 1553 uibus
313 1521 532 1567 cunctaque
553 1529 653 1568 gaza
674 1515 785 1570 regia
808 1522 1068 1556 cremaretur.
1103 1513 1314 1567 Postquam
1337 1510 1433 1552 Iuba
1455 1519 1546 1552 ante
1568 1525 1656 1565 por-

176 1587 237 1620 tas
260 1581 325 1621 diu
346 1583 586 1636 multumque
609 1583 733 1637 primo
756 1583 872 1623 minis
895 1597 965 1637 pro
987 1583 1151 1637 imperio
1175 1582 1323 1636 egisset
1344 1594 1427 1620 cum
1450 1578 1656 1619 Zamensi-

173 1648 244 1688 bus
259 1679 270 1699 ,
296 1649 408 1699 dein,
434 1663 519 1689 cum
542 1664 585 1691 se
607 1665 741 1704 parum
766 1652 956 1706 proficere
978 1650 1258 1699 intellexisset,
1283 1647 1461 1702 precibus
1484 1653 1653 1696 orasset,

175 1716 232 1755 uti
263 1730 306 1756 se
329 1717 376 1756 ad
400 1731 491 1757 suos
514 1718 608 1759 deos
630 1726 792 1772 penates
816 1719 1093 1767 admitterent,
1128 1717 1194 1758 ubi
1217 1730 1284 1757 cos
1307 1722 1485 1769 perstare
1506 1714 1546 1754 in
1567 1727 1658 1753 sen-

173 1784 297 1824 tentia
320 1784 597 1831 animaduertit
617 1799 689 1826 nec
711 1786 826 1826 minis
850 1800 922 1826 nec
944 1785 1124 1839 precibus
1146 1785 1227 1824 suis
1252 1782 1416 1832 moueri,
1443 1796 1517 1835 quo
1533 1781 1657 1835 magis

176 1864 219 1891 se
240 1852 489 1906 reciperent,
525 1853 640 1893 tertio
671 1853 767 1907 petit
789 1853 835 1893 ab
859 1853 930 1903 eis,
958 1861 1000 1893 ut
1020 1852 1093 1892 sibi
1115 1852 1301 1906 coniuges
1324 1851 1546 1903 liberosque
1567 1849 1654 1889 red-

133 1917 158 1958 5
181 1918 342 1966 derexit,
367 1927 408 1959 ut
429 1934 562 1960 secum
586 1935 653 1961 eos
676 1928 914 1974 asportaret.
958 1920 1173 1973 Postquam
1196 1919 1269 1959 sibi
1292 1918 1389 1958 nihil
1410 1917 1569 1957 omnino
1591 1930 1658 1969 op-

177 1986 341 2040 pidanos
364 1988 544 2042 responsi
566 1988 731 2028 reddere
754 1988 1057 2037 animaduertit,
1093 1988 1197 2027 nulla
1224 2000 1268 2026 re
1299 1986 1346 2026 ab
1369 1986 1427 2026 his
1451 1985 1659 2039 impetrata

177 2054 224 2094 ab
248 2053 369 2095 Zama
393 2055 556 2096 discedit
580 2063 696 2109 atque
718 2058 765 2097 ad
788 2057 917 2097 uillam
941 2070 1051 2096 suam
1074 2070 1157 2096 cum
1180 2053 1240 2094 M.
1265 2052 1425 2094 Petreio
1447 2052 1660 2106 paucisque

103 2122 160 2167 92
180 2122 374 2176 equitibus
397 2137 439 2163 se
461 2125 629 2164 confert.
674 2123 893 2165 Zameuses
925 2124 1081 2164 interim
1114 2124 1266 2176 legatos
1299 2122 1345 2162 de
1376 2122 1433 2160 his
1464 2120 1581 2160 rebus
1611 2119 1660 2158 ad

179 2188 392 2232 Caesarem
424 2190 581 2232 Vticam
614 2192 774 2233 mittunt
805 2199 1018 2246 petuntque
1051 2191 1096 2231 ab
1129 2205 1202 2240 eo,
1238 2189 1317 2239 uti,
1352 2195 1560 2241 antequam
1584 2199 1657 2224 rex

322 2317 468 2350 lluerito
491 2318 788 2360 ‘malum-ique&
931 2318 1079 2350 oblatam
1095 2317 1241 2348 salutem
1260 2316 1290 2346 I).
1432 2312 1660 2344 conditionem

176 2368 240 2410 (a).
391 2370 410 2402 3
430 2371 545 2413 itaque
565 2382 585 2403 α
606 2372 623 2402 b
643 2382 672 2411 c,
694 2371 809 2413 itaque
829 2371 880 2403 bis
902 2381 934 2402 a.
1077 2368 1210 2400 miliens
1230 2377 1262 2407 a,
1284 2364 1409 2396 millies
1428 2374 1445 2394 c
1463 2363 1485 2395 cl
1505 2364 1554 2394 ‘et
1569 2362 1657 2393 alii'.

320 2422 517 2454 sestertium
536 2423 564 2453 is
583 2422 730 2464 inposito
749 2432 783 2453 a.
943 2421 960 2452 5
980 2431 1017 2452 eo
1037 2419 1254 2460 Stephanus,
1275 2416 1393 2447 eodem
1413 2414 1515 2445 codd.

177 2472 195 2503 9
215 2476 314 2513 atque
334 2483 401 2503 om.
425 2473 457 2503 b.
610 2473 645 2505 11
670 2483 804 2515 quoque
824 2483 857 2503 α.
1009 2469 1108 2511 inito]
1128 2470 1161 2500 in
1182 2469 1213 2500 I).
1356 2467 1395 2498 12
1414 2466 1607 2496 mnuiuerat
1625 2474 1658 2495 ιι.

320 2525 475 2566 oppidani
495 2531 597 2557 antea
617 2536 695 2557 eum
713 2526 733 2559 2
746 2525 831 2557 dett.
847 2535 882 2556 τι.
1026 2524 1066 2556 13
1080 2522 1170 2554 bella
1188 2524 1272 2552 ante
1291 2529 1383 2551 corr.
1399 2529 1433 2549 a.
1577 2517 1615 2548 14
1628 2528 1658 2548 z.

176 2587 206 2608 a.
228 2587 278 2608 me
298 2587 332 2608 α.
481 2578 645 2608 coniectis
666 2578 696 2609 b.
847 2577 887 2609 1ss
907 2576 982 2608 dein
1001 2587 1020 2608 α
1042 2576 1072 2615 b,
1095 2574 1215 2606 deliine
1235 2583 1269 2604 n.
1422 2571 1460 2602 18
1480 2571 1550 2612 ipse
1570 2580 1606 2601 se
1624 2580 1656 2609 a,

177 2638 213 2659 sc
232 2628 305 2670 ipse
324 2627 401 2658 edd·
554 2628 591 2661 21
616 2628 693 2659 dein
712 2639 744 2668 α,
767 2628 890 2659 deiude
911 2637 944 2658 ιι.
1086 2636 1122 2657 sc
1142 2635 1210 2656 om.
1234 2624 1263 2654 b.
1410 2622 1568 2663 precibus
1587 2630 1608 2651 α
1628 2621 1657 2659 b,

179 2679 334 2721 precibus
353 2689 484 2719 quoque
503 2689 537 2710 π.
682 2681 725 2711 22
744 2685 899 2722 perstare
920 2680 951 2710 in
973 2678 1144 2710 sententia
1162 2687 1182 2707 ιι
1201 2676 1279 2707 cdd.
1301 2679 1383 2707 ante
1403 2673 1483 2706 ΛΜ.
1505 2672 1582 2714 (secl
1598 2672 1662 2703 hac

178 2733 210 2763 in
231 2742 290 2763 suu
304 2730 425 2772 seut.),
446 2731 479 2761 in
500 2732 673 2763 sententia
691 2737 848 2774 perstare
869 2730 980 2762 Aldus
1000 2740 1020 2761 η
1039 2728 1243 2771 (persistere
1265 2728 1311 2767 b).
1462 2725 1504 2758 26
1524 2734 1663 2765 respon-

179 2794 250 2815 sum
268 2793 289 2814 a
310 2783 340 2814 b.
504 2782 555 2813 his
574 2793 595 2813 α
615 2782 692 2814 ecla.
708 2786 861 2825 priores,
884 2783 926 2814 iis
945 2782 985 2813 P.
1007 2780 1191 2812 illamtlius
1212 2791 1245 2812 ιι.
1407 2777 1449 2811 27
1469 2774 1514 2808 M.
1535 2786 1603 2807 om.
1626 2776 1656 2807 b.

319 2834 362 2866 23
381 2844 416 2864 sc
436 2843 504 2865 om.
524 2843 557 2873 a,
579 2833 644 2865 iter
662 2834 691 2865 b.
841 2832 991 2872 confert]
1012 2832 1159 2863 confecit
1181 2832 1210 2862 b.
1355 2829 1407 2861 his
1426 2840 1446 2860 a
1466 2827 1543 2859 edel.
1561 2829 1661 2869 prio-

180 2894 245 2923 res,
269 2885 309 2915 iis
327 2885 366 2916 P.
386 2883 571 2916 Manutius
591 2894 623 2915 u.

1680 581 1697 611 ΕΠ

1692 914 1728 946 10

1693 1249 1730 1281 15
