1835 3240
662 170 1088 213 --129-—-

148 287 366 330 faciendum
389 291 644 335 curauerant,
669 298 718 324 ne
739 291 946 338 praetores
969 291 1086 338 atque
1109 285 1292 325 consules
1314 286 1389 326 nisi
1411 294 1499 340 post
1520 289 1631 342 quin-

146 369 221 410 que
242 367 366 395 annos
388 352 630 407 prouinciam
652 352 998 393 administrarent:
1024 352 1141 406 idque
1163 360 1326 393 senatus
1340 356 1558 396 consultum
1571 371 1633 398 se-

145 422 282 477 quenti
313 435 416 461 anno
445 435 517 475 per
547 418 625 461 Cn.
649 419 880 475 Pompeium
910 420 1071 460 tertium
1094 421 1295 461 consulem
1318 422 1406 476 lege
1428 424 1634 464 confirma-

145 498 225 530 tum
258 496 334 530 est.
393 488 642 530 Referuntur
672 488 767 528 haec
799 503 821 528 a
854 487 996 528 Cassio
1026 486 1158 529 Dione
1178 486 1287 538 XL,
1318 488 1372 529 46
1410 488 1556 545 δόγμα
1586 508 1635 535 τε

144 551 414 611 ἐποιήσαντο
438 555 671 608 <Domitium
696 556 790 596 dicit
819 562 859 596 et
878 554 1129 608 Messallam)
1159 556 1331 611 μηδένα
1362 554 1478 612 μήτε
1501 575 1636 613 στρα-

142 622 403 681 τηγήσαντα
423 620 540 680 μήθ’
567 619 883 666 ύπατεύσαντα
914 622 994 671 τοὶς
1025 627 1098 672 ἐξω
1133 621 1406 680 ἧγεμονίας,
1438 627 1547 681 πρὶν
1578 624 1636 669 (ἲν

143 694 277 736 πέντε
298 697 375 748 ἔτη
395 692 572 750 διέλθῃ,
595 688 866 747 λαμβάνειν,
892 698 931 731 et
953 691 997 732 de
1008 689 1195 745 Pompeio
1220 707 1254 732 c.
1271 692 1324 733 56
1344 689 1396 736 τό
1418 711 1465 737 τε
1488 689 1635 750 δόγμα

142 761 193 804 τό
215 760 376 818 μικρὸν
406 763 672 816 ἔμπροσθεν
691 758 971 816 γενόμενον,
1003 756 1115 802 ὥστε
1143 758 1248 807 τούς
1269 759 1488 816 εἴρξαντας
1510 765 1559 805 ἐν
1581 763 1637 821 τῇ

142 827 273 872 πόλει
301 827 368 885 μή
398 824 614 884 πρότερον
649 830 692 874 ἐς
720 826 801 875 τοὶς
833 831 908 877 ἐξω
941 823 1210 883 ἡγεμονίας,
1244 830 1352 884 πρὶν
1392 829 1527 873 πέντε
1560 834 1635 886 ἔτη

142 898 402 952 παρελθεῖν,
425 895 698 950 κληροῦσθαι
720 893 1010 950 ἐπεκύρωσεν.
1062 894 1157 936 Non
1180 895 1357 937 definiuit
1378 896 1481 948 Dio,
1515 913 1537 938 a
1560 913 1635 951 quo

142 966 254 1006 initio
278 965 447 1019 quinque
468 964 525 1004 illi
545 964 637 1004 anni
659 964 855 1004 numerati
877 964 980 1013 sint,
1007 963 1075 1003 sed
1092 994 1101 1010 ‚
1140 977 1225 1003 cum
1249 971 1367 1005 antea
1389 967 1572 1006 consules
1596 973 1635 1007 et

142 1041 347 1088 praetores
368 1033 592 1086 prouincias
615 1031 691 1072 iam
714 1032 919 1085 superiore
947 1045 1050 1071 anno
1074 1031 1254 1073 decretas
1277 1033 1409 1074 statim
1432 1033 1529 1074 inito
1553 1048 1634 1074 ma-

142 1102 312 1156 gistratu
334 1101 599 1147 sortirentur,
636 1114 714 1140 non
737 1100 991 1140 dubitandum
1013 1099 1192 1150 uidetur,
1228 1101 1320 1154 quin
1343 1101 1390 1141 ab
1417 1102 1528 1142 initio
1553 1117 1635 1141 ma-

143 1170 345 1224 gistratus,
371 1183 450 1209 non
472 1168 519 1209 ab
542 1169 655 1208 exitu
677 1168 986 1221 quinquennium
1009 1174 1256 1208 numeratum
1279 1169 1346 1209 sit.
1382 1167 1460 1209 Sed
1484 1170 1555 1210 hac
1578 1170 1635 1210 le-

143 1252 192 1292 ge
213 1237 482 1286 efficiebatur,
516 1243 558 1276 ut
591 1243 698 1276 certe
732 1251 810 1276 non
834 1243 925 1277 ante
948 1236 1282 1290 quinquennium,
1316 1244 1519 1290 postquem
1554 1237 1635 1278 lata

142 1312 244 1355 erat,
270 1311 418 1354 essent,
449 1304 515 1357 qui
536 1318 588 1345 ex
611 1318 657 1344 ea
678 1303 718 1343 in
739 1304 963 1358 prouincias
986 1305 1256 1345 mitterentur.
1308 1302 1448 1358 Itaque
1472 1319 1517 1346 eo
1541 1319 1634 1345 con-

143 1373 368 1427 fugiendum
392 1379 499 1421 erat,
533 1378 596 1421 ut,
628 1371 691 1424 qui
720 1372 990 1425 superioribus
1023 1372 1138 1412 annis
1169 1372 1352 1413 consules
1377 1380 1634 1425 praetoresue

145 1441 314 1481 fuissent
334 1453 458 1493 neque
480 1439 521 1479 in
543 1438 767 1492 prouincias
791 1439 956 1492 profecti
979 1446 1132 1489 essent,
1157 1453 1240 1489 eas,
1265 1440 1460 1493 inquibus
1476 1441 1636 1481 succedi

145 1509 343 1561 placeret,
377 1507 633 1548 sortirentur.
692 1504 805 1559 Quae
834 1521 898 1548 res
922 1507 1240 1561 quemadmodum
1264 1507 1446 1548 instituta
1469 1508 1545 1559 sit,
1581 1523 1634 1549 ex

144 1581 303 1615 senatus
327 1574 507 1614 consulto
529 1574 698 1628 perspici
719 1582 875 1628 potest,
910 1577 1011 1628 quod
1043 1589 1145 1615 anno
1168 1573 1215 1614 51
1244 1575 1289 1615 de
1313 1576 1520 1629 praetoriis
1545 1591 1635 1631 pro-

143 1642 284 1683 uinciis
307 1642 451 1681 sactum
473 1648 549 1691 est,
574 1643 675 1695 quod
699 1650 861 1682 senatus
885 1643 1106 1684 consultum
1131 1639 1306 1683 aCuelio
1329 1644 1374 1683 ad
1397 1640 1635 1685 Ciceronem

142 1710 399 1764 perscriptum
423 1709 569 1762 legitur
590 1723 652 1763 ep.
678 1710 725 1750 ad
746 1709 992 1761 Fa1n.V111,
1017 1710 1058 1760 8,
1083 1710 1131 1752 8:
1160 1709 1355 1764 ‘Itemque
1378 1712 1530 1752 senatui
1554 1713 1635 1766 pla-

141 1791 232 1818 cere
249 1777 288 1817 in
303 1774 482 1818 Ciliciam
500 1777 759 1830 prouinciam,
783 1778 825 1818 in
842 1786 932 1819 octo
948 1778 1122 1832 reliquas
1139 1778 1378 1832 prouincias,
1405 1794 1501 1832 quas
1520 1794 1635 1834 prae-

144 1846 233 1886 torii
255 1859 324 1899 pro
346 1852 529 1898 praetore
552 1845 804 1895 obtinerent,
830 1860 923 1897 eos,
949 1847 1014 1903 qui
1036 1853 1240 1901 praetores
1264 1848 1424 1887 fuerunt
1447 1862 1570 1901 neque
1593 1849 1634 1889 in

143 1913 383 1968 prouinciam
406 1927 492 1953 cum
513 1913 677 1968 imperio
701 1916 884 1962 fuerunt,
909 1929 1006 1968 quos
1031 1929 1166 1955 eorum
1189 1928 1242 1954 ex
1263 1922 1428 1955 senatus
1451 1916 1633 1956 consulto

143 1996 230 2022 cum
250 1981 415 2035 imperio
437 1981 477 2021 in
498 1982 724 2036 prouincias
747 1998 817 2038 pro
834 1989 1018 2038 praetore
1040 1983 1139 2022 mitti
1163 1989 1380 2036 oporteret,
1406 1996 1473 2024 eos
1492 1984 1633 2024 sortito

141 2049 183 2089 in
204 2049 425 2104 prouincias
444 2050 547 2090 mitti
563 2050 719 2105 placere
737 2068 745 2091 :
772 2052 806 2092 si
829 2066 879 2093 ex
899 2066 944 2092 eo
963 2065 1142 2101 numero,
1169 2065 1266 2104 quos
1285 2065 1337 2091 ex
1353 2058 1516 2092 senatus
1539 2065 1632 2091 con-

142 2118 244 2158 sulto
265 2118 306 2158 in
326 2116 550 2171 prouincias
583 2119 642 2159 ire
665 2127 882 2172 oporteret,
907 2119 955 2159 ad
977 2132 1180 2158 numerum
1205 2133 1284 2159 non
1307 2126 1462 2168 essent,
1504 2119 1569 2172 qui
1591 2119 1633 2159 in

143 2199 210 2226 eas
230 2185 454 2240 prouincias
474 2187 834 2241 proficiscerentur,
851 2195 950 2236 tum,
970 2186 1026 2227 uti
1044 2187 1223 2240 quodque
1242 2187 1448 2242 collegium
1467 2187 1633 2240 primum

143 2260 365 2307 praetorum
388 2254 530 2295 fuisset
552 2269 677 2308 neque
698 2256 738 2296 in
761 2255 986 2310 prouincias
1007 2256 1174 2309 profecti
1196 2262 1354 2305 essent,
1386 2255 1440 2295 ita
1462 2263 1571 2296 sorte
1593 2256 1632 2295 iu

143 2322 380 2376 prouinciam
404 2323 774 2376 proficiscerentur:
805 2323 839 2365 si
870 2324 897 2364 ii
929 2324 976 2363 ad
1008 2337 1213 2363 numerum
1247 2338 1326 2363 non
1358 2331 1515 2374 esseut,
1552 2331 1632 2364 tum

143 2390 324 2443 deinceps
347 2390 516 2444 proximi
538 2391 723 2445 cuiusque
747 2391 918 2445 collegii,
943 2391 1008 2444 qui
1031 2398 1235 2445 praetores
1260 2391 1429 2432 fuissent
1444 2405 1571 2445 neque
1594 2392 1633 2432 in

145 2458 366 2510 prouincias
388 2459 555 2512 prosecti
577 2466 734 2509 essent,
767 2459 809 2499 in
839 2465 986 2499 sortem
1017 2459 1319 2509 conicerentur,
1355 2461 1481 2512 quoad
1503 2460 1537 2500 is
1561 2475 1633 2500 nu-

145 2538 274 2565 merus
297 2527 460 2567 effectus
483 2533 615 2576 esset,
649 2541 762 2580 quem
785 2527 833 2567 ad
855 2541 1061 2567 numerum
1082 2527 1123 2567 in
1146 2528 1372 2581 prouincias
1396 2528 1495 2567 mitti
1518 2542 1633 2582 opor-

147 2593 275 2632 teret'.
312 2590 482 2635 Senatus
506 2596 746 2645 consultum,
772 2609 824 2635 ex
847 2609 921 2648 quo
944 2595 1133 2649 praetorii
1156 2610 1226 2650 pro
1248 2602 1431 2650 praetore
1454 2595 1632 2636 mittendi

147 2658 340 2711 dicuntur,
365 2669 544 2715 apertum
567 2670 627 2703 est
648 2663 741 2703 illud
762 2663 968 2717 intellegi,
1001 2663 1101 2717 quod
1123 2661 1299 2703 Domitio
1324 2661 1489 2704 Caluino
1506 2694 1517 2713 ,
1552 2662 1633 2704 Va-

146 2725 244 2766 lerio
265 2725 455 2770 Messalla
476 2731 700 2771 consulibus
724 2732 869 2771 factum
893 2737 992 2772 erat.
1058 2730 1196 2784 Itaque
1218 2745 1320 2771 anno
1343 2730 1397 2771 50
1419 2732 1582 2785 primum
1603 2730 1632 2771 ii

146 2793 288 2834 sortito
318 2794 358 2834 in
388 2798 611 2849 prouincias
642 2799 838 2853 proficisci
870 2799 1081 2847 iubentur,
1114 2799 1177 2852 qui
1210 2813 1313 2839 anno
1346 2798 1398 2839 55
1430 2805 1632 2853 praetores

147 2860 318 2901 fuissent
339 2876 464 2916 neque
486 2865 526 2904 in
550 2866 772 2919 prouincias
789 2867 955 2921 profecti
976 2874 1127 2916 essent,
1152 2867 1183 2907 si
1206 2866 1232 2907 ii
1256 2867 1301 2907 ad
1326 2881 1529 2908 numerum
1552 2880 1631 2907 non

183 2928 304 2963 Cau-sur,
327 2928 373 2956 ed.
395 2929 534 2966 Nipperd.
1326 2935 1353 2976 9
