1835 3240
736 187 1058 232 EPISTOLAE
1626 188 1707 231 781

291 320 331 346 IN
352 318 560 345 sanniNmM
583 318 631 344 m*
653 318 839 351 nemovas
861 316 1088 345 PnoviNcms
1112 315 1271 342 AFRICAE
1294 314 1498 340 emmas.

265 377 325 425 (a.
349 370 423 426 46)
445 373 497 413 Β.
521 372 625 426 Ast.
649 370 692 421 8,
718 371 738 410 1
759 389 768 412 :
804 368 957 412 Caesar
978 371 1016 411 in
1039 368 1261 410 Sardiniam
1284 368 1444 408 nuntios
1467 383 1552 408 cum
1575 368 1639 409 lit-

155 440 249 482 teris
280 446 320 480 et
350 440 388 480 in
421 440 592 492 reliquas
624 439 847 492 prouincias
879 439 1063 479 finitimas
1095 437 1266 486 dimisit,
1305 443 1346 476 ut
1375 435 1448 475 sibi
1471 436 1636 486 auxilia,

155 515 413 558 commeatus,
440 509 692 556 frumentum,
714 508 946 559 simulatque
969 506 1120 546 litteras
1143 505 1347 558 legissent,
1364 502 1552 543 mittenda
1574 518 1639 543 cu-

108 586 126 616 5
157 584 307 618 rarent.

86 921 126 953 ‘10

86 1261 125 1293 15

595 656 736 682 cmcvm
756 656 993 682 Pnovmcmm
1014 655 1193 681 Aer-iem.

267 713 325 761 (a.
350 708 424 762 46)
445 709 497 750 Β.
523 709 624 760 Asr.
650 708 720 759 26,
751 709 765 749 l
786 726 795 749 :
831 706 998 759 Caesar,
1025 724 1111 750 cum
1135 710 1182 749 de
1204 722 1274 748 suo
1297 707 1468 747 aduentu
1487 703 1641 744 dubita·

157 779 208 818 tio
231 779 271 818 in
294 778 494 831 prouincia
520 786 640 827 esset,
659 790 784 830 neque
806 777 1008 830 quisquam
1032 777 1210 817 crederet
1232 776 1372 829 ipsum,
1389 774 1458 815 sed
1475 773 1642 826 aliquem

156 847 328 900 legatum
349 846 388 886 in
411 846 587 886 Africam
611 859 696 886 cuni
719 844 843 898 copiis
866 844 1043 894 uenisse,
1069 844 1303 896 conscriptis
1326 842 1470 882 litteris
1493 841 1642 881 circum

158 914 401 968 prouinciam
424 928 559 955 omnes
582 914 763 954 ciuitates
788 913 879 952 facit
901 913 947 952 de
969 926 1040 952 suo
1063 912 1235 952 aduentu
1258 912 1467 951 certiores.

756 995 805 1019 AD
828 994 1040 1020 GAETVLOS.

269 1051 330 1103 (a.
345 1048 419 1103 46)
441 1050 491 1090 Β.
513 1049 616 1102 Afi.
632 1047 703 1095 32,
718 1047 768 1087 4:
804 1046 984 1099 Quorum
1007 1061 1057 1087 ex
1081 1060 1243 1087 numero
1268 1047 1403 1087 electis
1428 1045 1646 1087 hominibus

157 1117 437 1157 illustrioribus
460 1114 691 1170 [Gaetulos]
717 1122 757 1155 et
788 1116 930 1155 litteris
960 1116 1006 1155 ad
1029 1129 1122 1155 suos
1146 1116 1254 1155 ciues
1277 1115 1376 1154 datis
1400 1115 1644 1164 cohortatus,

158 1185 214 1225 uti
248 1199 367 1225 manu
399 1186 500 1225 sacta
522 1198 566 1224 se
588 1197 758 1237 suosque
781 1184 1058 1234 defenderent,
1094 1197 1141 1223 ne
1164 1184 1247 1223 suis
1270 1183 1438 1223 inimicis
1461 1183 1648 1223 aduersa-

156 1253 303 1305 riisque
326 1252 429 1293 dicto
452 1252 658 1293 audientes
682 1259 834 1301 essent,
857 1252 992 1291 mittit.

694 1334 895 1360 mennrvn
917 1335 965 1360 An
988 1334 1100 1366 Qvos.

274 1391 331 1435 (a.
354 1385 428 1440 56)
449 1386 561 1427 Plan.
589 1386 731 1427 Crass.
759 1387 834 1427 14:
876 1384 1112 1430 Ἐνταῦθα
1135 1383 1170 1429 δ’
1194 1383 1291 1434 ὁδὸς
1312 1385 1369 1442 ἦν
1389 1387 1476 1441 μία
1498 1386 1649 1430 δευτέ-

159 1471 236 1510 ροις
257 1451 471 1501 ὑπατείας
493 1455 754 1510 almam-2322
775 1452 1028 1511 μετιόντων
1045 1455 1225 1498 ἐκείνων
1242 1454 1326 1496 ἔδει
1344 1452 1651 1510 συμπράττειν

160 1525 370 1578 Καίσαρα
402 1531 496 1570 τοῖς
525 1540 573 1566 τε
606 1522 753 1578 φίλοις
774 1520 1007 1579 γράφοντα
1031 1523 1102 1565 καὶ
1124 1522 1212 1565 τῶν
1237 1524 1519 1577 στρατιωτῶν
1539 1523 1652 1579 πέμ-

159 1608 302 1635 ποντα
327 1590 523 1638 nomom-
544 1588 980 1649 οἶρχαιρεσιοίσοντας.

273 1661 334 1713 (a.
359 1658 433 1711 55)
456 1660 629 1700 Eumen.
650 1674 810 1715 paneg.
836 1661 877 1710 4,
905 1659 971 1709 ll,
997 1659 1045 1700 2:
1082 1657 1209 1712 Quam
1234 1658 1401 1709 Caesar,
1428 1659 1493 1700 ille
1514 1665 1653 1699 auctor

162 1728 285 1768 uestri
309 1727 494 1777 nominis,
521 1742 607 1768 cum
625 1727 896 1768 Romanorum
919 1727 1065 1781 primus
1088 1728 1292 1775 intrasset,
1313 1728 1428 1768 alium
1451 1739 1493 1766 se
1515 1726 1651 1766 orbem

162 1802 357 1836 terrarum
380 1796 538 1849 scripsit
558 1796 756 1850 reperisse
779 1803 911 1836 tantae
934 1795 1212 1850 magnitudinis
1234 1795 1448 1840 arbitratus
1465 1825 1475 1844 ,
1507 1801 1551 1834 ut
1571 1808 1651 1834 non

164 1864 404 1904 circumfusa
427 1862 604 1915 Oceano,
629 1865 698 1905 sed
722 1865 926 1918 complexa
950 1864 1073 1918 ipsum
1100 1861 1302 1904 Oceanum
1328 1863 1541 1903 uideretur.

87 1938 129 1969 25
181 1982 192 1993 k
277 1934 344 1982 (a.
371 1931 425 1972 50
447 1935 661 1985 eva-tremo)
692 1931 805 1972 Pluc.
842 1932 962 1973 Caes.
989 1931 1064 1972 31:
1109 1930 1246 1987 Παροὶ
1279 1931 1512 1986 Καίσαρος
1541 1925 1655 1985 ἧκον

311 2006 349 2038 12
368 2006 524 2049 quorum]
547 2007 793 2039 Gaetulorum.
817 2007 875 2049 Cs.
898 2008 928 2038 b.
950 2007 1034 2049 Asr.
1056 2009 1109 2047 55,
1134 2008 1163 2039 l.
1322 2007 1362 2039 18
1380 2004 1533 2049 ἐκείνων]
1552 2006 1657 2038 Pom—

162 2057 281 2096 peiam
302 2060 336 2087 et
358 2057 526 2089 Crassum
549 2058 652 2089 dicit.
793 2059 830 2090 21
849 2057 960 2099 quam]
981 2058 1228 2089 lli-[tanniam.
1369 2058 1411 2088 25
1428 2057 1486 2099 Cf.
1505 2057 1654 2089 Sueton-

168 2107 269 2138 Caes.
291 2108 355 2141 29:
385 2108 467 2140 Cum
486 2109 697 2141 aduersariis
717 2109 856 2151 pepigit,
877 2114 911 2140 ut
932 2109 1081 2141 dimissis
1102 2115 1178 2140 octo
1198 2109 1390 2149 legionibus
1411 2109 1657 2152 Transalpina-

165 2169 229 2200 que
249 2158 362 2191 Gallia
385 2161 470 2192 duae
490 2161 556 2192 sibi
576 2161 728 2202 legiones
749 2166 781 2192 et
801 2161 976 2203 Cisalpina
995 2161 1171 2203 prouincia
1191 2161 1246 2191 uel
1266 2164 1368 2191 etiam
1390 2170 1454 2192 una
1473 2160 1561 2201 legio
1580 2171 1655 2192 cum

167 2211 307 2254 Illyrico
327 2214 589 2254 concederetur,
609 2214 719 2256 quoad
738 2213 857 2244 consul
877 2213 986 2244 fieret.
1014 2213 1172 2253 Appian.
1195 2213 1224 2243 b.
1247 2214 1316 2243 citt.
1337 2213 1382 2253 II,
1403 2213 1466 2245 32:
1492 2210 1580 2247 Τοὺς
1596 2205 1659 2245 οὖν

166 2259 289 2305 φίλους
305 2260 460 2296 ἐκέλευεν
478 2263 564 2308 ὑπὲρ
583 2262 692 2296 αι’-τοῦ
711 2264 886 2307 συμβῆναι
906 2260 949 2296 τὰ
966 2263 1031 2305 μὲν
1048 2260 1133 2295 ἄλλα
1144 2260 1251 2295 αὐτὸν
1263 2262 1350 2305 ἔθνη
1362 2267 1419 2295 καὶ
1431 2263 1659 2307 στρατόπεδα

167 2311 425 2356 ἀποθήσεσθαι
440 2341 448 2354 ,
475 2313 570 2358 μόνα
597 2313 630 2347 δ’
653 2314 743 2355 ἕξειν
761 2312 823 2347 δι’-ο
842 2312 920 2356 τέλη
940 2319 994 2346 καὶ
1015 2313 1079 2355 τὴν
1094 2311 1264 2359 Ἰλλυρίδα
1280 2313 1372 2357 μετὰ
1389 2315 1452 2356 τῆς
1469 2313 1658 2349 ἕντὸς’Ἁ).·

166 2375 263 2396 πεων
279 2362 469 2404 Γαλατίας,
489 2364 552 2398 ἕως
570 2363 703 2400 ὕπατος
721 2363 970 2407 ἀποδειχθείη.
992 2366 1089 2397 Plut.
1113 2366 1233 2407 Pomp.
1250 2366 1289 2398 59
1304 2378 1311 2397 :
1331 2366 1490 2409 Κικέρων
1508 2364 1659 2410 ἔπραττε

169 2411 367 2459 διαλλαγὰς,
387 2410 633 2459 ὅῗτωςΚαῖσαρ
651 2414 993 2456 ἑξελθώνΓαλατιάς
1009 2419 1067 2448 καὶ
1085 2414 1149 2456 τὴν
1168 2413 1274 2457 ἄλλην
1291 2416 1460 2460 στρατιὰν
1478 2414 1578 2460 ἀφεὶς
1593 2417 1661 2450 πᾶ-

170 2478 234 2499 σαν
251 2467 307 2499 ἐπὶ
326 2467 402 2501 δυσὶ
420 2468 571 2513 τάγμασι
587 2473 645 2501 καὶ
660 2470 710 2511 τῷ
722 2467 898 2511 Ἰλλυρικῷ
916 2468 981 2511 τὴν
999 2466 1168 2513 δευτέραν
1186 2467 1357 2502 ὑπατείαν
1374 2470 1559 2515 περιμένῃ.
1588 2470 1660 2502 Has

172 2519 394 2552 condiciones
413 2522 608 2553 Suetonius
627 2522 746 2553 eodem
766 2526 934 2562 tempore,
951 2531 1018 2562 quo
1040 2523 1174 2553 Caesar
1192 2521 1339 2553 litteras
1357 2522 1405 2554 ad
1421 2526 1587 2554 senatum
1604 2523 1656 2566 (p.

173 2570 253 2609 780,
270 2570 326 2612 13)
339 2574 450 2612 misit,
464 2574 652 2615 Appianas
666 2573 778 2614 paulo
797 2575 891 2610 ante,
906 2572 1124 2603 Plutarchus
1138 2572 1251 2614 paulo
1267 2576 1353 2615 post
1368 2573 1464 2605 latas
1481 2575 1658 2616 reserant.

173 2623 275 2663 Ipsae
294 2623 515 2655 condiciones
532 2627 803 2656 accuratissime
821 2635 840 2655 a
854 2623 1025 2656 Suetonio
1043 2625 1134 2665 poni
1146 2623 1336 2665 uidentm·;
1356 2626 1418 2666 qni
1431 2628 1548 2656 tamen
1566 2626 1662 2666 qaod

174 2676 360 2707 Caesarem
379 2678 456 2707 octo
476 2676 632 2718 legiones
650 2677 833 2708 dimittere
846 2675 1001 2707 uoluisse
1015 2676 1142 2707 scribit
1155 2676 1292 2707 duabus
1305 2676 1601 2716 aelmzaretenta,
1623 2677 1662 2709 id

175 2730 227 2759 ita
248 2731 384 2759 lantum
400 2728 487 2767 fieri
497 2731 634 2769 potuit,
655 2732 706 2769 ut,
721 2739 798 2760 cum
818 2728 907 2760 duas
926 2727 1084 2769 legiones
1102 2730 1352 2768 retz'net·el‚ea,
1366 2737 1473 2768 quam
1491 2738 1562 2759 una
1582 2739 1660 2760 eum

175 2781 339 2821 Pompeii
366 2779 504 2820 legione
528 2790 574 2811 ea:
597 2779 908 2812 senatusconsulto
929 2779 1150 2820 tradiderat,
1168 2780 1326 2811 clitnz'ssz's
1345 2778 1658 2812 adnumeraretur.

175 2830 267 2863 Nam
288 2841 361 2862 una
379 2841 457 2871 saa,
471 2830 585 2862 altera
597 2831 756 2873 Pompeii
771 2842 817 2862 εκ
834 2831 1144 2863 senatusconsulto
1159 2831 1294 2862 Iradita
1310 2840 1402 2862 anno
1415 2829 1457 2862 50
1473 2829 1661 2864 Caesarem

179 2896 304 2917 nouem
324 2885 481 2926 legiones
500 2884 664 2916 habuisse
678 2896 716 2927 p.
738 2885 801 2919 120
820 2885 1159 2917 demonstrauimus.
