1835 3240
101 172 186 215 660
627 169 800 212 BELLI
821 168 1225 212 ALEXANDRINI

178 291 289 340 parte
321 284 471 338 positus
503 291 723 333 terrarum,
757 296 854 336 quae
887 282 992 324 nulla
1014 283 1206 337 praesidia
1230 280 1417 324 Caesaris
1440 283 1658 335 habuisset,

129 354 154 394 2
179 351 420 394 exercitibus
442 352 692 405 imperiisque
714 351 754 390 in
776 348 854 391 Cn.
877 349 1040 404 Pompei
1063 351 1203 391 eastris
1222 351 1386 392 fuisset:
1411 365 1535 406 neque
1558 352 1662 393 enim

177 434 220 462 se
243 420 424 461 debuisse
444 419 611 460 iudicem
633 431 721 458 esse
744 418 1105 459 controuersiarum
1128 418 1256 472 populi
1276 418 1470 470 Romani,
1504 421 1572 460 sed
1595 434 1661 474 pa-

101 488 160 533 68
178 502 267 530 rere
289 486 560 542 praesentibus
582 485 771 539 imperiis.
816 482 967 526 Contra
989 500 1102 539 quem
1125 483 1278 526 Caesar
1299 500 1383 526 cum
1405 487 1569 540 plurima
1590 502 1662 528 sua

178 560 526 597 commemorasset
547 553 695 604 officia,
721 567 820 606 quae
843 554 979 594 consul
1001 554 1036 594 ei
1059 554 1229 595 decretis
1252 553 1416 607 publicis
1438 555 1654 605 tribuisset,

178 636 341 676 cumque
367 620 634 662 defensionem
659 622 743 661 eius
766 621 913 661 nullam
936 635 1050 675 posse
1074 622 1371 662 excusationem
1394 621 1477 662 eius
1498 622 1642 676 impru-

127 693 155 734 2
177 691 332 732 dentiae
354 688 531 742 recipere
554 689 816 743 coarguisset,
840 690 940 745 quod
964 690 1078 729 homo
1103 696 1235 730 tantae
1257 689 1489 743 prudentiae
1512 703 1556 730 ac
1579 691 1663 730 dili-

175 758 332 814 gentiae
355 757 457 797 scire
480 756 689 810 potuisset,
709 757 795 813 quis
817 757 952 797 urbem
967 755 1199 810 Italiamque
1224 764 1391 807 teneret,
1413 757 1478 797 ubi
1500 765 1663 798 senatus

174 826 415 880 populusque
437 823 667 875 Romanus,
702 825 765 865 ubi
796 825 1015 879 respublica
1047 832 1178 875 esset,
1215 825 1279 877 qui
1313 825 1478 878 denique
1502 831 1589 878 post
1609 824 1661 865 L.

128 894 152 933 3
175 892 386 934 Lentulum
401 923 411 942 ,
438 890 484 932 C.
506 891 741 933 Marcellum
764 893 946 933 consules
962 924 971 942 ,
997 900 1129 933 tamen
1150 906 1193 932 se
1217 893 1435 932 concedere
1457 892 1495 932 id
1517 893 1663 933 factum

175 959 444 1016 superioribus
466 960 548 1000 suis
570 960 789 1010 beneficiis,
814 961 941 1001 ueteri
965 961 1133 1014 hospitio
1156 967 1273 1014 atque
1298 960 1511 1010 amicitiae,
1536 961 1663 1015 digni-

173 1029 245 1069 tati
267 1028 464 1081 aetatique
486 1028 652 1068 hominis
667 1060 677 1078 ,
710 1029 889 1083 precibus
914 1043 1047 1069 eorum
1064 1059 1074 1078 ,
1105 1030 1169 1081 qui
1192 1030 1419 1081 frequentes
1442 1029 1664 1069 concurris-

175 1105 265 1137 sent
287 1096 458 1150 hospites
481 1103 598 1150 atque
620 1096 735 1137 amici
756 1095 936 1137 Deiotari
958 1098 1005 1137 ad
1028 1097 1312 1150 deprecandum
1329 1127 1339 1145 ,
1365 1096 1410 1136 de
1434 1103 1666 1136 controuer-

175 1164 247 1205 siis
270 1163 558 1204 tetrarcharum
580 1172 717 1218 postea
739 1179 781 1205 se
804 1165 1050 1218 cogniturum
1074 1177 1163 1204 esse
1180 1164 1293 1213 dixit,
1311 1163 1462 1217 regium
1481 1164 1664 1204 uestitum

128 1232 153 1271 4
177 1233 212 1273 ei
243 1232 432 1272 restituit.
475 1231 696 1285 Legionem
728 1239 858 1272 autem
881 1245 964 1271 eam
981 1262 991 1281 ,
1024 1245 1136 1284 quam
1170 1245 1222 1271 ex
1244 1245 1390 1284 genere
1413 1231 1555 1270 ciuium
1578 1245 1667 1271 suo-

176 1314 261 1339 rum
282 1297 496 1339 Deiotarus
519 1305 718 1340 armatura
741 1299 1022 1353 disciplinaque
1045 1306 1181 1339 nostra
1204 1298 1456 1339 constitutam
1480 1298 1663 1348 habebat,

101 1367 158 1412 69
175 1367 467 1420 equitatumque
499 1380 653 1407 omnem
685 1367 733 1407 ad
762 1367 906 1407 bellum
936 1367 1149 1422 gerendum
1172 1367 1367 1408 adducere
1389 1366 1519 1407 iussit.
1566 1365 1667 1407 Cum

174 1435 216 1475 in
245 1433 417 1476 Pontum
447 1434 626 1475 uenisset
658 1435 868 1488 copiasque
901 1449 1038 1475 omnes
1068 1435 1108 1475 in
1139 1450 1259 1476 unum
1291 1435 1419 1475 locum
1453 1434 1664 1488 coe'gisset,

177 1516 278 1557 quae
310 1516 474 1543 numero
506 1509 623 1556 atque
654 1503 943 1544 exercitatione
976 1503 1167 1544 bellorum
1197 1504 1416 1544 medioeres
1439 1509 1552 1542 erant
1574 1503 1665 1555 (ex-

175 1578 287 1625 cepta
318 1570 419 1611 enim
442 1570 596 1625 legione
619 1578 759 1620 sexta,
793 1585 907 1625 quam
930 1586 1063 1612 secum
1087 1572 1307 1612 adduxerat
1329 1570 1576 1612 Alexandria
1597 1584 1666 1611 ue-

173 1646 350 1680 teranam
383 1637 515 1679 multis
541 1638 739 1680 laboribus
762 1640 1026 1694 periculisque
1048 1640 1219 1680 functam
1243 1639 1455 1692 multisque
1476 1638 1664 1679 militibus

174 1706 314 1761 partim
349 1706 573 1747 difficultate
592 1707 778 1748 itinerum
801 1722 846 1748 ac
868 1708 1162 1761 nauigationum
1184 1707 1322 1762 partim
1347 1707 1559 1747 crebritate
1579 1706 1662 1746 bel-

173 1774 300 1815 lorum
323 1774 419 1815 adeo
443 1774 704 1825 deminutam,
729 1783 771 1815 ut
791 1775 920 1816 minus
943 1776 1049 1816 mille
1073 1775 1294 1815 hominibus
1315 1775 1356 1814 in
1379 1788 1424 1815 ea
1447 1780 1576 1824 esset,
1601 1787 1664 1814 re-

173 1842 305 1896 liquae
328 1849 442 1883 erant
463 1849 544 1883 tres
566 1842 759 1896 legiones,
785 1857 862 1883 una
884 1841 1079 1893 Deiotari,
1105 1844 1219 1891 duae,
1245 1856 1343 1896 quae
1364 1843 1405 1882 in
1427 1856 1473 1882 eo
1495 1841 1661 1895 proelio,

176 1910 276 1964 quod
301 1908 378 1951 Cn.
414 1908 632 1951 Domitium
663 1911 807 1951 fecisse
839 1925 925 1951 cum
948 1909 1153 1952 Pharnace
1184 1911 1436 1964 scripsimus,
1472 1911 1663 1961 fuerant),

126 1978 153 2019 2
174 1977 294 2031 legati
325 1991 347 2017 a
367 1976 576 2019 Pharnace
606 1979 718 2019 missi
748 1976 963 2019 Caesarem
995 1980 1141 2019 adeunt
1172 1986 1288 2032 atque
1319 1978 1496 2032 inprimis
1529 1977 1665 2031 depre-

175 2052 340 2095 cantur,
383 2059 433 2086 ne
464 2046 547 2086 eius
585 2047 778 2087 aduentus
813 2047 967 2087 hostilis
998 2054 1129 2087 esset:
1174 2047 1367 2087 facturum
1398 2046 1501 2086 enim
1533 2043 1665 2084 omnia

175 2111 435 2164 Pharnacen,
471 2127 570 2167 quae
601 2114 790 2169 imperata
821 2121 971 2155 essent.
1016 2112 1274 2168 Maximeque
1306 2111 1664 2155 commemorabant

175 2181 282 2221 nulla
305 2179 549 2223 Pharnacem
572 2183 724 2223 auxilia
745 2190 884 2224 contra
907 2180 1121 2223 Caesarem
1143 2181 1331 2237 Pompeio
1355 2182 1448 2222 dare
1470 2179 1660 2226 uoluisse,

101 2249 158 2294 70
177 2263 261 2290 cum
274 2248 507 2302 Deiotarus,
524 2251 585 2304 qui
600 2251 787 2302 dedisset,
803 2258 933 2292 tamen
947 2250 983 2291 ei
993 2250 1266 2291 satisfecisset.
1293 2247 1446 2291 Caesar
1463 2246 1664 2301 respondit

318 2360 339 2393 2
357 2359 493 2402 Pompei
511 2370 546 2392 α.
708 2361 727 2394 7
745 2359 974 2404 coarguisset]
995 2359 1215 2401 cognouisset
1235 2360 1266 2391 b.
1421 2357 1439 2390 9
1460 2356 1515 2400 qui
1535 2355 1565 2395 b,
1588 2355 1663 2397 quis

175 2409 227 2451 (α)
248 2421 281 2441 u.
421 2411 565 2454 denique
585 2422 661 2454 ego,
683 2412 807 2445 deinde
827 2412 928 2444 codd.
1072 2411 1112 2444 10
1124 2409 1310 2443 Marcellus
1329 2419 1363 2440 α.
1504 2407 1663 2439 consules

178 2463 274 2493 ‘mss.
296 2462 337 2502 5',
360 2464 477 2495 consul
495 2474 539 2504 α,·
559 2465 680 2497 consul
699 2469 794 2497 esset
810 2475 846 2496 u.
1054 2467 1167 2494 tamen
1186 2473 1206 2493 α
1226 2472 1243 2493 c
1260 2461 1401 2502 aliquot
1420 2458 1509 2491 dett.
1529 2469 1563 2499 υ,
1586 2467 1665 2490 eum

166 2512 308 2555 suisset
325 2513 384 2544 sed
402 2518 529 2545 tamen.
671 2515 712 2548 15
728 2524 801 2546 eam
820 2525 840 2546 α
860 2525 877 2545 c
895 2513 972 2545 eod.
993 2511 1075 2545 Vrs.
1099 2513 1116 2544 5
1135 2513 1238 2553 dett„
1260 2521 1328 2544 om.
1348 2509 1463 2542 Aldus
1482 2520 1517 2541 u.

177 2563 218 2596 16
237 2567 412 2594 armatura
432 2564 626 2604 Cuz‘aoz‘us;
644 2570 778 2597 matura
797 2575 818 2596 a
837 2564 871 2605 d,
892 2568 1016 2595 natura
1034 2562 1180 2603 reliqui.
1383 2561 1429 2596 22
1446 2559 1662 2602 difficultate]

173 2614 341 2647 bellorum
360 2614 442 2645 add·
465 2615 496 2646 b·
636 2617 679 2650 23
700 2616 899 2648 diminutam
920 2616 1015 2647 ‘rnss.
1029 2614 1221 2656 plerz'qzte'.
1363 2613 1472 2655 mille]
1494 2623 1569 2645 cum
1587 2623 1607 2644 a
1627 2612 1660 2653 d,

177 2676 222 2697 cu
241 2676 270 2705 c,
292 2675 308 2696 c
329 2665 369 2705 b,·
388 2675 479 2706 quae
506 2673 538 2694 00
557 2668 785 2708 signficant.
951 2664 1140 2696 hominibus
1161 2665 1179 2695 b
1198 2674 1215 2694 c
1233 2663 1256 2695 d
1272 2664 1293 2695 4
1312 2663 1398 2696 dett.
1419 2667 1457 2696 ec
1471 2663 1665 2695 secundum

178 2718 431 2750 Achaz'ntrz‘um
451 2728 486 2758 a,
507 2717 678 2750 hominum
695 2728 718 2750 u
733 2722 768 2751 et
784 2717 974 2750 secundum
993 2715 1200 2759 Beyerlz'um
1218 2715 1283 2756 (a).
1463 2715 1507 2750 24
1526 2724 1609 2757 quas
1627 2724 1662 2746 α.

320 2767 364 2802 25
384 2779 458 2801 cum
476 2768 633 2802 Farnace
653 2780 686 2804 α.
868 2769 910 2804 26
930 2769 962 2800 in
981 2768 1097 2811 primis
1115 2767 1178 2809 (α).
1364 2768 1408 2802 28
1426 2767 1625 2801 Pharnacen
1642 2777 1664 2799 a

180 2819 342 2861 Scaliger
359 2823 394 2851 et
411 2822 489 2853 sine
508 2823 747 2855 annotatione
766 2831 808 2862 τις
825 2819 988 2861 Scaliger
1005 2822 1043 2851 et
1057 2829 1079 2851 u
1097 2821 1203 2851 etiam
1224 2818 1401 2861 deinceps.
1558 2818 1600 2852 30
1610 2827 1664 2850 re-

179 2870 322 2913 spondet
340 2869 419 2912 (ιι).ρ

1698 900 1736 933 10

1702 1238 1740 1271 15

1695 1577 1739 1611 20

1696 2252 1738 2287 30
