1835 3240
93 119 176 162 442
619 122 692 164 DE
723 123 914 167 BELLO
947 124 1196 168 GALLICO

168 235 370 276 exercitus
401 236 540 277 relicta
571 245 709 278 erant:
752 238 842 278 inde
874 252 960 278 cum
990 238 1168 281 omuibus
1201 241 1322 295 copiis
1355 243 1401 282 ad
1434 240 1648 285 Caesarem

165 303 362 356 peruenit.

91 368 149 414 63
283 369 517 413 Defectione
540 371 795 412 Haeduorum
818 374 977 427 cognita
999 374 1143 415 bellum
1165 384 1345 431 augetur.
1407 377 1649 433 Legationes

117 437 146 479 2
166 438 206 478 in
230 453 364 480 omnes
379 447 510 493 partes
533 440 911 482 circummittuntur:
938 450 1124 495 quantum
1139 445 1281 497 gratia,
1308 447 1559 498 auctoritate,
1585 463 1650 502 pc-

120 505 144 545 3
166 507 282 547 cunia
304 508 460 557 ualent,
496 508 543 547 ad
573 508 843 549 sollicitandas
876 510 1058 551 ciuitates
1093 511 1296 562 nituntur3
1336 514 1440 554 nacti
1471 515 1643 566 obsideS,

167 588 264 627 quos
289 573 440 615 Cacsar
460 575 559 628 apud
584 589 652 616 eos
676 577 926 630 deposuerat,
953 580 1088 620 horum
1112 580 1302 633 supplicio
1325 580 1548 623 dubitantes
1572 590 1649 624 ter-

117 640 146 682 4
165 642 299 682 ritant.
341 641 488 682 Petunt
509 657 529 682 a
552 642 885 699 Vercingetorige
909 646 1077 698 Haedui,
1104 655 1142 687 ut
1164 649 1210 688 ad
1234 662 1277 688 se
1299 649 1430 689 ueniat
1454 651 1649 691 rationes-

118 708 143 749 5
167 723 239 763 que
261 709 350 749 belli
373 711 535 762 gerendi
558 713 834 754 communicet.
878 714 940 755 Re
962 715 1169 770 impetrata
1192 716 1462 767 contendunt,
1491 724 1535 757 ut
1556 718 1650 771 ipsis

164 791 315 817 summa
335 777 488 831 imperii
511 780 705 830 tradatur,
731 788 768 821 et
790 796 832 822 re
854 782 893 822 in
911 784 1224 824 controuersiam
1244 784 1407 824 deducta
1421 784 1542 825 totius
1558 783 1652 825 Gal-

116 843 142 884 6
165 844 239 885 liae
263 846 470 886 concilium
498 846 680 889 Bibracte
701 849 902 890 indicitur.
943 850 1093 892 Eodem
1118 852 1358 892 conueniunt
1381 852 1552 905 undique
1575 854 1652 893 fre-

165 920 345 965 quentes.
388 912 655 956 Multitudinis
677 918 876 972 suffragiis
898 933 963 959 res
986 920 1249 973 permittitur:
1286 920 1333 959 ad
1364 934 1481 960 unum
1514 934 1651 961 omnes

116 979 142 1020 7
165 979 535 1037 Vercingetorigem
566 985 733 1038 probant
764 986 1058 1040 imperatorem.
1111 987 1174 1028 Ab
1204 988 1277 1028 hoc
1308 988 1474 1028 concilio
1506 988 1649 1037 Remi,

161 1047 396 1102 Lingones,
437 1049 606 1092 Treueri
638 1054 846 1094 afuerunt:
888 1055 967 1105 illi,
1011 1056 1111 1109 quod
1139 1056 1351 1096 amicitiam
1380 1054 1650 1095 Romanorum

162 1117 452 1171 sequebantur3
477 1119 672 1171 Treueri,
698 1123 799 1174 quod
822 1122 985 1163 aberant
1014 1124 1170 1178 longius
1193 1131 1231 1163 et
1252 1124 1299 1164 ab
1323 1122 1534 1164 Germanis
1563 1138 1651 1177 pre-

161 1185 393 1236 mebantur,
440 1201 538 1240 quae
570 1189 644 1229 fuit
675 1203 817 1237 causa,
861 1205 983 1244 quare
1022 1198 1104 1231 toto
1136 1192 1321 1232 abessent
1351 1192 1452 1232 bello
1486 1199 1522 1232 et
1554 1206 1649 1233 neu-

114 1250 140 1292 8
162 1253 233 1293 tris
265 1255 415 1294 auxilia
446 1256 662 1297 mitterent.
731 1256 882 1312 Magno
918 1259 1052 1299 dolore
1093 1258 1247 1299 Haedui
1290 1261 1420 1298 ferunt
1460 1273 1502 1299 se
1543 1260 1647 1300 deie-

161 1326 245 1360 ctos
278 1322 522 1376 principatu,
559 1332 777 1377 queruntur
800 1327 980 1367 fortunae
1022 1328 1365 1367 commutationem
1399 1334 1436 1367 et
1460 1325 1647 1368 Caesaris

160 1388 443 1441 indulgentiam
467 1391 506 1430 in
529 1406 572 1432 sc
601 1394 834 1446 requirunt,
870 1408 995 1447 neque
1026 1401 1157 1435 tamen
1189 1402 1372 1448 suscepto
1404 1395 1506 1436 bello
1538 1409 1648 1435 suum

113 1454 140 1495 9
163 1456 367 1497 consilium
391 1459 438 1498 ab
462 1460 626 1513 reliquis
649 1475 834 1515 separare
858 1463 1017 1503 audent.
1072 1461 1191 1503 Inuiti
1213 1477 1388 1503 summae
1410 1463 1494 1518 spei
1517 1463 1651 1503 adule-

85 1523 142 1568 64
164 1532 321 1566 scentes
353 1526 608 1580 Eporedorix
637 1537 677 1570 et
698 1529 972 1572 Viridomarus
994 1530 1315 1585 Vercingetorigi
1346 1538 1500 1585 parent.
1563 1528 1652 1585 Ipse

161 1592 329 1648 imperat
352 1595 513 1649 reliquis
536 1597 762 1639 ciuitatibus
786 1600 982 1654 obsides-l-
998 1600 1167 1653 denique
1191 1599 1225 1640 ei
1247 1600 1304 1639 rei
1323 1599 1527 1639 constituit
1549 1599 1649 1639 diem

162 1661 253 1702 huc.
288 1661 437 1703 Omnes
461 1665 629 1718 equites,
656 1667 874 1719 quindecim
898 1669 1004 1708 milia
1026 1682 1205 1717 numero,
1232 1667 1417 1707 celeriter
1439 1666 1653 1707 conuenire

112 1729 140 1770 2
161 1730 291 1781 iubet3
317 1732 505 1784 peditatu,
530 1748 640 1786 quem
657 1743 774 1776 antea
796 1736 1002 1785 habuerat,
1027 1750 1069 1776 se
1094 1738 1176 1776 fore
1199 1742 1425 1776 contentum
1449 1735 1558 1784 dicit,
1584 1748 1653 1774 ne-

161 1811 236 1851 que
260 1800 454 1840 fortunam
479 1808 759 1856 temptaturum
782 1812 845 1844 aut
870 1804 908 1844 in
929 1805 1013 1844 acie
1031 1805 1305 1844 dimicaturum
1321 1835 1331 1854 ,
1356 1803 1441 1850 sed,
1467 1802 1650 1855 quoniam

163 1866 334 1907 abundet
356 1868 527 1921 equitatu
544 1901 554 1920 ,
587 1871 773 1924 perfacile
807 1886 894 1913 esse
919 1874 1024 1912 factu
1047 1872 1414 1912 frumentationibus
1437 1869 1654 1924 pabulatio-

115 1932 140 1974 3
162 1933 356 1990 nibusque
368 1936 573 1978 Romanos
588 1939 819 1992 prohibere,
845 1954 970 1993 aequo
987 1941 1100 1980 modo
1115 1940 1244 1980 animo
1267 1954 1338 1980 sua
1359 1938 1434 1992 ipsi
1457 1939 1653 1978 frumenta

163 2011 416 2058 corrumpant
437 2006 690 2060 aedificiaque
712 2008 948 2059 incendant,
985 2023 1058 2062 qua
1080 2008 1139 2049 rei
1162 2008 1365 2049 familiaris
1387 2008 1542 2047 iactura
1564 2019 1653 2060 per-

307 2107 321 2140 1
343 2108 421 2141 inde
441 2119 470 2150 e,
492 2110 616 2142 indiem
635 2112 709 2143 AB
725 2112 807 2144 CI).
973 2112 992 2144 3
1012 2112 1202 2153 augebatur
1222 2113 1239 2143 b
1253 2123 1281 2143 e.
1453 2110 1605 2150 legiones
1628 2109 1654 2140 B

162 2158 258 2189 ‘msa
280 2159 323 2190 θ’.
466 2162 484 2193 6
504 2161 722 2204 disposuerat
742 2164 772 2195 b.
890 2163 910 2195 7
931 2169 967 2196 ut
986 2174 1062 2194 cnm
1084 2165 1101 2194 5
1117 2165 1287 2205 pessimis
1307 2172 1373 2193 om.
1390 2172 1423 2192 η.
1543 2161 1563 2191 8
1582 2159 1652 2190 bel-

162 2210 328 2250 ligerandi
348 2211 379 2243 b.
522 2214 540 2246 9
560 2218 593 2245 et
612 2224 680 2246 om.
703 2215 734 2246 b.
879 2225 949 2247 reni
970 2233 1011 2238 -
1030 2215 1195 2246 deduciB
1210 2216 1305 2245 ‘ms-s.
1331 2214 1392 2246 10’.
1537 2212 1576 2244 10
1596 2221 1652 2243 eo-

164 2262 238 2293 dem
252 2266 340 2303 post
357 2264 686 2307 conueniuntpom't
705 2266 734 2306 b,
757 2276 826 2298 om.
847 2266 912 2298 de.
1092 2266 1128 2298 11
1151 2265 1381 2297 multitudinis
1400 2263 1493 2296 And.
1517 2264 1648 2303 Omen.5

160 2313 398 2346 multitudines
417 2316 561 2357 reliqui.
687 2316 1089 2358 l2Vercingetoriginem
1108 2320 1190 2349 ante
1208 2326 1301 2349 corr.
1321 2316 1364 2348 B.
1508 2314 1548 2346 13
1568 2313 1652 2345 Tre-

162 2365 234 2396 ueri
255 2365 314 2396 lzz'c
328 2369 362 2396 et
376 2366 542 2408 deinceps
554 2368 596 2399 B.
739 2367 916 2409 afuerunt,
937 2378 1006 2399 uon
1018 2367 1216 2408 abfuerunt,
1231 2368 1307 2399 AB
1321 2366 1417 2406 CD;
1438 2366 1647 2397 affuerunte.

306 2417 345 2448 15
367 2418 479 2449 neutri
500 2419 529 2450 b.
676 2419 716 2451 16
739 2418 869 2462 ferunt]
892 2419 1032 2451 fuerunt
1049 2419 1094 2450 I).
1235 2419 1294 2451 sed
1315 2418 1442 2449 eiectos
1461 2428 1507 2449 m.
1526 2427 1583 2458 pr.
1609 2417 1647 2449 C.

305 2467 344 2500 17
365 2474 577 2509 quaeruntur
593 2470 635 2501 B.
832 2471 873 2503 18
891 2470 1138 2510 indulgentiam
1158 2470 1190 2501 in
1211 2480 1247 2501 se
1268 2469 1447 2510 requirunt
1465 2469 1495 2500 B
1513 2471 1547 2500 et
1564 2468 1650 2499 reli-

159 2521 243 2561 q11i5
264 2520 296 2551 in
317 2530 353 2551 se
372 2521 618 2562 indulgentiam
637 2523 818 2565 requirunt
836 2523 905 2563 bu,
928 2523 961 2554 in
981 2533 1017 2554 se
1037 2522 1248 2562 indulgentia
1268 2521 1457 2564 requiritur
1474 2532 1504 2551 e.

164 2572 202 2603 19
221 2571 455 2604 aduliscentes
475 2574 517 2604 B.
670 2575 713 2607 20
733 2575 804 2615 ipse
824 2574 854 2606 B
874 2572 1069 2615 ‘plerique',
1092 2573 1151 2604 illc
1169 2583 1230 2605 cu.
1393 2572 1430 2606 21
1453 2570 1485 2613 ’1-
1504 2571 1647 2613 denique

157 2641 203 2645 —-
220 2622 298 2654 huc.
316 2623 357 2654 P.
387 2624 462 2656 100.
650 2626 694 2661 22
718 2626 812 2658 milia
838 2636 908 2657 om.
934 2625 982 2666 B,
1013 2625 1107 2656 linea
1132 2627 1273 2657 numeri
1299 2628 1405 2656 notae
1433 2623 1649 2666 superducta

160 2675 394 2715 significatur
416 2677 452 2706 in
479 2686 512 2707 α.
721 2678 765 2712 23
791 2686 890 2719 quam
915 2686 963 2707 m.
986 2685 1044 2718 pr.
1065 2676 1108 2707 B.
1314 2680 1414 2708 antea
1434 2675 1603 2707 habuerat
1620 2675 1651 2707 B

164 2725 391 2768 ‘'plerique’3
419 2731 520 2759 antea
547 2727 706 2761 habuerit
723 2739 762 2769 e,
789 2733 868 2760 ante
888 2728 1049 2759 habuerit
1065 2738 1100 2760 u.
1333 2728 1376 2763 24
1395 2727 1503 2759 autin
1525 2727 1599 2759 acie
1620 2727 1652 2759 A

161 2777 223 2819 (B)
237 2778 329 2819 CD,
357 2782 416 2810 aut
433 2778 507 2810 acie
526 2789 555 2811 e.
761 2780 803 2814 25
824 2778 950 2811 factum
970 2780 988 2811 b
1001 2790 1038 2820 c,
1060 2790 1130 2812 non
1149 2790 1177 2811 e.
1351 2779 1395 2812 27
1414 2789 1478 2821 quo
1497 2778 1539 2810 ab
1559 2778 1609 2810 rei
1630 2777 1648 2809 b

161 2833 213 2871 ct,
245 2832 310 2873 qui
326 2840 364 2872 a,
385 2842 415 2862 c.

1687 860 1726 892 10

1682 1201 1721 1233 15
