1835 3240
101 189 183 230 580
664 188 737 229 DE
770 188 959 230 BELLO
994 187 1169 231 CIVILI

178 301 422 354 insequentis
455 302 546 341 anni
581 309 752 341 mutuam
788 309 1039 354 praeceperat
1069 303 1299 357 equitesque
1333 304 1401 345 toti
1435 304 1661 358 prouinciae

130 364 154 403 3
176 364 449 417 imperauerat.
502 361 656 414 Quibus
681 364 827 403 coactis
851 363 1023 403 finitimis
1046 363 1221 404 hostibus
1243 364 1403 407 Parthis
1427 375 1514 420 post
1534 382 1576 407 50
1599 382 1661 407 10-

177 425 305 473 lictis,
345 426 406 478 qui
441 426 554 477 paulo
587 431 677 463 ante
702 423 758 463 Μ.
787 422 976 464 Crassum
1010 425 1286 478 imperatorem
1318 427 1600 470 interfecerant
1622 437 1660 470 et

174 486 236 527 M.
262 486 443 527 Bibulum
467 488 503 525 111
529 486 732 526 obsidione
755 487 986 536 habuerant,
1014 488 1190 541 legiones
1213 489 1440 543 equitesque
1464 506 1516 532 ex
1541 492 1658 547 Syria

126 552 152 592 4
175 552 407 591 deduxerat.
473 546 749 602 Summamque
794 550 831 588 in
863 550 1162 590 sollicitudinem
1195 565 1239 590 ac
1270 551 1446 592 timorem
1481 553 1656 595 Parthici
1691 563 1708 593 5

175 619 266 658 belli
309 616 510 670 prouincia
547 631 630 655 cum
671 617 868 666 uenisset,
912 632 957 657 ac
989 619 1200 658 nonnullae
1233 619 1393 658 militum
1428 635 1544 661 uoces
1577 637 1659 662 011111

176 686 431 733 audirentur,
458 698 561 733 sese,
589 691 724 724 contra
749 684 898 724 hostem
923 686 957 725 si
981 687 1246 734 ducerentur,
1272 686 1420 736 ituros,
1448 696 1584 729 contra
1607 690 1660 728 ci-

177 769 262 794 uem
295 760 333 793 et
365 752 563 793 consulem
588 767 693 792 arma
719 767 794 793 non
819 754 966 793 laturos
983 785 992 802 ,
1029 754 1202 793 deductis
1227 751 1461 808 Pergamum
1486 763 1600 809 atque
1623 757 1661 796 in

174 820 503 874 locupletissimas
536 821 653 860 urbes
685 821 723 860 111
757 821 921 860 hiberna
952 822 1175 875 legionibus
1206 823 1398 862 maximas
1431 823 1660 877 largitiones

177 889 269 928 fecit
291 895 330 927 et
352 889 705 928 confirmandorum
731 889 891 928 militum
915 903 1035 928 01111511
1057 889 1294 942 diripiendas
1319 891 1378 930 1115
1401 890 1580 931 ciuitates
1599 892 1664 931 de-

102 956 160 1001 32
183 957 251 996 dit.
295 954 457 997 Interim
491 956 745 996 acerbissime
777 957 991 1010 imperatae
1025 958 1213 1010 pecuniae
1247 965 1328 997 tota
1351 959 1554 1012 prouincia
1578 959 1662 998 exi-

177 1024 383 1080 gebantur.
432 1023 556 1064 Multa
590 1032 794 1078 praeterea
828 1026 1045 1078 generatim
1079 1026 1124 1064 ad
1149 1026 1355 1065 auaritiam
1381 1026 1663 1079 excogitaban-

128 1094 154 1134 2
178 1099 254 1132 tur.
302 1092 343 1132 ln
368 1093 493 1146 capita
527 1093 682 1146 singula
705 1106 911 1132 seruorum
936 1102 980 1133 ac
1003 1093 1215 1133 liberorum
1241 1094 1425 1133 tributum
1449 1094 1662 1147 inponeba-

176 1167 264 1210 tur3
302 1161 569 1210 columnaria,
595 1160 756 1200 ostiaria
774 1192 783 1209 ,
810 1161 1050 1200 frumentum
1069 1191 1078 1209 ,
1104 1161 1271 1210 milites,
1307 1176 1440 1210 arma,
1473 1163 1658 1216 remiges,

176 1235 390 1277 tormenta,
416 1235 604 1267 necturae
627 1228 949 1281 imperabantur3
983 1228 1092 1267 cuius
1116 1229 1229 1267 modo
1253 1229 1308 1267 rei
1334 1243 1475 1268 nomen
1498 1230 1663 1282 reperiri

131 1297 155 1337 3
178 1302 344 1350 poterat,
373 1296 443 1334 boc
466 1295 563 1335 satis
586 1307 674 1334 esse
696 1295 741 1335 ad
767 1296 962 1349 cogendas
986 1295 1171 1348 pecunias
1195 1295 1416 1335 uidebatur.
1481 1295 1576 1336 Non
1597 1310 1661 1336 so-

176 1363 251 1403 lum
285 1363 470 1412 urbibus,
517 1363 584 1402 sed
619 1377 742 1416 paene
773 1363 869 1402 uicis
902 1363 1151 1415 castellisque
1184 1363 1349 1418 singulis
1382 1378 1465 1403 011111
1498 1365 1662 1418 imperio

174 1431 515 1486 praeficiebantur.
562 1428 638 1482 Qui
673 1431 807 1470 borum
843 1432 933 1484 quid
956 1430 1208 1471 acerbissime
1239 1431 1584 1485 crudelissimeque
1609 1433 1663 1472 fe-

127 1500 154 1539 4
177 1507 311 1549 cerat,
346 1499 377 1539 is
409 1507 448 1539 et
473 1499 532 1538 uir
554 1506 592 1538 et
615 1499 711 1538 ciuis
735 1499 903 1552 optimus
927 1499 1157 1539 habebatur.

1221 1498 1323 1539 Erat
1344 1500 1456 1554 plena
1481 1500 1660 1540 lictorum

175 1575 214 1607 et
235 1568 486 1621 imperiorum
512 1566 732 1620 prouincia,
759 1567 912 1607 differta
932 1568 1270 1622 praefectisatque
1293 1567 1576 1619 exactoribus3
1601 1567 1664 1620 qui

175 1642 331 1689 praeter
364 1636 573 1688 imperatas
605 1635 790 1688 pecunias
822 1650 893 1675 suo
927 1636 1043 1675 etiam
1082 1635 1235 1689 priuato
1259 1636 1487 1689 compendio
1512 1635 1663 1675 seruie-

174 1703 289 1743 bant:
318 1703 547 1743 dictitabant
565 1703 666 1743 enim
691 1717 732 1743 se
746 1703 858 1743 domo
883 1704 1085 1757 patriaque
1110 1704 1297 1756 expulsos
1321 1704 1499 1743 omnibus
1524 1717 1659 1743 neees-

174 1772 291 1811 sariis
317 1785 434 1824 egere.
457 1771 591 1819 rebus,
622 1777 663 1809 ut
687 1771 848 1810 honesta
874 1771 1186 1824 praescriptione
1208 1785 1290 1810 rem
1316 1771 1579 1824 turpissimam
1605 1777 1662 1810 te-

126 1840 150 1880 5
174 1846 329 1892 gerent.
376 1838 631 1878 Accedebant
661 1839 707 1878 ad
740 1839 835 1878 haec
866 1840 1130 1892 grauissimae
1162 1852 1332 1888 usurae,
1372 1839 1470 1891 quod
1493 1838 1533 1878 in
1558 1838 1658 1878 bello

173 1908 400 1960 plerumque
423 1906 603 1946 accidere
627 1907 836 1946 consueuit
860 1907 1056 1946 uniuersis
1079 1907 1281 1960 imperatis
1296 1907 1497 1960 pecuniis,
1524 1905 1663 1959 quibus

172 1975 211 2014 in
237 1975 354 2014 rebus
388 1975 646 2028 prolationem
681 1975 756 2015 diei
788 1975 1038 2015 donationem
1064 1988 1152 2014 esse
1176 1975 1371 2014 dicebant.
1438 1973 1573 2028 ltaque
1596 1987 1663 2013 aes

125 2041 152 2082 6
175 2042 343 2082 alienum
369 2043 592 2096 prouinciae
616 2057 662 2082 eo
685 2042 840 2082 biennio
864 2042 1159 2096 multiplicatum
1183 2049 1258 2082 est.
1297 2041 1442 2095 Neque
1464 2042 1590 2081 minus
1614 2041 1662 2080 ob

175 2125 258 2150 eam
282 2124 438 2150 causam
462 2111 613 2151 ciuibus
625 2110 817 2150 Romanis
841 2111 924 2151 eius
948 2110 1191 2164 prouinciae,
1216 2110 1282 2150 sed
1308 2110 1345 2149 in
1369 2109 1545 2162 singulos
1570 2123 1662 2148 con-

174 2180 316 2214 uentus
348 2174 601 2227 singulasque
631 2175 812 2214 ciuitates
842 2181 974 2214 certae
1007 2173 1196 2226 pecuniae
1225 2172 1544 2226 imperabantur,
1579 2186 1662 2211 mu-

172 2244 339 2290 tuasque
362 2237 448 2277 illas
472 2251 523 2276 ex
546 2237 891 2278 senatusconsulto
915 2237 1021 2289 exigi
1048 2236 1304 2285 dictitabant3
1343 2234 1584 2289 publicanis,
1622 2242 1665 2275 ut

319 2352 333 2384 1
356 2357 555 2393 perceperat
575 2353 607 2383 b.
793 2353 813 2383 2
834 2352 974 2384 Parcliis
994 2362 1093 2394 posse
1115 2351 1248 2383 relictis
1266 2361 1300 2382 a.
1477 2351 1497 2382 4
1516 2349 1607 2382 Siria
1626 2360 1659 2381 a.

320 2404 337 2433 5
358 2413 588 2446 summamque
609 2404 639 2435 in
661 2404 929 2435 sollicitudinem
948 2413 987 2434 ac
1006 2404 1159 2434 timorem
1178 2401 1442 2441 Elberlz'ngius,
1465 2410 1661 2441 summaque

175 2453 207 2484 in
228 2453 459 2484 sollicitudine
479 2464 518 2485 ac
537 2455 657 2486 timore
676 2455 777 2486 codd.

174 2504 322 2535 uinciam
343 2515 383 2543 (1;
406 2505 436 2535 in
458 2506 666 2546 prouinciam
688 2516 722 2537 u.

323 2553 361 2586 10
382 2554 594 2596 ‹liripiundas
615 2566 693 2587 eum
713 2566 781 2587 uuo
801 2555 873 2587 dec.
893 2566 929 2586 u.

174 2609 300 2638 nutias
318 2616 352 2637 u.
498 2607 535 2638 13
556 2608 782 2649 inponebatur
801 2617 834 2638 a.

175 2669 234 2700 ges
252 2668 273 2689 a
295 2658 390 2689 ‘ms-s.
408 2656 595 2698 plerique',
619 2659 762 2697 remiges
782 2667 873 2688 arma
888 2667 924 2688 u.

175 2708 363 2740 cuiusmodi
383 2707 482 2738 codd.
625 2708 788 2750 repperiri
802 2718 835 2738 α.

176 2762 339 2803 pecunias
361 2762 378 2792 b
399 2760 488 2801 (nisi
500 2763 623 2802 potius
643 2761 814 2801 cogendas
833 2759 980 2801 copias).

178 2814 311 2846 faceret
329 2819 363 2845 et
381 2814 617 2845 crudelissime
639 2814 666 2844 is
689 2813 719 2844 b.

922 2453 1076 2485 Parcliici
1095 2463 1128 2484 a.

1270 2452 1288 2483 6
1307 2451 1483 2494 prouincia
1505 2452 1522 2482 b
1536 2462 1565 2491 e,
1587 2461 1663 2492 pro-

863 2515 937 2536 cum
957 2506 1159 2536 audirentur
1177 2514 1196 2535 α
1211 2504 1228 2535 b
1241 2514 1296 2543 ee,
1318 2508 1387 2534 tum
1407 2503 1609 2534 audirentur
1626 2514 1660 2534 v.

1072 2555 1124 2587 his
1144 2565 1164 2586 a
1184 2554 1261 2585 edd.
1279 2556 1443 2594 priores,
1464 2553 1507 2585 iis
1527 2554 1566 2585 P.
1585 2554 1662 2585 Ma-

978 2607 1015 2638 14
1036 2606 1237 2647 colupnaria
1255 2615 1288 2635 a.
1453 2615 1544 2636 arma
1564 2605 1663 2636 remi-

1065 2658 1105 2689 15
1117 2657 1212 2688 cuius
1225 2656 1320 2688 modo
1331 2655 1444 2687 Aldus
1457 2658 1492 2687 in
1507 2657 1656 2697 correg„

979 2707 1018 2739 16
1033 2706 1289 2746 cognoscendas
1309 2707 1470 2748 pecunias
1489 2716 1521 2746 a,
1544 2707 1658 2748 copias

888 2811 926 2843 lt)
945 2811 1046 2853 plane
1065 2821 1099 2842 α.

1126 2760 1161 2791 17
1183 2769 1268 2800 pene
1283 2759 1346 2799 (a).
1490 2758 1655 2790 tsacerb.

1263 2810 1306 2843 20
1327 2808 1512 2851 praefectis
1530 2809 1656 2849 Aldus,

177 2866 371 2910 praeceptis
390 2866 490 2898 eodcl.
693 2865 734 2896 30
754 2865 831 2895 illas
852 2874 890 2895 ex
911 2862 1212 2895 senatusconsulto
1231 2861 1367 2902 Aldns,·
1388 2872 1429 2893 ex
1448 2861 1508 2893 illo
1528 2867 1554 2893 s·
1582 2871 1661 2892 cou-

178 2920 267 2950 sntio
287 2929 320 2959 a,
341 2929 383 2950 ex
402 2918 460 2949 illo
480 2928 515 2948 sc
535 2916 690 2948 consulto
712 2915 820 2946 ‘mssa’

961 2919 997 2945 ut
1014 2924 1034 2945 α
1049 2914 1078 2954 b,
1103 2914 1204 2946 111111.

1697 900 1736 931 10

1697 1238 1738 1269 ’15

1695 2242 1737 2274 30
