1835 3240
651 219 839 264 CAPVT
863 219 917 261 58
930 244 982 250 -——
994 217 1065 259 60.
1596 218 1678 260 655

117 337 289 378 Thorius
322 335 495 386 ferebat,
529 335 671 376 milites
695 335 793 375 adeo
817 334 1064 381 fatebantur,
1097 337 1137 370 ut
1161 326 1237 369 Cn.
1263 329 1438 384 Pompeii
1462 347 1601 374 nomen

119 407 156 445 in
179 404 301 444 scutis
324 403 551 457 inscriptum
575 403 778 443 haberent.
827 400 1031 453 Frequens
1054 398 1274 452 legionibus
1297 406 1514 439 conuentus
1537 401 1603 439 ob-
1626 401 1649 439 4

119 472 220 512 uiam
243 471 370 525 prodit
393 485 517 524 neque
541 478 692 511 tantum
716 470 917 517 uirorum,
953 468 1019 507 sed
1045 467 1161 506 etiam
1183 473 1347 506 matrum
1373 467 1538 506 familias
1562 482 1606 507 ac

120 546 458 594 praetextatorum
482 539 792 591 deprecaturque
809 567 819 585 ,
846 550 893 575 ne
917 535 1048 575 hostili
1072 534 1246 573 aduentu
1269 532 1491 574 Cordubam
1516 534 1603 573 diri-

75 616 92 646 5
125 614 288 660 perent:
332 622 419 647 nam
451 619 493 646 se
534 611 673 645 contra
704 601 890 643 Cassium
921 602 1068 643 sentire
1101 616 1187 641 cum
1220 602 1427 653 omnibus3
1471 609 1607 641 contra

121 672 335 715 Caesarem
360 688 408 714 ne
433 675 626 722 facerent,
656 686 786 712 orare.
830 670 985 710 Tantae
1008 669 1268 709 multitudinis
1292 669 1470 723 precibus
1495 677 1534 710 et
1554 670 1610 710 la·
1625 670 1681 714 59

122 743 253 783 crimis
277 742 476 782 exercitus
500 747 715 780 commotus
739 753 825 779 cum
850 738 1001 778 uideret
1022 737 1068 776 ad
1092 733 1274 777 Cassium
1298 738 1607 791 persequendum

122 811 217 850 nibil
250 824 343 863 opus
367 822 455 849 esse
479 805 556 848 Cn.
584 806 743 860 Pompei
768 807 922 846 nomine
945 812 984 845 et
1006 805 1216 854 memoria,
1254 812 1409 858 tamque
1432 806 1609 847 omnibus

123 874 378 917 Caesarianis
408 891 521 929 quam
544 873 794 928 Pompeianis
818 872 1045 927 Longinum
1078 885 1165 912 esse
1198 873 1236 911 in
1269 874 1381 923 odio,
1417 888 1543 928 neque
1566 889 1609 915 se

52 952 90 983 10
124 952 360 985 conuentum
394 959 520 997 neque
552 942 611 983 M.
645 941 881 982 Marcellum
915 949 1051 982 contra
1085 938 1272 981 Caesaris
1304 955 1459 981 causam
1494 957 1610 996 posse

126 1013 338 1065 perducere
355 1043 364 1061 ,
392 1026 534 1052 nomen
556 1010 717 1064 Pompei
741 1024 793 1050 ex
815 1010 936 1049 scutis
960 1009 1246 1058 detraxerunt,
1271 1007 1522 1060 Marcellum,
1548 1011 1612 1064 qui
1633 1011 1659 1050 '2

126 1093 169 1119 se
192 1077 378 1119 Caesaris
413 1093 570 1119 eausam
601 1079 852 1119 defensurum
884 1077 1165 1131 profitebatur⁷
1202 1077 1336 1117 ducem
1361 1078 1615 1119 adsciuerunt

125 1155 426 1200 praetoremque
445 1147 689 1200 appellarunt
711 1153 747 1186 et
772 1153 1006 1186 conuentum
1031 1145 1103 1185 sibi
1120 1144 1388 1184 adiunxerant
1406 1152 1613 1199 castraque

127 1216 173 1254 ad
197 1211 418 1255 Cordubam
451 1222 682 1268 posuerunt.
727 1213 891 1255 Cassius
923 1228 969 1253 eo
992 1213 1109 1253 biduo
1133 1213 1293 1253 circiter
1315 1220 1376 1252 IIII
1400 1214 1504 1254 milia
1527 1228 1615 1268 pas·
1637 1214 1661 1254 3

57 1291 94 1322 15
128 1297 238 1323 suum
272 1297 293 1322 a
317 1280 501 1323 Corduba
525 1284 621 1322 citra
645 1283 787 1322 [lumen
810 1280 965 1322 Baetim
987 1281 1024 1321 in
1049 1281 1177 1335 oppidi
1201 1287 1412 1334 conspectu
1436 1281 1521 1322 loco
1545 1295 1616 1322 ex-

129 1351 234 1390 celso
266 1351 359 1391 facit
389 1358 544 1401 castra,
578 1350 730 1391 litteras
762 1350 807 1390 ad
831 1364 962 1404 regem
988 1347 1188 1402 Bogudem
1211 1349 1249 1388 in
1272 1346 1554 1389 Mauritaniam
1579 1357 1618 1390 et

130 1418 190 1459 M.
216 1416 407 1472 Lepidum
432 1418 704 1472 proconsulem
727 1419 768 1458 in
785 1417 1017 1472 Hispaniam
1041 1416 1265 1456 citeriorem
1289 1416 1420 1466 mittit,
1443 1417 1617 1458 subsidio

131 1486 204 1525 sibi
245 1486 550 1540 prouinciaeque
583 1484 772 1527 Caesaris
815 1500 931 1526 causa
972 1500 1084 1538 quam
1117 1486 1283 1538 primum
1316 1484 1484 1525 ueniret.
1528 1484 1618 1540 Ipse

132 1554 261 1594 hostili
287 1555 400 1594 modo
424 1552 740 1595 Cordubensium
764 1568 880 1607 agros
904 1560 1047 1601 uastat,
1065 1553 1240 1593 aedilicia
1261 1552 1450 1592 incendit.
1492 1551 1617 1595 Cuius
1634 1554 1694 1598 60

58 1629 100 1661 ‘20
132 1622 189 1662 rei
222 1623 470 1662 deformitate
500 1630 614 1675 atque
645 1622 879 1676 indignitate
911 1622 1114 1676 legiones,
1150 1634 1249 1674 quae
1281 1619 1514 1661 Marcellum
1544 1622 1619 1663 sibi

134 1690 268 1730 ducem
294 1697 504 1743 ceperant,
541 1690 587 1729 ad
610 1704 697 1730 eum
721 1697 1031 1739 concurrerunt,
1069 1696 1110 1729 ut
1132 1690 1172 1729 in
1195 1690 1318 1729 aciem
1341 1689 1617 1737 educerentur,

133 1758 317 1811 priusque
351 1758 585 1811 confligendi
616 1758 689 1797 sibi
723 1765 897 1811 potestas
931 1758 1067 1806 fieret,
1103 1771 1219 1812 quam
1242 1771 1328 1796 cum
1351 1763 1461 1797 tanta
1484 1765 1621 1798 contu-

135 1825 250 1866 melia
287 1825 552 1866 nobilissimae
593 1825 899 1878 carissimaeque
932 1825 1205 1879 possessiones
1239 1822 1552 1866 Cordubensium
1584 1827 1624 1867 in

137 1900 351 1947 conspectu
374 1908 443 1933 suo
465 1894 628 1947 rapinis,
646 1895 751 1934 ferro
769 1894 999 1947 flammaque
1018 1899 1361 1934 consumerentur.
1388 1891 1621 1945 Marcellus,
1646 1896 1673 1937 2

62 1968 104 2000 25
137 1976 223 2001 cum
257 1961 469 2014 confligere
503 1961 763 2001 miserrimum
794 1968 974 2015 putaret,
1009 1961 1109 2014 quod
1133 1969 1170 2002 et
1194 1960 1357 2001 uictoris
1381 1968 1419 2001 et
1442 1961 1536 2002 uicti
1560 1963 1625 2003 de-

142 2028 363 2069 trimentum
398 2030 442 2068 ad
467 2029 630 2069 eundem
655 2026 869 2069 Caesarem
893 2036 1000 2069 esset
1020 2029 1347 2078 redundaturum,
1381 2043 1506 2081 neque
1529 2044 1625 2071 suae

140 2097 346 2151 potestatis
370 2104 490 2146 esset,
516 2097 694 2150 legiones
717 2096 872 2137 Baetim
897 2096 1063 2136 traducit
1085 2097 1286 2148 aciemque
1308 2097 1480 2136 instruit.
1527 2095 1625 2139 Cum
1649 2098 1674 2139 3

143 2162 325 2205 Cassium
360 2172 496 2204 contra
532 2179 600 2217 pro
633 2166 714 2205 suis
739 2166 878 2206 castris
901 2164 1023 2204 aciem
1048 2164 1288 2204 instruxisse
1311 2165 1398 2204 loco
1421 2166 1628 2219 superiore

141 2234 325 2280 uideret,
361 2247 478 2272 causa
511 2234 766 2287 interposita,
802 2234 901 2286 quod
936 2233 966 2272 is
999 2233 1040 2272 in
1063 2246 1225 2285 aequum
1251 2247 1329 2272 non
1352 2233 1624 2286 descenderet,

68 2307 109 2339 30
141 2299 356 2340 Marcellus
386 2301 570 2340 militibus
594 2302 827 2354 persuadet,
863 2308 904 2341 ut
928 2315 971 2340 se
994 2300 1217 2354 reciperent
1241 2301 1278 2340 in
1302 2308 1447 2341 castra.
1491 2299 1628 2355 Itaque

144 2369 274 2422 copias
298 2370 485 2409 reducere
509 2370 649 2423 coepit.
697 2366 862 2409 Cassius
878 2400 887 2416 ,
921 2383 995 2422 quo
1017 2368 1119 2409 bono
1144 2369 1298 2409 ualebat
1319 2367 1630 2427 Marcellumque
1652 2372 1678 2413 4

292 2507 308 2537 4
329 2507 645 2549 deprecabaturque
667 2507 697 2537 b.
899 2507 917 2538 6
940 2507 1095 2538 facerent
1114 2517 1133 2537 α
1155 2507 1171 2538 b
1191 2518 1217 2547 r,
1243 2508 1357 2539 fucere
1377 2514 1580 2549 cogerentur
1598 2522 1633 2542 u.

291 2559 310 2589 ὃ
324 2558 455 2600 Pompei
475 2570 507 2590 α.
651 2564 820 2601 tamquam
840 2570 859 2590 α
881 2560 911 2590 b.
1054 2560 1072 2592 9
1089 2559 1120 2590 in
1142 2569 1209 2590 om.
1225 2560 1255 2590 b.
1400 2560 1436 2592 11
1452 2560 1632 2603 Pompeia.

297 2608 335 2639 12
354 2610 575 2641 adsciuerunt
594 2621 627 2641 α.
802 2611 839 2642 13
860 2610 1125 2652 appellauerunt
1144 2611 1174 2641 b.
1347 2616 1550 2643 conuentum
1571 2613 1633 2643 sibi

152 2665 171 2684 (1
191 2654 394 2695 Stephanus
420 2658 454 2685 et
477 2658 553 2686 sine
579 2658 813 2687 annolult'one
833 2667 872 2695 u,
904 2656 969 2687 sibi
997 2660 1202 2687 conuentum
1222 2656 1383 2697 reliquae
1402 2657 1480 2688 edd.
1500 2661 1581 2688 ante
1599 2668 1633 2689 u.

299 2705 335 2736 16
355 2710 425 2736 eta
446 2706 541 2737 ‘mss.
558 2707 745 2748 plerz'que’,
766 2711 800 2737 et
819 2707 859 2737 ad
880 2717 915 2737 υ.
1138 2707 1177 2739 18
1196 2707 1439 2749 prouinciaque
1459 2717 1491 2738 a.

158 2756 192 2786 1⁴)
214 2759 347 2786 uastata
366 2766 399 2796 (ι,
420 2761 561 2787 uastans
582 2758 612 2788 b.
776 2757 818 2789 23
839 2757 1111 2799 karissimaeque
1130 2767 1164 2788 α.
1330 2758 1581 2800 possessiones]
1603 2769 1634 2795 a,

152 2806 213 2836 secl
226 2810 359 2847 puncto
378 2808 574 2847 supposito,
596 2807 676 2838 add.
698 2819 730 2839 a.
873 2809 914 2841 25
934 2808 1086 2840 uictores
1106 2818 1140 2839 a.
1281 2808 1322 2841 27
1343 2813 1432 2839 esset
1451 2819 1470 2840 a
1493 2809 1637 2849 ‘ceteri'7

155 2866 230 2887 esse
252 2856 281 2887 b.
451 2856 557 2887 Betim
577 2866 609 2887 a.
765 2858 941 2899 aciemque
961 2868 981 2888 a
998 2859 1028 2897 b,
1049 2863 1150 2900 atque
1169 2858 1276 2889 uelem
1297 2869 1330 2888 η.
1488 2859 1528 2892 29
1544 2860 1639 2891 uidc-

157 2912 207 2938 ret
227 2906 338 2937 Aldus
365 2906 569 2948 suppleuit,
598 2907 813 2948 conspiceret
841 2918 932 2939 unus
962 2908 1057 2948 (ἰωῆς
1085 2919 1152 2940 om.
1174 2919 1194 2939 α
1216 2909 1233 2939 b
1252 2919 1268 2938 c
1287 2909 1305 2938 2
1325 2907 1412 2939 dett.
1433 2909 1588 2950 (Cassius
1607 2914 1643 2942 et

154 2959 379 2990 instruxisset
397 2958 475 2989 edd.
495 2961 578 2988 ante
597 2957 710 2997 Ald.).
883 2959 934 2990 his
955 2969 988 2989 α.
1156 2959 1197 2990 30
1217 2959 1410 3000 reciperent
1428 2970 1448 2992 a
1469 2961 1486 2992 b
1506 2971 1534 3002 c,
1557 2962 1642 2994 reci-

157 3009 248 3051 piant
269 3019 301 3040 ll.
482 3009 512 3038 in
534 3012 645 3039 castra
659 3012 744 3049 post
761 3009 865 3050 recip.
884 3011 987 3050 ponit
1005 3020 1037 3050 a,
1059 3013 1142 3041 ante
1162 3010 1264 3052 recip.
1287 3009 1364 3041 edd.
1541 3012 1588 3044 ita
1609 3013 1640 3045 b.
