1835 3240
137 169 219 213 398
660 169 734 212 DE
769 169 840 212 BE
847 168 959 211 LLO
992 167 1242 212 GALLICO

214 296 322 333 casu,
347 284 448 323 utin
470 283 595 337 ipsum
625 284 826 324 incautum
849 281 966 322 etiam
987 285 1105 335 atque
1126 283 1344 336 inparatum
1365 283 1580 334 incideret,
1615 285 1691 339 pri-

212 365 336 404 usque
358 351 440 391 eius
463 351 655 391 aduentus
677 351 724 390 ab
748 350 927 390 omnibus
950 350 1178 400 uideretur,
1203 364 1316 403 quam
1338 353 1442 392 fama
1462 367 1507 392 ac
1529 353 1690 392 nuntius

211 419 457 467 adferretur,
492 419 549 458 sie
578 431 743 471 magnae
775 418 848 458 fuit
877 418 1059 457 fortunae
1088 417 1193 457 omni
1224 419 1381 459 militari
1411 420 1688 469 instrumente,

211 487 311 539 quod
333 487 479 526 circum
502 499 544 525 se
567 485 748 534 habebat,
774 492 925 538 erept0,
950 485 1055 525 redis
1071 485 1261 538 equisque
1275 488 1690 541 conprehensisipsum

165 553 190 595 3
211 554 386 608 effugere
409 559 589 592 mortem.
635 550 713 592 Sed
736 553 807 592 hoc
830 567 982 606 quoque
1004 555 1148 593 factum
1172 561 1258 603 est,
1294 555 1394 606 quod
1416 556 1591 595 aedificio
1613 556 1687 595 cir·
1720 564 1737 594 5

211 622 393 662 cumdato
415 621 531 669 silua,
558 627 601 660 ut
622 628 715 660 sunt
736 621 817 661 fere
840 621 1035 661 domicilia
1057 620 1276 671 Gallorum,
1302 622 1367 674 qui
1388 622 1537 662 uitandi
1559 631 1691 663 aestus

209 703 328 729 causa
350 689 579 741 plerumque
599 689 788 728 siluarum
822 695 938 742 atque
970 690 1168 729 fluminum
1204 696 1343 743 petunt
1363 690 1687 743 propinquitates,

210 757 371 797 comites
395 756 684 809 familiaresque
717 757 799 796 eius
834 764 1000 810 angusto
1031 757 1071 797 in
1101 757 1188 797 loco
1212 758 1410 811 paulisper
1430 757 1600 810 equitum
1623 772 1690 797 no·

160 823 188 864 4
210 831 383 864 strorum
405 824 484 863 uim
506 824 797 864 sustinuerunt.
841 824 914 864 His
944 825 1206 878 pugnantibus
1238 826 1345 865 illum
1374 825 1415 865 in
1447 839 1586 878 equum
1610 825 1692 878 qui—

210 891 296 931 dam
320 905 373 931 ex
394 892 477 931 suis
506 892 664 932 intulit:
700 892 912 945 fugientem
941 893 1066 933 siluae
1096 900 1301 933 texerunt.
1355 890 1423 932 Sic
1459 900 1499 932 et
1525 893 1573 933 ad
1605 893 1694 932 sub·
1728 900 1766 932 10

136 958 189 1002 31
211 959 381 999 eundum
395 959 607 1012 periculum
625 967 665 1000 et
684 960 730 999 ad
743 961 942 1000 uitandum
961 960 1123 1000 multum
1145 962 1300 1000 fortuna
1321 960 1456 1000 ualuit.
1482 960 1692 1000 Ambiorix

209 1027 342 1080 copias
373 1041 465 1067 suas
494 1027 690 1068 iudicione
721 1042 799 1068 non
830 1029 1088 1077 conduxerit,
1120 1029 1222 1081 quod
1255 1028 1402 1081 proelio
1432 1028 1691 1068 dimicandum

211 1108 290 1134 non
313 1095 568 1144 existimarit,
594 1109 643 1134 an
666 1102 840 1149 tempore
863 1097 1048 1136 exclusus
1072 1103 1111 1136 et
1133 1096 1338 1149 repentino
1362 1096 1533 1147 equitum
1547 1096 1691 1135 aduen-

209 1169 252 1202 tu
274 1163 508 1216 prohibitus,
534 1177 619 1202 cum
640 1164 831 1216 reliquum
855 1164 1074 1204 exercitum
1096 1163 1281 1215 subsequi
1303 1164 1502 1211 crederet,
1535 1162 1693 1202 dubium

162 1229 188 1270 2
209 1237 286 1270 est.
332 1227 411 1270 Sed
435 1238 542 1269 certe
564 1230 735 1270 dimissis
766 1244 834 1283 per
863 1244 980 1283 agros
1011 1231 1157 1270 nuntiis
1180 1230 1252 1270 sibi
1276 1243 1464 1282 quemque
1488 1231 1694 1270 consulere
1726 1237 1765 1269 15

208 1298 340 1337 iussit.
386 1296 565 1349 Quorum
599 1311 688 1350 pars
719 1297 760 1336 in
781 1297 1036 1337 Arduennam
1068 1298 1231 1347 siluam,
1269 1311 1358 1350 pars
1380 1297 1419 1336 in
1443 1297 1691 1337 continentes

163 1364 188 1404 3
209 1365 370 1418 paludes
393 1364 588 1418 profugit;
614 1365 678 1417 qui
701 1365 870 1417 proximi
889 1362 1050 1405 Oceano
1074 1366 1246 1413 suerunt,
1272 1364 1331 1404 bis
1354 1364 1493 1404 insulis
1515 1378 1604 1405 sese
1627 1378 1692 1404 oc-

162 1432 188 1471 4
209 1433 475 1479 eultauerunt,
500 1447 596 1485 quas
619 1439 752 1473 aestus
775 1433 926 1473 efficere
949 1440 1214 1473 consuerunt:
1239 1432 1349 1472 multi
1372 1446 1424 1472 ex
1447 1432 1529 1472 suis
1550 1432 1691 1472 finibus

162 1499 187 1540 5
210 1501 363 1554 egressi
384 1514 428 1540 se
449 1514 597 1553 suaque
620 1501 748 1541 omnia
771 1501 1023 1541 alienissimis
1037 1500 1302 1540 erediderunt.
1331 1497 1592 1549 Catuuolcus,
1616 1513 1692 1540 rex

207 1568 390 1609 dimidiae
413 1569 536 1622 partis
558 1568 787 1609 Eburonum
806 1600 815 1618 ,
842 1569 907 1622 qui
929 1583 1008 1609 una
1030 1583 1117 1608 cum
1139 1568 1369 1621 Ambiorige
1391 1568 1596 1608 consilium
1619 1567 1692 1607 ini-
1723 1574 1765 1606 20

209 1644 319 1687 erat,
344 1643 474 1677 aetate
495 1637 573 1676 iam
597 1638 799 1677 confectus
813 1668 822 1685 ,
859 1652 947 1677 cum
967 1637 1141 1677 laborem
1164 1643 1231 1676 aut
1251 1636 1341 1676 belli
1363 1643 1431 1676 aut
1452 1637 1566 1690 fugae
1589 1636 1691 1675 ferre

207 1718 286 1744 non
308 1711 468 1758 posset,
505 1705 682 1745 omnibus
715 1705 895 1758 precibus
928 1705 1145 1745 detestatus
1176 1703 1474 1757 Ambiorigem,
1509 1704 1573 1756 qui
1605 1703 1689 1743 eius

208 1772 362 1811 consilii
385 1779 522 1811 auctor
543 1773 706 1821 fuisset,
732 1779 852 1821 taxo,
888 1772 997 1812 cuius
1020 1785 1161 1826 magna
1182 1771 1221 1811 in
1245 1770 1376 1812 Gallia
1398 1770 1692 1823 Germaniaque

130 1838 184 1882 32
205 1839 317 1892 copia
339 1846 416 1887 est,
443 1853 485 1879 se
508 1841 765 1880 exanimauit.
804 1838 925 1893 Segni
940 1837 1230 1892 Condrusique,
1255 1853 1308 1879 ex
1326 1847 1444 1893 gente
1466 1846 1505 1878 et
1527 1851 1689 1878 numero

208 1904 494 1947 Germanorum
511 1938 522 1957 ,
556 1908 621 1960 qui
653 1915 745 1948 sunt
765 1907 868 1948 inter
887 1907 1098 1948 Eburones
1119 1907 1426 1961 Treuerosque,
1462 1909 1613 1960 legatos
1644 1906 1692 1946 ad
1722 1912 1764 1944 25

351 2043 365 2075 1
388 2043 490 2074 etiam
509 2048 611 2085 atque
630 2044 688 2076 Be
710 2042 893 2085 ‘qitz'dam',
915 2049 1016 2086 atque
1036 2045 1137 2075 etiam
1156 2054 1191 2075 u.
1366 2043 1574 2084 (inparatum
1591 2042 1636 2083 B)
1656 2047 1690 2073 et

204 2096 405 2137 imparatum
420 2096 450 2126 b.
593 2097 613 2129 2
632 2096 800 2127 aduentus
819 2096 891 2127 eius
912 2096 1009 2135 bed,
1031 2106 1100 2127 non
1121 2106 1150 2126 e.
1291 2094 1332 2124 ab
1353 2094 1552 2124 omuibusA
1565 2094 1581 2124 b
1595 2093 1684 2132 cde,

205 2146 246 2177 ab
265 2146 456 2177 hominibus
475 2144 539 2187 (B)
553 2156 587 2177 u.
727 2148 783 2184 ac]
801 2151 860 2177 aut
879 2146 910 2177 b.
1042 2146 1181 2177 nuntius
1200 2145 1274 2176 AB
1289 2144 1382 2183 CI),-
1403 2143 1542 2174 nuntius
1563 2144 1687 2174 aduen-

204 2202 259 2229 tus
279 2197 400 2237 bede,
424 2197 551 2229 nuntiis
570 2208 606 2229 u.
756 2198 775 2230 3
795 2197 993 2230 adferretur
1011 2197 1087 2239 (B).
1250 2197 1272 2228 4
1289 2196 1426 2227 rhaedis
1446 2195 1493 2235 B,
1516 2195 1631 2226 rhedis
1648 2206 1684 2225 η.

205 2248 288 2281 Viti.
308 2250 342 2288 I,
367 2250 419 2289 51,
441 2250 473 2282 2.
615 2250 860 2292 conprehensis
880 2250 922 2281 B.
1086 2251 1103 2281 5
1124 2250 1185 2281 hoe
1203 2259 1336 2290 quoque
1357 2248 1483 2279 factum
1503 2252 1554 2278 est
1572 2248 1601 2279 B
1621 2248 1687 2279 ‘ee-

204 2299 304 2338 teri’5
326 2299 388 2331 hoe
409 2299 536 2332 factum
556 2306 610 2332 est
627 2302 722 2341 boe,
754 2301 813 2332 hoe
833 2311 870 2331 co
891 2299 1016 2332 factum
1038 2306 1091 2332 est
1109 2311 1187 2332 eum
1206 2303 1381 2341 quattuor
1397 2300 1485 2331 dett.
1505 2309 1540 2329 υ.

203 2352 222 2383 6
243 2350 337 2382 serae
356 2352 398 2382 B.
562 2352 751 2395 domicilia]
772 2353 931 2385 aedificia
951 2354 1039 2384 boe.
1229 2354 1246 2385 7
1267 2357 1368 2394 atque
1385 2352 1415 2383 B
1436 2352 1531 2382 (νηπε-
1552 2355 1589 2383 et
1605 2352 1683 2383 edd.

205 2403 314 2444 qdd.’,
336 2413 375 2435 ae
393 2414 428 2435 u.
570 2404 589 2436 9
610 2406 743 2447 quidam
764 2406 803 2436 de
823 2405 893 2437 suis
915 2405 943 2436 b.
1090 2405 1129 2437 10
1149 2405 1197 2436 sic
1215 2409 1250 2436 et
1268 2399 1313 2435 ad'
1329 2404 1387 2445 (B)
1408 2404 1504 2433 ‘nt-58.
1524 2405 1594 2434 mee?
1610 2407 1688 2434 tan-

203 2459 275 2487 tu‘m
295 2466 364 2487 non
385 2456 528 2496 omnes',
551 2457 599 2488 sic
618 2458 658 2488 ad
680 2468 708 2487 e.
853 2457 893 2489 13
913 2457 1127 2489 existimaret
1144 2457 1189 2488 D.
1332 2455 1505 2496 equitatus
1527 2455 1544 2485 h
1558 2465 1586 2486 e.

204 2507 245 2540 15
265 2512 360 2539 certe
379 2507 466 2538 clam
486 2508 636 2538 dimissis
657 2517 735 2538 cum
752 2507 840 2539 solis
857 2507 951 2539 And.
974 2508 1089 2539 Ooeon.
1110 2518 1144 2539 u.
1311 2505 1352 2538 17
1371 2506 1426 2546 qui
1446 2506 1521 2536 hinc
1541 2506 1685 2547 proximi

205 2560 224 2590 b
237 2569 274 2600 c,
297 2559 353 2601 qui
371 2560 449 2590 huic
468 2560 611 2601 proximi
631 2559 653 2591 d
670 2563 706 2590 et
722 2559 1000 2590 altermmttrum
1017 2568 1048 2589 e.
1198 2556 1369 2588 Oceanum
1389 2566 1465 2587 eum
1484 2556 1572 2587 solis
1589 2556 1682 2590 And.

205 2611 319 2643 Oxou.
340 2621 376 2642 u.
545 2611 598 2642 his
618 2611 739 2642 insulis
760 2610 855 2649 Me,-
875 2610 908 2640 hi
926 2610 957 2640 in
979 2610 1077 2641 siluis
1096 2609 1136 2649 B,
1161 2608 1197 2639 ‘ii
1217 2608 1249 2639 in
1270 2608 1368 2639 siluis
1387 2618 1470 2639 mss.
1491 2610 1562 2638 mei
1582 2607 1631 2641 12’
1650 2611 1685 2639 et

202 2666 331 2696 omisso
350 2663 383 2694 in
403 2663 435 2694 A
451 2662 528 2702 (sed
545 2674 623 2694 cnm
645 2662 834 2704 ‘plerique’
853 2662 1011 2693 habeant
1027 2662 1071 2702 hi,
1094 2663 1130 2692 in
1147 2671 1232 2692 mss.
1257 2661 1296 2692 12
1317 2660 1561 2701 Oudendorpz‘i
1577 2659 1680 2699 idem,

202 2716 298 2758 quod
314 2718 351 2747 z'n
371 2715 411 2754 B,
433 2717 470 2745 in
488 2715 521 2746 A
538 2715 571 2746 hi
590 2715 687 2746 siluis
707 2714 781 2755 legi
797 2712 977 2754 apparet).
1178 2713 1219 2744 18
1237 2716 1490 2743 consueuerunt
1509 2712 1539 2743 b.
1620 2708 1623 2709 ⁷

204 2768 246 2801 19
266 2766 475 2799 Catuuolcus
493 2766 566 2798 AB
579 2765 650 2797 CI)
665 2766 682 2796 b
695 2776 731 2805 e,
753 2764 951 2796 Catiuolcus
970 2774 1005 2795 u.
1145 2764 1184 2798 21
1205 2764 1354 2795 laborem
1373 2767 1432 2794 aut
1451 2762 1530 2794 belli
1549 2762 1679 2802 Abee,

202 2820 353 2852 laborem
371 2818 454 2850 belli
472 2819 502 2850 B
521 2815 698 2859 ‘reliqui'.
885 2816 928 2850 22
945 2816 1124 2858 praecibus
1143 2816 1185 2847 B.
1369 2815 1411 2848 23
1426 2814 1481 2846 cui
1500 2813 1537 2846 C.

202 2871 244 2904 25
264 2868 419 2902 Eurones
438 2870 483 2901 D.
625 2868 863 2909 Treuerosque
882 2867 925 2899 B.
