1835 3240
94 119 177 200 534
655 154 732 199 DE
761 151 949 196 BELLO
983 151 1159 196 CIVILI

171 283 238 310 sar
259 275 370 324 parat
390 268 605 323 perficere3
630 268 684 309 illi
706 262 846 308 uadum
870 266 1040 306 fluminis
1058 264 1210 307 Sicoris
1233 274 1439 321 temptare,
1464 266 1495 307 si
1518 273 1649 307 trans-

125 336 149 377 5
173 338 232 377 ire
263 343 439 390 possent.
496 329 583 388 Quia
615 350 658 375 re
681 335 957 375 animaduersa
980 331 1133 374 Caesar
1155 332 1375 375 Germanos
1397 335 1497 375 leuis
1519 348 1647 374 arma-

170 412 282 445 turae
305 405 553 458 equitumque
577 409 724 455 partem
748 402 889 442 flumen
922 401 1052 441 traicit
1083 400 1318 454 crebrasque
1339 404 1380 442 in
1402 403 1496 456 ripis
1520 408 1649 442 custo-

94 472 155 517 84
174 473 254 512 dias
278 472 462 525 disponit.
505 469 682 509 Tandem
715 469 893 509 omnibus
915 468 1032 509 rebus
1055 468 1225 517 obsessi,
1250 476 1427 521 quartum
1450 469 1525 509 iam
1550 469 1648 509 diem

169 540 255 583 sine
277 539 414 593 pabulo
436 537 602 577 retentis
624 537 808 576 iumentis
825 567 835 586 ,
873 550 997 589 aquae
1012 567 1022 586 ,
1057 536 1248 589 lignorum
1267 565 1276 583 ,
1311 537 1492 576 frumenti
1515 536 1647 590 inopia

170 606 418 659 conloquium
441 611 579 658 petunt
611 610 651 644 et
680 604 742 655 id,
779 604 813 644 si
843 604 927 644 fieri
950 603 1097 656 possit,
1123 610 1275 643 semoto
1295 617 1317 643 a
1338 603 1524 644 militibus
1546 605 1647 644 loco,

121 675 149 717 2
171 675 247 716 Vbi
270 675 307 713 id
329 670 538 713 aCaesare
561 679 743 726 negatum
767 679 821 721 et,
847 672 972 725 palam
995 671 1026 711 si
1042 670 1208 723 colloqui
1233 671 1395 720 uellent,
1421 684 1649 711 concessum

171 750 245 792 est,
271 742 387 781 datur
407 740 554 780 obsidis
576 740 664 780 loco
687 738 853 780 Caesari
875 739 975 779 filius
998 738 1169 778 Afranii.
1232 736 1405 778 Venitur
1425 738 1465 777 in
1487 751 1572 777 eum
1594 737 1652 777 lo-

124 810 148 851 3
170 824 281 858 cum,
317 821 428 861 quem
453 804 606 848 Caesar
636 808 794 862 delegit.
838 806 1036 847 Audiente
1071 813 1236 858 utroque
1269 805 1449 845 exercitu
1478 804 1653 857 loquitur

169 876 386 917 Afranius:
428 874 524 916 Non
556 889 645 916 esse
676 883 743 916 aut
765 876 858 928 ipsis
881 881 947 915 aut
967 873 1153 914 militibus
1177 872 1490 912 succensendum
1507 901 1517 919 ‚
1550 871 1651 924 quod

166 945 278 985 fidem
312 957 405 998 erga
436 943 711 996 imperatorem
744 956 856 982 suum
882 940 959 983 Cn.
984 940 1213 994 Pompeium
1245 953 1486 980 conseruare
1516 939 1652 979 uolue-

118 1011 145 1052 4
166 1012 261 1053 rint.
306 1009 385 1051 Sed
407 1011 503 1051 satis
524 1011 600 1050 iam
623 1011 765 1051 fecisse
794 1010 920 1050 officio
956 1009 1131 1061 satisque
1153 1008 1330 1061 supplicii
1355 1009 1507 1048 tulisse.
1551 1006 1652 1047 Per-

167 1093 303 1133 pessos
326 1078 497 1119 omnium
520 1092 652 1118 rerum
675 1078 871 1132 inopiam3
904 1092 1006 1118 nunc
1029 1090 1127 1119 uero
1148 1089 1272 1130 paene
1294 1083 1336 1115 ut
1358 1077 1462 1115 feras
1485 1075 1652 1115 eircum-

166 1147 338 1187 munitos
353 1146 551 1200 prohiberi
573 1160 689 1198 aqua⁷
714 1145 911 1199 prohiberi
934 1146 1132 1199 ingressu,
1158 1156 1282 1196 neque
1297 1157 1462 1196 corpore
1476 1143 1648 1182 dolorem

121 1213 145 1254 5
169 1227 294 1267 neque
317 1214 447 1254 animo
469 1213 722 1266 ignominiam
754 1213 858 1252 serre
890 1226 1019 1265 posse.
1064 1210 1202 1263 Itaque
1231 1224 1273 1251 se
1296 1211 1422 1250 uictos
1446 1209 1646 1249 confiteri:

167 1296 283 1322 orare
304 1288 420 1334 atque
443 1280 653 1320 obsecrare
668 1310 678 1329 ‚
712 1280 745 1319 si
768 1280 831 1332 qui
853 1280 962 1319 locus
985 1278 1277 1318 misericordiae
1299 1277 1568 1329 relinquatur,
1602 1289 1651 1316 ne

166 1350 213 1389 ad
236 1349 410 1388 ultimum
434 1347 664 1402 supplicium
687 1348 870 1400 progredi
892 1361 1055 1388 necesse
1077 1346 1260 1387 habeant.
1296 1343 1406 1384 Haec
1429 1357 1542 1397 quam
1565 1350 1650 1397 pot-

92 1416 152 1461 85
169 1424 227 1457 est
251 1416 532 1458 demississime
554 1422 592 1455 et
612 1415 902 1456 subiectissime
925 1414 1103 1469 exponit.
1168 1413 1233 1453 Ad
1255 1427 1300 1453 ea
1315 1410 1467 1453 Caesar
1487 1425 1651 1465 respon-

166 1485 243 1525 dit:
267 1483 381 1525 Nulli
403 1484 573 1524 omnium
598 1483 666 1523 has
689 1483 810 1537 partis
833 1484 897 1524 uel
918 1482 1184 1536 querimoniae
1206 1482 1269 1522 uel
1291 1479 1558 1520 miserationis
1579 1478 1650 1519 mi—

117 1551 144 1593 2
166 1566 239 1593 nus
263 1552 516 1593 conuenisse.
566 1550 758 1604 Reliquos
782 1551 883 1592 enim
907 1551 1032 1591 omnis
1056 1550 1221 1590 officium
1243 1563 1355 1590 suum
1376 1547 1647 1602 praestitisse:

165 1635 224 1668 se,
250 1621 312 1674 qui
335 1620 567 1660 etiambona
580 1619 828 1669 condicione,
855 1626 894 1659 et
914 1618 1001 1659 loco
1024 1626 1061 1659 et
1085 1625 1258 1672 tempore
1271 1631 1412 1670 aequo,
1438 1615 1650 1668 confligere

164 1688 360 1738 noluerit,
387 1695 430 1728 ut
451 1702 564 1740 quam
586 1687 844 1740 integerrima
867 1694 1001 1727 essent
1021 1687 1067 1727 ad
1091 1700 1223 1740 pacem
1247 1685 1401 1734 omnia3
1428 1683 1647 1723 exercitum

166 1769 297 1806 suum,
324 1755 386 1808 qui
409 1755 552 1795 iniuria
575 1756 689 1795 etiam
715 1761 875 1807 accepta
898 1755 1055 1807 suisque
1076 1753 1297 1794 interfectis
1311 1765 1407 1805 quos
1428 1751 1468 1790 in
1491 1764 1561 1790 sua
1582 1764 1649 1803 po-

165 1830 310 1864 testate
334 1823 512 1863 habuerit
533 1822 779 1863 conseruarit
800 1829 838 1863 et
859 1823 1028 1872 texerit3
1053 1822 1158 1862 illius
1174 1821 1339 1873 denique
1353 1821 1554 1859 exercitus
1576 1817 1647 1857 mi-

163 1891 253 1931 lites
269 1922 279 1941 ,
305 1891 370 1944 qui
392 1904 462 1944 per
483 1905 526 1931 se
549 1891 594 1930 de
618 1890 862 1930 concilianda
886 1903 979 1943 pace
1002 1890 1181 1942 egerint3
1220 1902 1296 1942 qua
1325 1888 1364 1927 in
1395 1901 1441 1927 re
1473 1885 1645 1926 omnium

119 1957 143 1998 3
166 1972 325 1999 suorum
348 1959 453 1999 uitae
476 1958 756 1998 consulendum
780 1958 966 2011 putarint.
1030 1955 1097 1998 Sic
1131 1957 1301 1997 omnium
1325 1955 1504 1995 ordinum
1527 1952 1647 2007 partis

162 2028 204 2068 in
225 2026 495 2067 misericordia
518 2025 771 2066 constitisse:
807 2025 913 2078 ipsos
946 2026 1064 2065 duces
1087 2039 1109 2065 a
1141 2038 1236 2078 pace
1268 2022 1546 2072 abhorruisse3
1577 2033 1645 2060 eos

162 2110 288 2149 neque
309 2094 476 2147 colloqui
501 2107 626 2146 neque
647 2093 885 2134 indutiarum
907 2093 995 2133 iura
1021 2106 1204 2133 seruasse
1228 2099 1266 2132 et
1289 2091 1466 2132 homines
1488 2088 1646 2143 imperi-

113 2164 139 2204 4
162 2171 222 2204 tos
245 2171 285 2204 et
307 2177 376 2216 per
397 2162 631 2214 colloquium
655 2162 837 2216 deceptos
861 2161 1130 2202 crudelissime
1152 2159 1414 2200 interfecisse.
1440 2156 1646 2197 Accidisse

1683 878 1726 911 10

1685 1215 1724 1247 15

1681 1552 1726 1588 20

1678 2230 1720 2263 30

163 2232 283 2285 igitur
304 2231 388 2280 his,
423 2230 523 2283 quod
548 2229 773 2283 plerumque
797 2230 994 2269 hominum
1018 2228 1135 2268 nimia
1158 2227 1378 2281 pertinacia
1400 2232 1513 2278 atque
1537 2238 1646 2264 arro-

303 2392 324 2423 2
343 2392 489 2423 animum
509 2390 654 2422 aduersa
674 2400 719 2420 ew
738 2400 806 2421 mlo
825 2389 894 2422 det.
915 2399 951 2422 u.
1123 2389 1140 2421 6
1160 2387 1330 2429 colloquia
1350 2396 1370 2417 α
1384 2386 1413 2426 b,
1435 2384 1606 2426 colloquio
1626 2395 1643 2415 c

162 2443 266 2482 (conl.
288 2444 336 2484 a).
480 2443 497 2476 7
518 2443 546 2474 si
566 2442 643 2484 quid
664 2442 755 2483 loqui
776 2442 807 2474 b.
974 2441 1010 2475 11
1033 2441 1205 2473 uoluerint
1223 2439 1439 2481 (a)?Aldas‚
1462 2438 1647 2469 uoluerunt

162 2496 257 2526 ‘yn-95.
278 2495 420 2526 omnes'.
586 2495 625 2527 13
646 2505 728 2537 pene
747 2505 781 2526 α.
940 2493 1031 2525 feras
1051 2493 1210 2533 Vossius,
1235 2492 1377 2524 feminas
1398 2491 1499 2523 codd.

161 2547 203 2579 14
223 2547 405 2588 prohyberi
425 2546 538 2577 altero
558 2547 632 2578 loco
651 2557 685 2578 α.
828 2546 867 2578 15
888 2546 935 2577 ita
953 2556 988 2577 se
1004 2546 1034 2577 b.
1177 2546 1217 2577 18
1230 2544 1455 2576 demisissime
1466 2554 1499 2575 a.

160 2603 194 2629 et
211 2608 231 2628 α
247 2598 276 2637 Ι),
299 2602 399 2638 atque
420 2607 454 2628 u.
596 2598 633 2629 19
653 2597 760 2639 partis
780 2606 800 2627 α
814 2597 844 2628 b.
983 2597 1026 2630 20
1046 2595 1153 2627 omnis
1172 2605 1192 2625 α
1208 2596 1238 2625 b.
1387 2593 1529 2625 officium
1548 2602 1645 2625 suum

160 2658 181 2680 α
200 2648 416 2689 Stephanus,
437 2658 533 2679 suum
554 2648 696 2678 officium
709 2650 845 2678 ceterae
855 2646 933 2678 edd.
1051 2646 1243 2687 prestitisse
1256 2655 1289 2677 α.
1408 2644 1447 2679 21
1465 2654 1500 2676 se
1515 2644 1642 2684 Aldus,

159 2710 229 2731 om.
249 2709 269 2731 α
291 2698 400 2731 (111333
555 2699 751 2729 conditione
773 2708 811 2729 ne
831 2708 865 2729 α.
1021 2701 1055 2728 ct
1074 2696 1147 2727 loco
1167 2707 1235 2728 om.
1258 2697 1288 2727 b.
1432 2695 1475 2729 22
1497 2695 1646 2727 noluerit

157 2751 285 2790 Aldus,
308 2749 480 2781 noluerint
496 2759 516 2780 α
532 2749 563 2780 b.
704 2748 746 2783 2ss
766 2748 872 2790 partis
892 2747 957 2778 ab.
1099 2748 1142 2781 28
1162 2757 1268 2789 neque
1288 2747 1450 2789 colloquii
1469 2757 1536 2780 om.
1553 2757 1570 2777 e
1589 2746 1643 2777 ed.
1678 2767 1685 2772 -

162 2801 291 2832 Graeu.
312 2804 347 2833 et
363 2802 439 2833 εἰπε
458 2800 690 2831 annotatione
709 2809 730 2829 u
751 2798 913 2839 (colloqui
932 2797 982 2838 a).
1125 2798 1339 2830 induciarum
1358 2798 1421 2840 (a).
1549 2798 1592 2834 29
1611 2800 1645 2829 et

160 2863 228 2884 om.
249 2853 280 2883 b.
420 2850 647 2883 30110111inu1u
668 2860 688 2881 α
702 2850 719 2881 b
733 2850 796 2891 cd,
817 2849 1008 2881 hominibus
1029 2860 1062 2881 u.
