1835 3240
714 193 828 201 ——
888 171 968 213 132

186 283 428 326 mentissime
446 282 681 338 interpolata
702 292 808 325 sunt.
843 287 880 340 ξ.
898 286 1144 328 enimsshaec
1155 288 1338 328 eduntur:
1367 287 1524 342 ‘Neque
1545 304 1666 346 expe-

185 359 309 401 ctant,
335 352 434 405 quod
447 352 715 406 superioribus
733 355 846 394 annis
859 356 1071 407 acciderat,
1096 364 1138 396 ut
1156 357 1202 397 de
1220 357 1527 411 eorumimperio
1540 360 1585 399 ad
1601 374 1668 414 po-

182 422 314 476 pulum
328 422 477 461 feratur
488 420 736 474 paludatique
759 422 860 462 uotis
881 424 1112 476 nuncupatis
1135 432 1294 465 exeant.
1329 422 1538 476 Consules,
1566 429 1667 480 quod

184 489 322 531 anteid
334 496 484 542 tempus
507 488 702 529 acciderat
724 503 949 543 numquam,
975 504 1026 530 ex
1040 491 1134 531 urbe
1154 492 1466 544 proficiscuntur,
1488 496 1668 537 lictores-

183 572 258 612 que
289 558 434 597 habent
463 556 504 594 in
535 555 631 595 urbe
662 562 702 596 et
732 554 927 610 Capitolio
959 557 1102 610 priuati
1134 566 1272 599 contra
1301 561 1432 600 omnia
1459 565 1668 605 uetustatis

182 625 391 680 exempla'.
425 621 500 662 Hic
513 622 633 662 uerba
659 624 775 676 ‘quod
788 632 879 665 ante
897 625 933 664 id
953 631 1103 677 tempus
1127 625 1668 683 accideratnumquam'ferri

181 708 258 734 11011
272 707 386 747 posse
399 691 791 733 Vossiusintellexit.
825 692 931 733 Nam
956 693 1030 732 etsi
1051 693 1294 745 aliquantum
1307 702 1398 735 ante
1421 695 1493 736 hoc
1517 704 1667 752 tempus

181 761 364 801 consules
384 773 453 813 per
475 759 745 812 magistratum
761 760 800 799 in
824 761 917 800 urbe
939 775 1099 802 manere
1120 761 1314 810 solebant,
1349 769 1477 803 tamen
1503 763 1595 804 nihil
1619 779 1668 806 ne

181 835 263 869 tum
276 827 428 881 quidem
441 826 690 880 impediebat,
705 842 779 879 quo
793 827 919 868 minus
932 828 972 867 in
984 829 1067 882 ipso
1081 830 1329 883 magistratu,
1346 846 1421 884 quo
1436 846 1530 872 usus
1545 840 1665 882 esset,

180 896 446 936 mitterentur.
488 893 624 948 Itaque
648 893 792 935 Cicero
824 895 870 936 de
903 896 972 935 bac
1003 896 1083 950 ipsa
1114 898 1315 938 consulum
1348 900 1590 953 profectione
1621 902 1667 941 ad

177 963 353 1004 Atticum
374 960 488 1011 VIII,
524 961 592 1011 15,
622 961 648 1002 3
678 963 818 1003 scribit
849 963 937 1017 ‘ipsi
960 964 1157 1013 consules,
1183 965 1318 1017 quibus
1347 981 1455 1007 more
1477 968 1666 1008 maiorum

179 1043 408 1072 concessum
440 1038 502 1071 est
523 1030 587 1070 uel
609 1044 745 1071 omnes
780 1031 888 1072 adire
918 1031 1172 1085 prouincias',
1199 1040 1236 1073 et
1257 1033 1405 1075 duobus
1439 1036 1551 1076 annis
1575 1044 1667 1077 ante

179 1097 338 1139 Caelius
361 1099 407 1138 ad
431 1095 662 1139 Ciceronem
685 1097 783 1138 Fam
806 1097 918 1149 VItI,
953 1097 1021 1149 10,
1055 1098 1080 1138 2
1103 1100 1284 1141 consules
1307 1102 1465 1143 omnino
1488 1112 1665 1144 senatum

177 1167 321 1207 habere
345 1167 464 1217 nolle,
486 1166 573 1219 quia
596 1166 736 1206 timore
748 1165 922 1207 Parthici
945 1167 1038 1207 belli
1061 1167 1189 1207 oblato
1213 1176 1463 1220 uererentur,
1490 1185 1537 1211 ne
1551 1185 1666 1212 sena-

177 1241 241 1274 tus
272 1235 492 1276 consultum
524 1237 650 1287 fieret,
694 1244 736 1276 ut
767 1235 936 1291 paludati
967 1235 1139 1275 exirent.
1192 1234 1318 1276 Recte
1346 1237 1468 1290 igitur
1497 1237 1665 1280 Vossius

177 1302 275 1342 haec
297 1304 420 1343 uerba
442 1304 606 1345 delenda
629 1319 717 1345 esse
748 1303 950 1344 iudicauit.
994 1301 1101 1343 Nam
1124 1318 1237 1357 quam
1261 1305 1399 1345 deinde
1423 1307 1668 1360 excogitauit

175 1370 392 1421 rationem,
430 1379 474 1412 ut
509 1373 581 1413 hoc
616 1373 782 1413 incisum
821 1372 867 1412 ad
904 1372 1105 1424 sequentia
1146 1373 1370 1412 traheretur
1412 1373 1665 1427 ‘lictoresque

177 1438 321 1478 habent
352 1439 390 1479 111
421 1440 516 1481 urbe
547 1447 587 1481 et
609 1439 806 1495 Capitolio
829 1439 1003 1493 priuati'‚
1028 1452 1153 1492 neque
1176 1439 1259 1479 fieri
1280 1439 1317 1479 id
1340 1447 1483 1493 potest,
1518 1441 1594 1481 nisi
1616 1456 1663 1482 eo

175 1507 439 1547 transferatur
474 1509 743 1561 (quamobrem
773 1509 941 1551 Petauio
972 1516 1061 1563 post
1095 1507 1381 1560 ‘lictoresque'
1411 1508 1663 1549 inserendum

175 1574 420 1629 uidebatur),
445 1590 572 1629 neque
596 1577 671 1617 ullo
694 1579 807 1618 modo
830 1579 893 1625 iis,
920 1591 1019 1633 quae
1048 1575 1102 1616 ibi
1123 1576 1323 1628 leguntur,
1358 1580 1511 1616 ‘contra
1536 1577 1666 1616 omnia

176 1643 387 1683 uetustatis
412 1644 604 1697 exempla'
627 1644 690 1684 illa
715 1646 833 1686 uerba
855 1643 1064 1698 superaddi
1085 1650 1264 1696 possunt.
1306 1641 1400 1683 Non
1423 1643 1561 1683 melius
1583 1642 1664 1684 Da-

176 1709 302 1749 uisius
325 1710 421 1750 haec
444 1711 490 1750 ad
513 1711 714 1765 superiora
738 1713 1004 1753 transferebat
1025 1712 1063 1752 in
1088 1713 1191 1753 hunc
1213 1712 1389 1752 modum:
1427 1716 1572 1767 ‘neque
1594 1725 1664 1751 ex-

176 1784 349 1831 pectant,
386 1778 485 1830 quod
515 1779 781 1832 superioribus
809 1780 922 1821 annis
953 1780 1162 1831 acciderat,
1195 1788 1238 1820 ut
1266 1779 1312 1821 de
1342 1794 1476 1820 eorum
1500 1779 1663 1832 imperio

175 1845 224 1885 ad
263 1846 443 1899 populum
472 1847 635 1898 feratur,
677 1849 925 1902 paludatique
956 1849 1059 1888 uotis
1092 1848 1323 1902 nuncupatis
1358 1853 1518 1893 exeant,
1561 1848 1663 1899 quod

176 1919 268 1953 ante
289 1913 327 1953 id
350 1920 498 1968 tempus
522 1916 722 1957 acciderat
743 1916 980 1970 numquain'.
1023 1916 1129 1957 Nam
1152 1917 1191 1956 in
1215 1917 1286 1956 bac
1309 1915 1487 1955 oratione
1511 1912 1663 1955 Caesar

178 1983 642 2034 ‘numquam'omisissett
670 1991 709 2024 et
731 1985 894 2025 ridicule
917 1985 1081 2038 singulis
1105 1983 1397 2025 enuntiatisilla
1417 1983 1527 2036 quasi
1541 1983 1664 2022 cauda

177 2049 460 2103 agglutinatur.
512 2049 558 2091 In
582 2052 759 2092 omnibus
783 2059 909 2092 autem
941 2053 1052 2092 codd.
1077 2052 1222 2107 legitur
1255 2051 1450 2091 ‘exeunt'z
1486 2052 1662 2092 ‘exeant'

178 2117 407 2158 coniectura
438 2126 498 2159 est
529 2117 757 2173 Glandorpii
777 2151 787 2170 ‚
820 2133 929 2172 quam
952 2119 1125 2161 Vrsinus
1148 2120 1187 2160 in
1210 2134 1279 2160 suo
1304 2120 1437 2159 codice
1459 2120 1663 2161 inuenisse

177 2184 302 2225 uideri
324 2186 421 2226 uult.
459 2185 651 2227 ‘Exeunt'
674 2187 922 2227 uerissimum
946 2196 1019 2228 est.
1064 2187 1108 2228 In
1131 2203 1176 2228 eo
1200 2189 1300 2228 enim
1325 2194 1508 2227 uersatur
1531 2202 1663 2241 repre-

179 2252 332 2300 hensio,
359 2255 476 2306 quod,
503 2269 586 2294 cum
601 2256 802 2309 imperium
819 2269 952 2295 eorum
976 2270 997 2295 a
1011 2256 1148 2310 populo
1166 2257 1435 2296 confirmatum
1451 2269 1525 2294 non
1541 2263 1661 2302 esset,

177 2327 309 2361 tamen
331 2328 370 2361 et
390 2321 561 2376 insignia
583 2323 731 2377 imperii
755 2323 945 2377 gerebant
966 2331 1005 2364 et
1027 2325 1161 2364 eodem
1184 2324 1314 2371 modo⁷
1346 2329 1460 2374 atque
1491 2322 1553 2374 qui
1578 2336 1662 2362 cum

177 2389 340 2442 imperio
363 2390 540 2441 exibant,
564 2398 655 2430 uota
678 2391 973 2445 nuncupabant..
1017 2390 1231 2431 Praeterea
1254 2391 1292 2430 in
1316 2389 1411 2430 Par.
1437 2402 1518 2429 see.
1544 2388 1660 2430 Leid.

178 2470 237 2510 pr.
262 2457 438 2510 pluribus
462 2459 724 2498 deterioribus
747 2459 934 2512 scriptum
959 2466 1019 2499 est
1044 2460 1159 2512 ‘quod
1181 2465 1273 2498 ante
1290 2459 1326 2498 id
1349 2466 1499 2512 tempus
1523 2460 1664 2499 accidit

178 2524 401 2577 numquam'
427 2533 601 2579 tempore
624 2527 801 2579 magistri
823 2527 1206 2576 obseruatiunculae‚
1233 2541 1310 2566 non
1324 2524 1509 2567 Caesaris
1524 2541 1663 2567 narra-

178 2592 273 2633 tioni
306 2594 573 2633 accomodato.
626 2594 758 2646 Atque
787 2595 832 2634 ab
865 2595 1001 2635 eodem
1034 2595 1223 2648 magistro
1264 2595 1468 2648 superiora
1509 2609 1662 2648 quoque

176 2660 297 2701 uerba
322 2662 438 2714 ‘quod
460 2661 728 2715 superioribus
750 2661 863 2701 annis
887 2662 1094 2702 acciderat*
1113 2664 1285 2716 profecta
1308 2669 1413 2703 sunt.
1437 2661 1543 2703 Nam
1562 2663 1663 2716 quod

180 2726 333 2769 Caesar
355 2729 401 2768 de
421 2728 583 2782 imperio
605 2729 653 2769 ad
675 2729 854 2783 populum
869 2730 1070 2770 ferendum
1085 2731 1204 2771 fuisse
1217 2730 1368 2779 scribit,
1396 2731 1519 2783 legem
1536 2731 1662 2769 curia-

178 2803 253 2837 tam
277 2796 454 2850 intellegi
475 2804 650 2850 apertum
671 2804 745 2837 est.
798 2797 857 2837 Ea
881 2797 1019 2838 Liuius
1042 2797 1096 2845 ll,
1130 2797 1184 2837 52
1205 2813 1286 2838 rem
1309 2799 1514 2838 militarem
1537 2797 1661 2838 conti-

178 2865 263 2905 neri
293 2864 399 2915 dicit,
434 2862 578 2905 Cicero
610 2866 657 2905 de
688 2865 765 2919 leg.
798 2880 883 2919 agr.
910 2864 964 2917 ΙΙ,
1002 2865 1066 2916 12,
1098 2865 1149 2906 31
1173 2867 1259 2907 sine
1282 2881 1328 2907 ea
1350 2881 1432 2907 rem
1454 2866 1659 2906 militarem
