<?xml version="1.0" encoding="UTF-8"?>
<!DOCTYPE html PUBLIC "-//W3C//DTD XHTML 1.0 Transitional//EN"
    "http://www.w3.org/TR/xhtml1/DTD/xhtml1-transitional.dtd">
<html xmlns="http://www.w3.org/1999/xhtml" xml:lang="en" lang="en">
 <head>
  <title>
</title>
<meta http-equiv="Content-Type" content="text/html;charset=utf-8" />
  <meta name='ocr-system' content='tesseract 3.04.00' />
  <meta name='ocr-capabilities' content='ocr_page ocr_carea ocr_par ocr_line ocrx_word'/>
</head>
<body>
  <div class='ocr_page' id='page_1' title='image "./commentarii00caesuoft_0165.png"; bbox 0 0 1835 3240; ppageno 0'>
   <div class='ocr_carea' id='block_1_1' title="bbox 742 169 1167 209">
    <p class='ocr_par' dir='ltr' id='par_1_1' title="bbox 742 169 1167 209">
     <span class='ocr_line' id='line_1_1' title="bbox 742 169 1167 209; baseline 0.005 -1"><span class='ocrx_word' id='word_1_1' title='bbox 742 169 1167 209; x_wconf 49' lang='lat'>-155——*</span> 
     </span>
    </p>
   </div>
   <div class='ocr_carea' id='block_1_2' title="bbox 207 281 1705 2920">
    <p class='ocr_par' dir='ltr' id='par_1_2' title="bbox 207 281 1705 2920">
     <span class='ocr_line' id='line_1_2' title="bbox 212 281 1696 336; baseline 0.001 -11"><span class='ocrx_word' id='word_1_2' title='bbox 212 285 496 325; x_wconf 86' lang='lat' dir='ltr'>consuetudine</span> <span class='ocrx_word' id='word_1_3' title='bbox 519 283 709 336; x_wconf 71' lang='lat' dir='ltr'>triplicem</span> <span class='ocrx_word' id='word_1_4' title='bbox 732 283 854 322; x_wconf 84' lang='lat' dir='ltr'>aciem</span> <span class='ocrx_word' id='word_1_5' title='bbox 877 281 1120 321; x_wconf 80' lang='lat' dir='ltr'><strong>instruxisse</strong></span> <span class='ocrx_word' id='word_1_6' title='bbox 1141 295 1191 322; x_wconf 86' lang='lat' dir='ltr'>ex</span> <span class='ocrx_word' id='word_1_7' title='bbox 1215 296 1250 321; x_wconf 87' lang='lat' dir='ltr'>c.</span> <span class='ocrx_word' id='word_1_8' title='bbox 1276 282 1345 331; x_wconf 86' lang='lat'>89,</span> <span class='ocrx_word' id='word_1_9' title='bbox 1372 284 1412 323; x_wconf 85' lang='lat'>3.</span> <span class='ocrx_word' id='word_1_10' title='bbox 1438 287 1479 326; x_wconf 72' lang='lat' dir='ltr'>li.</span> <span class='ocrx_word' id='word_1_11' title='bbox 1497 285 1566 336; x_wconf 80' lang='lat'>94,</span> <span class='ocrx_word' id='word_1_12' title='bbox 1599 288 1614 326; x_wconf 88' lang='lat' dir='ltr'>l</span> <span class='ocrx_word' id='word_1_13' title='bbox 1641 288 1696 327; x_wconf 89' lang='lat' dir='ltr'>ui-</span> 
     </span>
     <span class='ocr_line' id='line_1_3' title="bbox 212 348 1698 403; baseline 0.001 -11"><span class='ocrx_word' id='word_1_14' title='bbox 212 354 368 401; x_wconf 84' lang='lat' dir='ltr'><strong>demus,</strong></span> <span class='ocrx_word' id='word_1_15' title='bbox 402 351 464 392; x_wconf 91' lang='lat' dir='ltr'>ubi</span> <span class='ocrx_word' id='word_1_16' title='bbox 501 351 616 391; x_wconf 82' lang='lat' dir='ltr'>tertia</span> <span class='ocrx_word' id='word_1_17' title='bbox 639 350 744 390; x_wconf 86' lang='lat' dir='ltr'>acies</span> <span class='ocrx_word' id='word_1_18' title='bbox 767 355 1110 390; x_wconf 78' lang='lat' dir='ltr'>commemoratur.</span> <span class='ocrx_word' id='word_1_19' title='bbox 1153 348 1337 403; x_wconf 89' lang='lat' dir='ltr'>Triplicis</span> <span class='ocrx_word' id='word_1_20' title='bbox 1360 358 1490 391; x_wconf 86' lang='lat' dir='ltr'>autem</span> <span class='ocrx_word' id='word_1_21' title='bbox 1514 354 1613 393; x_wconf 85' lang='lat' dir='ltr'>aciei</span> <span class='ocrx_word' id='word_1_22' title='bbox 1635 368 1698 394; x_wconf 88' lang='lat' dir='ltr'>ra-</span> 
     </span>
     <span class='ocr_line' id='line_1_4' title="bbox 211 414 1696 473; baseline 0.002 -15"><span class='ocrx_word' id='word_1_23' title='bbox 211 419 356 459; x_wconf 86' lang='lat' dir='ltr'>tionem</span> <span class='ocrx_word' id='word_1_24' title='bbox 390 419 472 472; x_wconf 89' lang='lat' dir='ltr'>ipse</span> <span class='ocrx_word' id='word_1_25' title='bbox 494 415 648 458; x_wconf 86' lang='lat' dir='ltr'>Caesar</span> <span class='ocrx_word' id='word_1_26' title='bbox 681 417 855 457; x_wconf 81' lang='lat' dir='ltr'><strong>declarat</strong></span> <span class='ocrx_word' id='word_1_27' title='bbox 885 417 971 457; x_wconf 89' lang='lat' dir='ltr'>hor.</span> <span class='ocrx_word' id='word_1_28' title='bbox 997 430 1137 456; x_wconf 84' lang='lat' dir='ltr'>comm.</span> <span class='ocrx_word' id='word_1_29' title='bbox 1164 414 1205 466; x_wconf 88' lang='lat' dir='ltr'>l,</span> <span class='ocrx_word' id='word_1_30' title='bbox 1231 416 1300 457; x_wconf 87' lang='lat'>83.</span> <span class='ocrx_word' id='word_1_31' title='bbox 1350 417 1502 459; x_wconf 88' lang='lat' dir='ltr'>‘Acies’</span> <span class='ocrx_word' id='word_1_32' title='bbox 1521 451 1530 469; x_wconf 91' lang='lat'>,</span> <span class='ocrx_word' id='word_1_33' title='bbox 1555 421 1696 473; x_wconf 89' lang='lat' dir='ltr'>inquit,</span> 
     </span>
     <span class='ocr_line' id='line_1_5' title="bbox 213 484 1697 539; baseline 0.001 -12"><span class='ocrx_word' id='word_1_34' title='bbox 213 492 316 528; x_wconf 87' lang='lat' dir='ltr'>‘erat</span> <span class='ocrx_word' id='word_1_35' title='bbox 337 485 555 526; x_wconf 76' lang='lat' dir='ltr'>Afraniana</span> <span class='ocrx_word' id='word_1_36' title='bbox 580 485 724 539; x_wconf 80' lang='lat' dir='ltr'>duplex</span> <span class='ocrx_word' id='word_1_37' title='bbox 745 485 942 539; x_wconf 86' lang='lat' dir='ltr'>legionum</span> <span class='ocrx_word' id='word_1_38' title='bbox 967 484 1136 537; x_wconf 89' lang='lat' dir='ltr'>quinque</span> <span class='ocrx_word' id='word_1_39' title='bbox 1153 515 1163 532; x_wconf 90' lang='lat'>,</span> <span class='ocrx_word' id='word_1_40' title='bbox 1189 485 1346 525; x_wconf 89' lang='lat' dir='ltr'>tertium</span> <span class='ocrx_word' id='word_1_41' title='bbox 1369 486 1409 525; x_wconf 91' lang='lat' dir='ltr'>in</span> <span class='ocrx_word' id='word_1_42' title='bbox 1432 487 1617 528; x_wconf 91' lang='lat' dir='ltr'>subsidiis</span> <span class='ocrx_word' id='word_1_43' title='bbox 1640 490 1697 528; x_wconf 90' lang='lat' dir='ltr'>lo-</span> 
     </span>
     <span class='ocr_line' id='line_1_6' title="bbox 210 550 1696 609; baseline 0 -14"><span class='ocrx_word' id='word_1_44' title='bbox 210 570 294 595; x_wconf 90' lang='lat' dir='ltr'>cum</span> <span class='ocrx_word' id='word_1_45' title='bbox 329 554 475 595; x_wconf 84' lang='lat' dir='ltr'>alariae</span> <span class='ocrx_word' id='word_1_46' title='bbox 507 554 689 593; x_wconf 78' lang='lat' dir='ltr'>cohortes</span> <span class='ocrx_word' id='word_1_47' title='bbox 722 552 976 602; x_wconf 81' lang='lat' dir='ltr'>obtinebant3</span> <span class='ocrx_word' id='word_1_48' title='bbox 1004 550 1190 593; x_wconf 77' lang='lat' dir='ltr'>Caesaris</span> <span class='ocrx_word' id='word_1_49' title='bbox 1225 554 1394 606; x_wconf 78' lang='lat' dir='ltr'>triplex,</span> <span class='ocrx_word' id='word_1_50' title='bbox 1430 555 1499 594; x_wconf 91' lang='lat' dir='ltr'>sed</span> <span class='ocrx_word' id='word_1_51' title='bbox 1532 555 1696 609; x_wconf 83' lang='lat' dir='ltr'>primam</span> 
     </span>
     <span class='ocr_line' id='line_1_7' title="bbox 212 620 1697 675; baseline 0 -12"><span class='ocrx_word' id='word_1_52' title='bbox 212 624 336 663; x_wconf 87' lang='lat' dir='ltr'>aciem</span> <span class='ocrx_word' id='word_1_53' title='bbox 369 629 582 675; x_wconf 71' lang='lat' dir='ltr'>quaternae</span> <span class='ocrx_word' id='word_1_54' title='bbox 614 621 799 661; x_wconf 76' lang='lat' dir='ltr'>cohortes</span> <span class='ocrx_word' id='word_1_55' title='bbox 842 634 896 660; x_wconf 77' lang='lat' dir='ltr'>ex</span> <span class='ocrx_word' id='word_1_56' title='bbox 927 620 1099 673; x_wconf 86' lang='lat' dir='ltr'>quinque</span> <span class='ocrx_word' id='word_1_57' title='bbox 1130 621 1351 674; x_wconf 82' lang='lat' dir='ltr'>legionibus</span> <span class='ocrx_word' id='word_1_58' title='bbox 1387 622 1597 672; x_wconf 83' lang='lat' dir='ltr'>tenebant,</span> <span class='ocrx_word' id='word_1_59' title='bbox 1629 623 1697 663; x_wconf 86' lang='lat' dir='ltr'>has</span> 
     </span>
     <span class='ocr_line' id='line_1_8' title="bbox 212 688 1699 744; baseline 0 -13"><span class='ocrx_word' id='word_1_60' title='bbox 212 691 472 732; x_wconf 81' lang='lat' dir='ltr'>subsidiariae</span> <span class='ocrx_word' id='word_1_61' title='bbox 506 698 641 730; x_wconf 84' lang='lat' dir='ltr'>ternae</span> <span class='ocrx_word' id='word_1_62' title='bbox 675 695 713 728; x_wconf 90' lang='lat' dir='ltr'>et</span> <span class='ocrx_word' id='word_1_63' title='bbox 734 702 874 729; x_wconf 88' lang='lat' dir='ltr'>rursus</span> <span class='ocrx_word' id='word_1_64' title='bbox 897 688 997 728; x_wconf 86' lang='lat' dir='ltr'>aliae</span> <span class='ocrx_word' id='word_1_65' title='bbox 1019 688 1180 729; x_wconf 90' lang='lat' dir='ltr'>totidem</span> <span class='ocrx_word' id='word_1_66' title='bbox 1204 702 1300 729; x_wconf 87' lang='lat' dir='ltr'>suae</span> <span class='ocrx_word' id='word_1_67' title='bbox 1323 690 1509 744; x_wconf 88' lang='lat' dir='ltr'>cuiusque</span> <span class='ocrx_word' id='word_1_68' title='bbox 1530 691 1699 744; x_wconf 85' lang='lat' dir='ltr'>legionis</span> 
     </span>
     <span class='ocr_line' id='line_1_9' title="bbox 212 756 1701 811; baseline -0.001 -12"><span class='ocrx_word' id='word_1_69' title='bbox 212 757 582 811; x_wconf 71' lang='lat' dir='ltr'>subsequebantur&#39;.</span> <span class='ocrx_word' id='word_1_70' title='bbox 629 756 707 798; x_wconf 83' lang='lat' dir='ltr'>Vbi</span> <span class='ocrx_word' id='word_1_71' title='bbox 741 769 790 796; x_wconf 87' lang='lat' dir='ltr'>ne</span> <span class='ocrx_word' id='word_1_72' title='bbox 822 756 907 809; x_wconf 89' lang='lat' dir='ltr'>quis</span> <span class='ocrx_word' id='word_1_73' title='bbox 940 756 1131 810; x_wconf 87' lang='lat' dir='ltr'>particula</span> <span class='ocrx_word' id='word_1_74' title='bbox 1168 759 1265 797; x_wconf 75' lang='lat' dir='ltr'>‘sed&#39;</span> <span class='ocrx_word' id='word_1_75' title='bbox 1300 758 1465 800; x_wconf 89' lang='lat' dir='ltr'>indicari</span> <span class='ocrx_word' id='word_1_76' title='bbox 1500 759 1701 799; x_wconf 84' lang='lat' dir='ltr'>existimet</span> 
     </span>
     <span class='ocr_line' id='line_1_10' title="bbox 212 823 1701 877; baseline -0.001 -9"><span class='ocrx_word' id='word_1_77' title='bbox 212 825 427 868; x_wconf 77' lang='lat' dir='ltr'>Caesarem</span> <span class='ocrx_word' id='word_1_78' title='bbox 458 825 555 864; x_wconf 83' lang='lat' dir='ltr'>alias</span> <span class='ocrx_word' id='word_1_79' title='bbox 588 823 779 877; x_wconf 78' lang='lat' dir='ltr'>triplicem</span> <span class='ocrx_word' id='word_1_80' title='bbox 812 824 935 865; x_wconf 85' lang='lat' dir='ltr'>aciem</span> <span class='ocrx_word' id='word_1_81' title='bbox 966 839 1043 864; x_wconf 93' lang='lat' dir='ltr'>non</span> <span class='ocrx_word' id='word_1_82' title='bbox 1074 825 1208 864; x_wconf 88' lang='lat' dir='ltr'>eodem</span> <span class='ocrx_word' id='word_1_83' title='bbox 1239 827 1352 866; x_wconf 88' lang='lat' dir='ltr'>modo</span> <span class='ocrx_word' id='word_1_84' title='bbox 1384 827 1584 867; x_wconf 90' lang='lat' dir='ltr'>instruere</span> <span class='ocrx_word' id='word_1_85' title='bbox 1608 841 1701 867; x_wconf 87' lang='lat' dir='ltr'>con-</span> 
     </span>
     <span class='ocr_line' id='line_1_11' title="bbox 211 891 1702 947; baseline 0.001 -12"><span class='ocrx_word' id='word_1_86' title='bbox 211 908 364 944; x_wconf 88' lang='lat' dir='ltr'>suesse,</span> <span class='ocrx_word' id='word_1_87' title='bbox 380 894 553 933; x_wconf 76' lang='lat' dir='ltr'>refertur</span> <span class='ocrx_word' id='word_1_88' title='bbox 574 905 619 932; x_wconf 88' lang='lat' dir='ltr'>ea</span> <span class='ocrx_word' id='word_1_89' title='bbox 641 892 688 932; x_wconf 86' lang='lat' dir='ltr'>ad</span> <span class='ocrx_word' id='word_1_90' title='bbox 712 892 921 933; x_wconf 85' lang='lat' dir='ltr'>discrimen</span> <span class='ocrx_word' id='word_1_91' title='bbox 944 892 1041 932; x_wconf 88' lang='lat' dir='ltr'>aciei</span> <span class='ocrx_word' id='word_1_92' title='bbox 1059 891 1318 943; x_wconf 69' lang='lat' dir='ltr'>Asraffianae,</span> <span class='ocrx_word' id='word_1_93' title='bbox 1335 908 1434 947; x_wconf 89' lang='lat' dir='ltr'>quae</span> <span class='ocrx_word' id='word_1_94' title='bbox 1455 896 1530 936; x_wconf 88' lang='lat' dir='ltr'>alia</span> <span class='ocrx_word' id='word_1_95' title='bbox 1549 896 1702 936; x_wconf 87' lang='lat' dir='ltr'>ratione</span> 
     </span>
     <span class='ocr_line' id='line_1_12' title="bbox 209 958 1700 1015; baseline 0 -13"><span class='ocrx_word' id='word_1_96' title='bbox 209 962 292 1015; x_wconf 91' lang='lat' dir='ltr'>ipsa</span> <span class='ocrx_word' id='word_1_97' title='bbox 315 974 466 1015; x_wconf 90' lang='lat' dir='ltr'>quoque</span> <span class='ocrx_word' id='word_1_98' title='bbox 490 959 635 1013; x_wconf 76' lang='lat' dir='ltr'>triplex</span> <span class='ocrx_word' id='word_1_99' title='bbox 657 967 755 1000; x_wconf 89' lang='lat' dir='ltr'>erat.</span> <span class='ocrx_word' id='word_1_100' title='bbox 793 958 871 1000; x_wconf 88' lang='lat' dir='ltr'>lam</span> <span class='ocrx_word' id='word_1_101' title='bbox 896 961 997 1014; x_wconf 84' lang='lat' dir='ltr'>apud</span> <span class='ocrx_word' id='word_1_102' title='bbox 1014 958 1246 1002; x_wconf 84' lang='lat' dir='ltr'>Pharsalum</span> <span class='ocrx_word' id='word_1_103' title='bbox 1272 960 1425 1004; x_wconf 83' lang='lat' dir='ltr'>Caesar</span> <span class='ocrx_word' id='word_1_104' title='bbox 1447 978 1479 1003; x_wconf 92' lang='lat' dir='ltr'>c.</span> <span class='ocrx_word' id='word_1_105' title='bbox 1506 962 1584 1012; x_wconf 84' lang='lat'>89,</span> <span class='ocrx_word' id='word_1_106' title='bbox 1609 961 1634 1002; x_wconf 85' lang='lat'><strong>3</strong></span> <span class='ocrx_word' id='word_1_107' title='bbox 1658 976 1700 1002; x_wconf 91' lang='lat' dir='ltr'>se</span> 
     </span>
     <span class='ocr_line' id='line_1_13' title="bbox 210 1028 1701 1085; baseline 0.001 -16"><span class='ocrx_word' id='word_1_108' title='bbox 210 1044 262 1069; x_wconf 81' lang='lat' dir='ltr'>cx</span> <span class='ocrx_word' id='word_1_109' title='bbox 293 1029 411 1069; x_wconf 88' lang='lat' dir='ltr'>tertia</span> <span class='ocrx_word' id='word_1_110' title='bbox 443 1029 529 1068; x_wconf 87' lang='lat' dir='ltr'>acie</span> <span class='ocrx_word' id='word_1_111' title='bbox 557 1028 732 1081; x_wconf 86' lang='lat' dir='ltr'>singulas</span> <span class='ocrx_word' id='word_1_112' title='bbox 762 1029 947 1069; x_wconf 88' lang='lat' dir='ltr'>cohortes</span> <span class='ocrx_word' id='word_1_113' title='bbox 980 1029 1202 1070; x_wconf 83' lang='lat' dir='ltr'>detraxisse</span> <span class='ocrx_word' id='word_1_114' title='bbox 1225 1038 1342 1084; x_wconf 86' lang='lat' dir='ltr'>atque</span> <span class='ocrx_word' id='word_1_115' title='bbox 1365 1047 1417 1072; x_wconf 81' lang='lat' dir='ltr'>ex</span> <span class='ocrx_word' id='word_1_116' title='bbox 1440 1033 1498 1072; x_wconf 92' lang='lat' dir='ltr'>his</span> <span class='ocrx_word' id='word_1_117' title='bbox 1522 1037 1701 1085; x_wconf 86' lang='lat' dir='ltr'>quartam</span> 
     </span>
     <span class='ocr_line' id='line_1_14' title="bbox 209 1096 1704 1153; baseline 0 -15"><span class='ocrx_word' id='word_1_118' title='bbox 209 1098 333 1138; x_wconf 83' lang='lat' dir='ltr'>aciem</span> <span class='ocrx_word' id='word_1_119' title='bbox 356 1096 580 1137; x_wconf 87' lang='lat' dir='ltr'>instituisse</span> <span class='ocrx_word' id='word_1_120' title='bbox 603 1096 762 1136; x_wconf 86' lang='lat' dir='ltr'>scribit:</span> <span class='ocrx_word' id='word_1_121' title='bbox 789 1097 890 1148; x_wconf 85' lang='lat' dir='ltr'>quod</span> <span class='ocrx_word' id='word_1_122' title='bbox 912 1097 963 1136; x_wconf 90' lang='lat' dir='ltr'>ita</span> <span class='ocrx_word' id='word_1_123' title='bbox 987 1099 1214 1139; x_wconf 88' lang='lat' dir='ltr'>necessario</span> <span class='ocrx_word' id='word_1_124' title='bbox 1236 1099 1544 1153; x_wconf 88' lang='lat' dir='ltr'>intellegendum</span> <span class='ocrx_word' id='word_1_125' title='bbox 1566 1106 1642 1149; x_wconf 88' lang='lat' dir='ltr'>est,</span> <span class='ocrx_word' id='word_1_126' title='bbox 1664 1106 1704 1138; x_wconf 88' lang='lat' dir='ltr'>ut</span> 
     </span>
     <span class='ocr_line' id='line_1_15' title="bbox 211 1163 1696 1217; baseline 0.001 -11"><span class='ocrx_word' id='word_1_127' title='bbox 211 1179 264 1206; x_wconf 81' lang='lat' dir='ltr'>ex</span> <span class='ocrx_word' id='word_1_128' title='bbox 285 1165 402 1205; x_wconf 86' lang='lat' dir='ltr'>tertia</span> <span class='ocrx_word' id='word_1_129' title='bbox 424 1164 509 1204; x_wconf 89' lang='lat' dir='ltr'>acie</span> <span class='ocrx_word' id='word_1_130' title='bbox 532 1163 837 1215; x_wconf 86' lang='lat' dir='ltr'>uniuscuiusque</span> <span class='ocrx_word' id='word_1_131' title='bbox 858 1163 1029 1217; x_wconf 85' lang='lat' dir='ltr'>legionis</span> <span class='ocrx_word' id='word_1_132' title='bbox 1051 1179 1127 1206; x_wconf 90' lang='lat' dir='ltr'>una</span> <span class='ocrx_word' id='word_1_133' title='bbox 1145 1167 1287 1208; x_wconf 87' lang='lat' dir='ltr'>cohors</span> <span class='ocrx_word' id='word_1_134' title='bbox 1309 1169 1484 1208; x_wconf 86' lang='lat' dir='ltr'>detracta</span> <span class='ocrx_word' id='word_1_135' title='bbox 1503 1168 1696 1208; x_wconf 88' lang='lat' dir='ltr'>uideatur.</span> 
     </span>
     <span class='ocr_line' id='line_1_16' title="bbox 210 1231 1703 1290; baseline 0.003 -18"><span class='ocrx_word' id='word_1_136' title='bbox 210 1231 347 1286; x_wconf 90' lang='lat' dir='ltr'>Itaque</span> <span class='ocrx_word' id='word_1_137' title='bbox 378 1233 412 1273; x_wconf 91' lang='lat' dir='ltr'>si</span> <span class='ocrx_word' id='word_1_138' title='bbox 444 1233 627 1272; x_wconf 86' lang='lat' dir='ltr'>cohortes</span> <span class='ocrx_word' id='word_1_139' title='bbox 660 1232 860 1284; x_wconf 83' lang='lat' dir='ltr'>octogiuta</span> <span class='ocrx_word' id='word_1_140' title='bbox 897 1232 968 1272; x_wconf 88' lang='lat' dir='ltr'>hoc</span> <span class='ocrx_word' id='word_1_141' title='bbox 992 1240 1052 1272; x_wconf 89' lang='lat' dir='ltr'>est</span> <span class='ocrx_word' id='word_1_142' title='bbox 1073 1240 1162 1273; x_wconf 92' lang='lat' dir='ltr'>octo</span> <span class='ocrx_word' id='word_1_143' title='bbox 1185 1234 1362 1290; x_wconf 81' lang='lat' dir='ltr'>legiones</span> <span class='ocrx_word' id='word_1_144' title='bbox 1384 1236 1423 1276; x_wconf 93' lang='lat' dir='ltr'>in</span> <span class='ocrx_word' id='word_1_145' title='bbox 1448 1237 1531 1276; x_wconf 91' lang='lat' dir='ltr'>acie</span> <span class='ocrx_word' id='word_1_146' title='bbox 1555 1237 1703 1276; x_wconf 88' lang='lat' dir='ltr'>consti-</span> 
     </span>
     <span class='ocr_line' id='line_1_17' title="bbox 215 1300 1702 1354; baseline 0.004 -15"><span class='ocrx_word' id='word_1_147' title='bbox 215 1301 370 1350; x_wconf 88' lang='lat' dir='ltr'>tissent,</span> <span class='ocrx_word' id='word_1_148' title='bbox 387 1315 473 1340; x_wconf 88' lang='lat' dir='ltr'>cum</span> <span class='ocrx_word' id='word_1_149' title='bbox 496 1301 536 1340; x_wconf 89' lang='lat' dir='ltr'>in</span> <span class='ocrx_word' id='word_1_150' title='bbox 559 1301 701 1340; x_wconf 80' lang='lat' dir='ltr'>dextro</span> <span class='ocrx_word' id='word_1_151' title='bbox 724 1314 846 1339; x_wconf 86' lang='lat' dir='ltr'>cornu</span> <span class='ocrx_word' id='word_1_152' title='bbox 868 1300 1046 1354; x_wconf 83' lang='lat' dir='ltr'>legiones</span> <span class='ocrx_word' id='word_1_153' title='bbox 1065 1315 1169 1341; x_wconf 85' lang='lat' dir='ltr'>nona</span> <span class='ocrx_word' id='word_1_154' title='bbox 1186 1309 1225 1343; x_wconf 92' lang='lat' dir='ltr'>et</span> <span class='ocrx_word' id='word_1_155' title='bbox 1240 1310 1381 1343; x_wconf 86' lang='lat' dir='ltr'>octaua</span> <span class='ocrx_word' id='word_1_156' title='bbox 1397 1305 1450 1344; x_wconf 89' lang='lat' dir='ltr'>ita</span> <span class='ocrx_word' id='word_1_157' title='bbox 1468 1304 1702 1345; x_wconf 87' lang='lat' dir='ltr'>coniunctae</span> 
     </span>
     <span class='ocr_line' id='line_1_18' title="bbox 212 1368 1704 1422; baseline 0.003 -14"><span class='ocrx_word' id='word_1_158' title='bbox 212 1375 363 1418; x_wconf 86' lang='lat' dir='ltr'>essent,</span> <span class='ocrx_word' id='word_1_159' title='bbox 386 1375 428 1408; x_wconf 86' lang='lat' dir='ltr'>ut</span> <span class='ocrx_word' id='word_1_160' title='bbox 448 1382 564 1408; x_wconf 88' lang='lat' dir='ltr'>unam</span> <span class='ocrx_word' id='word_1_161' title='bbox 587 1368 801 1417; x_wconf 87' lang='lat' dir='ltr'>efficerent,</span> <span class='ocrx_word' id='word_1_162' title='bbox 819 1368 921 1420; x_wconf 87' lang='lat' dir='ltr'>quod</span> <span class='ocrx_word' id='word_1_163' title='bbox 944 1370 1088 1408; x_wconf 87' lang='lat' dir='ltr'>factum</span> <span class='ocrx_word' id='word_1_164' title='bbox 1113 1384 1201 1410; x_wconf 88' lang='lat' dir='ltr'>esse</span> <span class='ocrx_word' id='word_1_165' title='bbox 1224 1372 1396 1411; x_wconf 81' lang='lat' dir='ltr'>refertur</span> <span class='ocrx_word' id='word_1_166' title='bbox 1418 1388 1451 1412; x_wconf 87' lang='lat' dir='ltr'>c.</span> <span class='ocrx_word' id='word_1_167' title='bbox 1473 1372 1527 1414; x_wconf 85' lang='lat'>89</span> <span class='ocrx_word' id='word_1_168' title='bbox 1549 1373 1625 1422; x_wconf 89' lang='lat' dir='ltr'>in.,</span> <span class='ocrx_word' id='word_1_169' title='bbox 1651 1386 1704 1412; x_wconf 83' lang='lat' dir='ltr'>ex</span> 
     </span>
     <span class='ocr_line' id='line_1_19' title="bbox 213 1435 1702 1490; baseline 0.003 -14"><span class='ocrx_word' id='word_1_170' title='bbox 213 1437 328 1476; x_wconf 83' lang='lat' dir='ltr'>tertia</span> <span class='ocrx_word' id='word_1_171' title='bbox 360 1437 445 1476; x_wconf 79' lang='lat' dir='ltr'>acic</span> <span class='ocrx_word' id='word_1_172' title='bbox 479 1435 646 1487; x_wconf 84' lang='lat' dir='ltr'>singulis</span> <span class='ocrx_word' id='word_1_173' title='bbox 680 1435 866 1475; x_wconf 87' lang='lat' dir='ltr'>detractis</span> <span class='ocrx_word' id='word_1_174' title='bbox 899 1436 1127 1476; x_wconf 79' lang='lat' dir='ltr'>cohortibus</span> <span class='ocrx_word' id='word_1_175' title='bbox 1151 1445 1298 1490; x_wconf 83' lang='lat' dir='ltr'>septem</span> <span class='ocrx_word' id='word_1_176' title='bbox 1323 1440 1481 1480; x_wconf 91' lang='lat' dir='ltr'>omnino</span> <span class='ocrx_word' id='word_1_177' title='bbox 1505 1441 1702 1480; x_wconf 88' lang='lat' dir='ltr'>detractas</span> 
     </span>
     <span class='ocr_line' id='line_1_20' title="bbox 213 1502 1702 1561; baseline 0.003 -17"><span class='ocrx_word' id='word_1_178' title='bbox 213 1506 334 1544; x_wconf 80' lang='lat' dir='ltr'>fuisse</span> <span class='ocrx_word' id='word_1_179' title='bbox 368 1511 544 1558; x_wconf 87' lang='lat' dir='ltr'>apparet.</span> <span class='ocrx_word' id='word_1_180' title='bbox 577 1502 681 1542; x_wconf 88' lang='lat' dir='ltr'>Nam</span> <span class='ocrx_word' id='word_1_181' title='bbox 715 1503 993 1543; x_wconf 85' lang='lat' dir='ltr'>coniunctione</span> <span class='ocrx_word' id='word_1_182' title='bbox 1024 1504 1091 1543; x_wconf 87' lang='lat' dir='ltr'>illa</span> <span class='ocrx_word' id='word_1_183' title='bbox 1122 1505 1284 1545; x_wconf 84' lang='lat' dir='ltr'>duarum</span> <span class='ocrx_word' id='word_1_184' title='bbox 1317 1507 1514 1561; x_wconf 90' lang='lat' dir='ltr'>legionum</span> <span class='ocrx_word' id='word_1_185' title='bbox 1540 1523 1590 1549; x_wconf 83' lang='lat' dir='ltr'>ex</span> <span class='ocrx_word' id='word_1_186' title='bbox 1613 1516 1702 1549; x_wconf 88' lang='lat' dir='ltr'>octo</span> 
     </span>
     <span class='ocr_line' id='line_1_21' title="bbox 211 1570 1699 1628; baseline 0.003 -16"><span class='ocrx_word' id='word_1_187' title='bbox 211 1572 431 1625; x_wconf 81' lang='lat' dir='ltr'>legionibus</span> <span class='ocrx_word' id='word_1_188' title='bbox 454 1577 603 1624; x_wconf 87' lang='lat' dir='ltr'>septem</span> <span class='ocrx_word' id='word_1_189' title='bbox 627 1570 912 1609; x_wconf 86' lang='lat' dir='ltr'>efficiebantur.</span> <span class='ocrx_word' id='word_1_190' title='bbox 937 1571 994 1610; x_wconf 84' lang='lat' dir='ltr'>At</span> <span class='ocrx_word' id='word_1_191' title='bbox 1016 1585 1049 1610; x_wconf 89' lang='lat' dir='ltr'>c.</span> <span class='ocrx_word' id='word_1_192' title='bbox 1066 1571 1136 1621; x_wconf 82' lang='lat'>93,</span> <span class='ocrx_word' id='word_1_193' title='bbox 1151 1572 1177 1611; x_wconf 82' lang='lat'><strong>4</strong></span> <span class='ocrx_word' id='word_1_194' title='bbox 1199 1573 1367 1627; x_wconf 87' lang='lat' dir='ltr'>legimus</span> <span class='ocrx_word' id='word_1_195' title='bbox 1382 1580 1562 1628; x_wconf 84' lang='lat' dir='ltr'>‘quartae</span> <span class='ocrx_word' id='word_1_196' title='bbox 1583 1577 1699 1627; x_wconf 85' lang='lat' dir='ltr'>aciei,</span> 
     </span>
     <span class='ocr_line' id='line_1_22' title="bbox 211 1636 1702 1697; baseline 0.004 -19"><span class='ocrx_word' id='word_1_197' title='bbox 211 1652 322 1691; x_wconf 86' lang='lat' dir='ltr'>quam</span> <span class='ocrx_word' id='word_1_198' title='bbox 354 1639 583 1678; x_wconf 85' lang='lat' dir='ltr'>instituerat</span> <span class='ocrx_word' id='word_1_199' title='bbox 612 1650 685 1676; x_wconf 81' lang='lat' dir='ltr'>sex</span> <span class='ocrx_word' id='word_1_200' title='bbox 717 1636 964 1687; x_wconf 88' lang='lat' dir='ltr'>cohortium,</span> <span class='ocrx_word' id='word_1_201' title='bbox 1000 1639 1106 1679; x_wconf 88' lang='lat' dir='ltr'>dedit</span> <span class='ocrx_word' id='word_1_202' title='bbox 1137 1640 1305 1694; x_wconf 80' lang='lat' dir='ltr'>signum&#39;</span> <span class='ocrx_word' id='word_1_203' title='bbox 1330 1646 1437 1689; x_wconf 89' lang='lat' dir='ltr'>(nam</span> <span class='ocrx_word' id='word_1_204' title='bbox 1463 1645 1564 1697; x_wconf 90' lang='lat' dir='ltr'>quod</span> <span class='ocrx_word' id='word_1_205' title='bbox 1588 1644 1640 1685; x_wconf 90' lang='lat' dir='ltr'>ibi</span> <span class='ocrx_word' id='word_1_206' title='bbox 1661 1645 1702 1684; x_wconf 90' lang='lat' dir='ltr'>in</span> 
     </span>
     <span class='ocr_line' id='line_1_23' title="bbox 210 1704 1701 1766; baseline 0.005 -20"><span class='ocrx_word' id='word_1_207' title='bbox 210 1707 322 1746; x_wconf 91' lang='lat' dir='ltr'>codd.</span> <span class='ocrx_word' id='word_1_208' title='bbox 339 1721 418 1747; x_wconf 88' lang='lat' dir='ltr'>non</span> <span class='ocrx_word' id='word_1_209' title='bbox 436 1705 555 1754; x_wconf 75' lang='lat' dir='ltr'>‘sex&#39;,</span> <span class='ocrx_word' id='word_1_210' title='bbox 571 1705 638 1745; x_wconf 88' lang='lat' dir='ltr'>sed</span> <span class='ocrx_word' id='word_1_211' title='bbox 655 1704 735 1744; x_wconf 77' lang='lat' dir='ltr'>‘ex&#39;</span> <span class='ocrx_word' id='word_1_212' title='bbox 760 1705 946 1758; x_wconf 88' lang='lat' dir='ltr'>scriptum</span> <span class='ocrx_word' id='word_1_213' title='bbox 972 1715 1047 1757; x_wconf 86' lang='lat' dir='ltr'>est,</span> <span class='ocrx_word' id='word_1_214' title='bbox 1068 1715 1175 1748; x_wconf 87' lang='lat' dir='ltr'>recte</span> <span class='ocrx_word' id='word_1_215' title='bbox 1198 1710 1292 1749; x_wconf 89' lang='lat' dir='ltr'>illud</span> <span class='ocrx_word' id='word_1_216' title='bbox 1316 1725 1337 1750; x_wconf 88' lang='lat' dir='ltr'>a</span> <span class='ocrx_word' id='word_1_217' title='bbox 1356 1710 1515 1752; x_wconf 70' lang='lat' dir='ltr'>Faerno</span> <span class='ocrx_word' id='word_1_218' title='bbox 1533 1713 1701 1766; x_wconf 91' lang='lat' dir='ltr'>positum</span> 
     </span>
     <span class='ocr_line' id='line_1_24' title="bbox 211 1773 1703 1825; baseline 0.003 -9"><span class='ocrx_word' id='word_1_219' title='bbox 211 1789 300 1816; x_wconf 79' lang='lat' dir='ltr'>esse</span> <span class='ocrx_word' id='word_1_220' title='bbox 321 1782 469 1815; x_wconf 88' lang='lat' dir='ltr'>certum</span> <span class='ocrx_word' id='word_1_221' title='bbox 493 1776 570 1823; x_wconf 87' lang='lat' dir='ltr'>est)</span> <span class='ocrx_word' id='word_1_222' title='bbox 589 1789 597 1812; x_wconf 92' lang='lat'>:</span> <span class='ocrx_word' id='word_1_223' title='bbox 623 1773 735 1825; x_wconf 91' lang='lat' dir='ltr'>isque</span> <span class='ocrx_word' id='word_1_224' title='bbox 757 1787 943 1813; x_wconf 88' lang='lat' dir='ltr'>numerus</span> <span class='ocrx_word' id='word_1_225' title='bbox 967 1778 1223 1818; x_wconf 81' lang='lat' dir='ltr'>confirmatur</span> <span class='ocrx_word' id='word_1_226' title='bbox 1244 1792 1263 1816; x_wconf 91' lang='lat' dir='ltr'>a</span> <span class='ocrx_word' id='word_1_227' title='bbox 1283 1776 1500 1821; x_wconf 83' lang='lat' dir='ltr'>Plutarcho</span> <span class='ocrx_word' id='word_1_228' title='bbox 1514 1778 1634 1820; x_wconf 88' lang='lat' dir='ltr'>Caes.</span> <span class='ocrx_word' id='word_1_229' title='bbox 1649 1779 1703 1820; x_wconf 87' lang='grc'>44</span> 
     </span>
     <span class='ocr_line' id='line_1_25' title="bbox 208 1837 1704 1903; baseline 0.004 -18"><span class='ocrx_word' id='word_1_230' title='bbox 208 1840 299 1885; x_wconf 83' lang='grc' dir='ltr'>α’πό</span> <span class='ocrx_word' id='word_1_231' title='bbox 341 1844 420 1897; x_wconf 70' lang='grc' dir='ltr'>τῆς</span> <span class='ocrx_word' id='word_1_232' title='bbox 452 1838 640 1898; x_wconf 66' lang='grc' dir='ltr'>ἐσχάτης</span> <span class='ocrx_word' id='word_1_233' title='bbox 669 1837 832 1889; x_wconf 75' lang='grc' dir='ltr'><em>τάξεως</em></span> <span class='ocrx_word' id='word_1_234' title='bbox 865 1838 1041 1896; x_wconf 67' lang='grc' dir='ltr'><em>α’ὃήλως</em></span> <span class='ocrx_word' id='word_1_235' title='bbox 1073 1846 1267 1889; x_wconf 69' lang='grc' dir='ltr'>ἐκέλευσε</span> <span class='ocrx_word' id='word_1_236' title='bbox 1299 1849 1560 1902; x_wconf 74' lang='grc' dir='ltr'><strong><em>περιελθεῖν</em></strong></span> <span class='ocrx_word' id='word_1_237' title='bbox 1591 1848 1704 1903; x_wconf 78' lang='grc' dir='ltr'><strong><em>πρός</em></strong></span> 
     </span>
     <span class='ocr_line' id='line_1_26' title="bbox 209 1907 1703 1970; baseline 0.003 -18"><span class='ocrx_word' id='word_1_238' title='bbox 209 1909 376 1953; x_wconf 78' lang='grc' dir='ltr'><em>ἑαυτόν</em></span> <span class='ocrx_word' id='word_1_239' title='bbox 397 1910 440 1958; x_wconf 66' lang='grc' dir='ltr'>ἓξ</span> <span class='ocrx_word' id='word_1_240' title='bbox 463 1909 670 1963; x_wconf 73' lang='grc' dir='ltr'><strong><em>σπείρας,</em></strong></span> <span class='ocrx_word' id='word_1_241' title='bbox 695 1916 734 1949; x_wconf 92' lang='lat' dir='ltr'>et</span> <span class='ocrx_word' id='word_1_242' title='bbox 754 1907 893 1963; x_wconf 88' lang='lat' dir='ltr'>Pomp.</span> <span class='ocrx_word' id='word_1_243' title='bbox 919 1909 974 1951; x_wconf 83' lang='lat'>69</span> <span class='ocrx_word' id='word_1_244' title='bbox 993 1914 1320 1968; x_wconf 60' lang='grc' dir='ltr'><em>μετεπέμψατο</em></span> <span class='ocrx_word' id='word_1_245' title='bbox 1346 1915 1530 1970; x_wconf 69' lang='grc' dir='ltr'><strong><em>σπείρας</em></strong></span> <span class='ocrx_word' id='word_1_246' title='bbox 1551 1916 1594 1966; x_wconf 68' lang='grc' dir='ltr'>ἓξ</span> <span class='ocrx_word' id='word_1_247' title='bbox 1614 1912 1703 1958; x_wconf 65' lang='grc' dir='ltr'>εἷπὸ</span> 
     </span>
     <span class='ocr_line' id='line_1_27' title="bbox 207 1975 1705 2034; baseline 0.002 -13"><span class='ocrx_word' id='word_1_248' title='bbox 207 1980 298 2021; x_wconf 78' lang='grc' dir='ltr'>τών</span> <span class='ocrx_word' id='word_1_249' title='bbox 330 1976 662 2034; x_wconf 76' lang='grc' dir='ltr'>ἐπιταγμάτων.</span> <span class='ocrx_word' id='word_1_250' title='bbox 718 1975 800 2017; x_wconf 86' lang='lat' dir='ltr'>Iam</span> <span class='ocrx_word' id='word_1_251' title='bbox 823 1992 858 2018; x_wconf 92' lang='lat' dir='ltr'>c.</span> <span class='ocrx_word' id='word_1_252' title='bbox 884 1978 962 2030; x_wconf 88' lang='lat'>89,</span> <span class='ocrx_word' id='word_1_253' title='bbox 997 1980 1025 2022; x_wconf 75' lang='lat'>2</span> <span class='ocrx_word' id='word_1_254' title='bbox 1046 1980 1304 2023; x_wconf 85' lang='lat' dir='ltr'>Achaintrius</span> <span class='ocrx_word' id='word_1_255' title='bbox 1335 1984 1374 2024; x_wconf 91' lang='lat' dir='ltr'>in</span> <span class='ocrx_word' id='word_1_256' title='bbox 1396 1982 1490 2024; x_wconf 84' lang='lat' dir='ltr'>Par.</span> <span class='ocrx_word' id='word_1_257' title='bbox 1516 1998 1597 2024; x_wconf 87' lang='lat' dir='ltr'>sec.</span> <span class='ocrx_word' id='word_1_258' title='bbox 1625 1999 1705 2024; x_wconf 88' lang='lat' dir='ltr'>non</span> 
     </span>
     <span class='ocr_line' id='line_1_28' title="bbox 210 2043 1704 2104; baseline 0.004 -18"><span class='ocrx_word' id='word_1_259' title='bbox 210 2045 396 2096; x_wconf 84' lang='lat' dir='ltr'>LXXX,</span> <span class='ocrx_word' id='word_1_260' title='bbox 413 2047 480 2087; x_wconf 89' lang='lat' dir='ltr'>sed</span> <span class='ocrx_word' id='word_1_261' title='bbox 496 2043 661 2086; x_wconf 86' lang='lat' dir='ltr'>LXXV</span> <span class='ocrx_word' id='word_1_262' title='bbox 684 2044 903 2086; x_wconf 87' lang='lat' dir='ltr'>cohortium</span> <span class='ocrx_word' id='word_1_263' title='bbox 927 2062 1130 2090; x_wconf 86' lang='lat' dir='ltr'>numerum</span> <span class='ocrx_word' id='word_1_264' title='bbox 1153 2051 1231 2104; x_wconf 86' lang='lat' dir='ltr'>legi</span> <span class='ocrx_word' id='word_1_265' title='bbox 1256 2059 1440 2092; x_wconf 86' lang='lat' dir='ltr'>testatur.</span> <span class='ocrx_word' id='word_1_266' title='bbox 1478 2052 1589 2092; x_wconf 85' lang='lat' dir='ltr'>Ilaec</span> <span class='ocrx_word' id='word_1_267' title='bbox 1607 2052 1704 2092; x_wconf 90' lang='lat' dir='ltr'>scri-</span> 
     </span>
     <span class='ocr_line' id='line_1_29' title="bbox 211 2111 1704 2174; baseline 0.005 -20"><span class='ocrx_word' id='word_1_268' title='bbox 211 2121 340 2167; x_wconf 84' lang='lat' dir='ltr'>ptura,</span> <span class='ocrx_word' id='word_1_269' title='bbox 357 2114 432 2154; x_wconf 89' lang='lat' dir='ltr'>etsi</span> <span class='ocrx_word' id='word_1_270' title='bbox 454 2114 493 2154; x_wconf 92' lang='lat' dir='ltr'>in</span> <span class='ocrx_word' id='word_1_271' title='bbox 518 2114 652 2153; x_wconf 87' lang='lat' dir='ltr'>codice</span> <span class='ocrx_word' id='word_1_272' title='bbox 677 2111 874 2154; x_wconf 72' lang='lat' dir='ltr'>‘LXXX‘</span> <span class='ocrx_word' id='word_1_273' title='bbox 895 2115 973 2169; x_wconf 88' lang='lat' dir='ltr'>legi</span> <span class='ocrx_word' id='word_1_274' title='bbox 996 2116 1146 2158; x_wconf 85' lang='lat' dir='ltr'>diserto</span> <span class='ocrx_word' id='word_1_275' title='bbox 1161 2117 1341 2174; x_wconf 86' lang='lat' dir='ltr'>Beyerlii</span> <span class='ocrx_word' id='word_1_276' title='bbox 1367 2121 1592 2160; x_wconf 88' lang='lat' dir='ltr'>testimonio</span> <span class='ocrx_word' id='word_1_277' title='bbox 1611 2135 1704 2161; x_wconf 89' lang='lat' dir='ltr'>con—</span> 
     </span>
     <span class='ocr_line' id='line_1_30' title="bbox 212 2181 1704 2237; baseline 0.005 -16"><span class='ocrx_word' id='word_1_278' title='bbox 212 2189 306 2232; x_wconf 87' lang='lat' dir='ltr'>stat,</span> <span class='ocrx_word' id='word_1_279' title='bbox 321 2189 450 2222; x_wconf 88' lang='lat' dir='ltr'>tamen</span> <span class='ocrx_word' id='word_1_280' title='bbox 474 2189 550 2221; x_wconf 89' lang='lat' dir='ltr'>tam</span> <span class='ocrx_word' id='word_1_281' title='bbox 574 2181 734 2235; x_wconf 84' lang='lat' dir='ltr'>egregie</span> <span class='ocrx_word' id='word_1_282' title='bbox 756 2196 891 2223; x_wconf 92' lang='lat' dir='ltr'>omnes</span> <span class='ocrx_word' id='word_1_283' title='bbox 915 2184 1164 2226; x_wconf 85' lang='lat' dir='ltr'>difficultates</span> <span class='ocrx_word' id='word_1_284' title='bbox 1189 2187 1303 2237; x_wconf 85' lang='lat' dir='ltr'>tollit,</span> <span class='ocrx_word' id='word_1_285' title='bbox 1321 2196 1363 2228; x_wconf 88' lang='lat' dir='ltr'>ut</span> <span class='ocrx_word' id='word_1_286' title='bbox 1385 2189 1620 2229; x_wconf 85' lang='lat' dir='ltr'>auctoritate</span> <span class='ocrx_word' id='word_1_287' title='bbox 1641 2203 1704 2228; x_wconf 91' lang='lat' dir='ltr'>su-</span> 
     </span>
     <span class='ocr_line' id='line_1_31' title="bbox 212 2247 1703 2305; baseline 0.005 -16"><span class='ocrx_word' id='word_1_288' title='bbox 212 2251 422 2304; x_wconf 86' lang='lat' dir='ltr'>persedere</span> <span class='ocrx_word' id='word_1_289' title='bbox 454 2249 584 2289; x_wconf 88' lang='lat' dir='ltr'>liceat.</span> <span class='ocrx_word' id='word_1_290' title='bbox 619 2247 723 2289; x_wconf 90' lang='lat' dir='ltr'>Nam</span> <span class='ocrx_word' id='word_1_291' title='bbox 757 2264 843 2290; x_wconf 89' lang='lat' dir='ltr'>cum</span> <span class='ocrx_word' id='word_1_292' title='bbox 876 2251 975 2292; x_wconf 90' lang='lat' dir='ltr'>duae</span> <span class='ocrx_word' id='word_1_293' title='bbox 1007 2253 1186 2305; x_wconf 78' lang='lat' dir='ltr'>legiones</span> <span class='ocrx_word' id='word_1_294' title='bbox 1219 2258 1454 2296; x_wconf 80' lang='lat' dir='ltr'>coniunctae</span> <span class='ocrx_word' id='word_1_295' title='bbox 1477 2257 1517 2297; x_wconf 91' lang='lat' dir='ltr'>in</span> <span class='ocrx_word' id='word_1_296' title='bbox 1540 2256 1703 2296; x_wconf 87' lang='lat' dir='ltr'>sinistro</span> 
     </span>
     <span class='ocr_line' id='line_1_32' title="bbox 213 2316 1704 2378; baseline 0.005 -21"><span class='ocrx_word' id='word_1_297' title='bbox 213 2332 334 2359; x_wconf 88' lang='lat' dir='ltr'>cornu</span> <span class='ocrx_word' id='word_1_298' title='bbox 357 2318 453 2358; x_wconf 89' lang='lat' dir='ltr'>satis</span> <span class='ocrx_word' id='word_1_299' title='bbox 475 2319 610 2358; x_wconf 88' lang='lat' dir='ltr'>firmae</span> <span class='ocrx_word' id='word_1_300' title='bbox 633 2316 885 2369; x_wconf 87' lang='lat' dir='ltr'>uiderentur,</span> <span class='ocrx_word' id='word_1_301' title='bbox 919 2320 1091 2374; x_wconf 90' lang='lat' dir='ltr'>quinque</span> <span class='ocrx_word' id='word_1_302' title='bbox 1113 2322 1201 2363; x_wconf 89' lang='lat' dir='ltr'>illas</span> <span class='ocrx_word' id='word_1_303' title='bbox 1225 2323 1406 2364; x_wconf 84' lang='lat' dir='ltr'>cohortes</span> <span class='ocrx_word' id='word_1_304' title='bbox 1421 2355 1431 2374; x_wconf 88' lang='lat'>,</span> <span class='ocrx_word' id='word_1_305' title='bbox 1465 2338 1564 2377; x_wconf 89' lang='lat' dir='ltr'>quae</span> <span class='ocrx_word' id='word_1_306' title='bbox 1586 2339 1704 2378; x_wconf 90' lang='lat' dir='ltr'>supra</span> 
     </span>
     <span class='ocr_line' id='line_1_33' title="bbox 211 2386 1703 2446; baseline 0.004 -20"><span class='ocrx_word' id='word_1_307' title='bbox 211 2386 459 2440; x_wconf 87' lang='lat' dir='ltr'>septuaginta</span> <span class='ocrx_word' id='word_1_308' title='bbox 483 2386 702 2426; x_wconf 86' lang='lat' dir='ltr'>cohortium</span> <span class='ocrx_word' id='word_1_309' title='bbox 727 2400 928 2427; x_wconf 89' lang='lat' dir='ltr'>numerum</span> <span class='ocrx_word' id='word_1_310' title='bbox 954 2396 1082 2439; x_wconf 86' lang='lat' dir='ltr'>erant,</span> <span class='ocrx_word' id='word_1_311' title='bbox 1105 2391 1275 2445; x_wconf 89' lang='lat' dir='ltr'>quinque</span> <span class='ocrx_word' id='word_1_312' title='bbox 1297 2392 1458 2445; x_wconf 89' lang='lat' dir='ltr'>reliquis</span> <span class='ocrx_word' id='word_1_313' title='bbox 1481 2392 1703 2446; x_wconf 88' lang='lat' dir='ltr'>legionibus</span> 
     </span>
     <span class='ocr_line' id='line_1_34' title="bbox 212 2453 1703 2514; baseline 0.007 -23"><span class='ocrx_word' id='word_1_314' title='bbox 212 2454 376 2506; x_wconf 88' lang='lat' dir='ltr'>singulis</span> <span class='ocrx_word' id='word_1_315' title='bbox 409 2453 585 2507; x_wconf 86' lang='lat' dir='ltr'>singulas</span> <span class='ocrx_word' id='word_1_316' title='bbox 615 2454 661 2493; x_wconf 85' lang='lat' dir='ltr'>ad</span> <span class='ocrx_word' id='word_1_317' title='bbox 694 2455 847 2494; x_wconf 85' lang='lat' dir='ltr'>tertiam</span> <span class='ocrx_word' id='word_1_318' title='bbox 871 2457 994 2496; x_wconf 85' lang='lat' dir='ltr'>aciem</span> <span class='ocrx_word' id='word_1_319' title='bbox 1017 2458 1190 2500; x_wconf 83' lang='lat' dir='ltr'>adiectas</span> <span class='ocrx_word' id='word_1_320' title='bbox 1214 2474 1301 2501; x_wconf 88' lang='lat' dir='ltr'>esse</span> <span class='ocrx_word' id='word_1_321' title='bbox 1323 2469 1505 2514; x_wconf 86' lang='lat' dir='ltr'>apparet,</span> <span class='ocrx_word' id='word_1_322' title='bbox 1540 2469 1582 2501; x_wconf 92' lang='lat' dir='ltr'>ut</span> <span class='ocrx_word' id='word_1_323' title='bbox 1604 2461 1703 2502; x_wconf 86' lang='lat' dir='ltr'>duae</span> 
     </span>
     <span class='ocr_line' id='line_1_35' title="bbox 215 2521 1704 2582; baseline 0.007 -23"><span class='ocrx_word' id='word_1_324' title='bbox 215 2522 448 2563; x_wconf 87' lang='lat' dir='ltr'>coniunctae</span> <span class='ocrx_word' id='word_1_325' title='bbox 478 2523 657 2577; x_wconf 87' lang='lat' dir='ltr'>legiones</span> <span class='ocrx_word' id='word_1_326' title='bbox 689 2521 729 2561; x_wconf 88' lang='lat' dir='ltr'>in</span> <span class='ocrx_word' id='word_1_327' title='bbox 751 2524 869 2563; x_wconf 86' lang='lat' dir='ltr'>tertia</span> <span class='ocrx_word' id='word_1_328' title='bbox 893 2525 976 2565; x_wconf 85' lang='lat' dir='ltr'>acie</span> <span class='ocrx_word' id='word_1_329' title='bbox 998 2539 1073 2565; x_wconf 80' lang='lat' dir='ltr'>sex</span> <span class='ocrx_word' id='word_1_330' title='bbox 1095 2527 1278 2568; x_wconf 87' lang='lat' dir='ltr'>cohortes</span> <span class='ocrx_word' id='word_1_331' title='bbox 1293 2559 1302 2576; x_wconf 89' lang='lat'>,</span> <span class='ocrx_word' id='word_1_332' title='bbox 1336 2529 1507 2582; x_wconf 88' lang='lat' dir='ltr'>quinque</span> <span class='ocrx_word' id='word_1_333' title='bbox 1530 2529 1704 2582; x_wconf 85' lang='lat' dir='ltr'>reliquae</span> 
     </span>
     <span class='ocr_line' id='line_1_36' title="bbox 217 2588 1704 2647; baseline 0.006 -20"><span class='ocrx_word' id='word_1_334' title='bbox 217 2596 426 2639; x_wconf 87' lang='lat' dir='ltr'>quaternas</span> <span class='ocrx_word' id='word_1_335' title='bbox 459 2590 665 2630; x_wconf 89' lang='lat' dir='ltr'>haberent.</span> <span class='ocrx_word' id='word_1_336' title='bbox 706 2588 858 2631; x_wconf 89' lang='lat' dir='ltr'>Deinde</span> <span class='ocrx_word' id='word_1_337' title='bbox 880 2592 1046 2647; x_wconf 90' lang='lat' dir='ltr'>singulis</span> <span class='ocrx_word' id='word_1_338' title='bbox 1070 2595 1294 2637; x_wconf 87' lang='lat' dir='ltr'>cohortibus</span> <span class='ocrx_word' id='word_1_339' title='bbox 1317 2611 1367 2636; x_wconf 83' lang='lat' dir='ltr'>ex</span> <span class='ocrx_word' id='word_1_340' title='bbox 1391 2598 1509 2637; x_wconf 85' lang='lat' dir='ltr'>tertia</span> <span class='ocrx_word' id='word_1_341' title='bbox 1531 2599 1615 2638; x_wconf 89' lang='lat' dir='ltr'>acie</span> <span class='ocrx_word' id='word_1_342' title='bbox 1639 2598 1704 2636; x_wconf 90' lang='lat' dir='ltr'>de-</span> 
     </span>
     <span class='ocr_line' id='line_1_37' title="bbox 216 2656 1703 2710; baseline 0.009 -18"><span class='ocrx_word' id='word_1_343' title='bbox 216 2656 353 2696; x_wconf 88' lang='lat' dir='ltr'>tractis</span> <span class='ocrx_word' id='word_1_344' title='bbox 385 2666 520 2710; x_wconf 87' lang='lat' dir='ltr'>quarta</span> <span class='ocrx_word' id='word_1_345' title='bbox 554 2657 659 2697; x_wconf 81' lang='lat' dir='ltr'>acies</span> <span class='ocrx_word' id='word_1_346' title='bbox 681 2671 755 2698; x_wconf 84' lang='lat' dir='ltr'>sex</span> <span class='ocrx_word' id='word_1_347' title='bbox 778 2660 997 2701; x_wconf 88' lang='lat' dir='ltr'>cohortium</span> <span class='ocrx_word' id='word_1_348' title='bbox 1021 2663 1283 2704; x_wconf 88' lang='lat' dir='ltr'>efficiebatur:</span> <span class='ocrx_word' id='word_1_349' title='bbox 1311 2665 1458 2705; x_wconf 90' lang='lat' dir='ltr'>duabus</span> <span class='ocrx_word' id='word_1_350' title='bbox 1483 2666 1703 2705; x_wconf 88' lang='lat' dir='ltr'>coniunctis</span> 
     </span>
     <span class='ocr_line' id='line_1_38' title="bbox 217 2721 1700 2785; baseline 0.008 -25"><span class='ocrx_word' id='word_1_351' title='bbox 217 2721 434 2773; x_wconf 88' lang='lat' dir='ltr'>legionibus</span> <span class='ocrx_word' id='word_1_352' title='bbox 463 2726 658 2778; x_wconf 88' lang='lat' dir='ltr'>quinque,</span> <span class='ocrx_word' id='word_1_353' title='bbox 691 2726 854 2780; x_wconf 91' lang='lat' dir='ltr'>reliquis</span> <span class='ocrx_word' id='word_1_354' title='bbox 886 2736 1024 2770; x_wconf 82' lang='lat' dir='ltr'>ternae</span> <span class='ocrx_word' id='word_1_355' title='bbox 1055 2731 1094 2771; x_wconf 87' lang='lat' dir='ltr'>in</span> <span class='ocrx_word' id='word_1_356' title='bbox 1118 2732 1234 2772; x_wconf 90' lang='lat' dir='ltr'>tertia</span> <span class='ocrx_word' id='word_1_357' title='bbox 1256 2733 1340 2773; x_wconf 85' lang='lat' dir='ltr'>acie</span> <span class='ocrx_word' id='word_1_358' title='bbox 1362 2733 1700 2785; x_wconf 85' lang='lat' dir='ltr'>relinquebantur.</span> 
     </span>
     <span class='ocr_line' id='line_1_39' title="bbox 220 2786 1703 2855; baseline 0.009 -28"><span class='ocrx_word' id='word_1_359' title='bbox 220 2786 352 2830; x_wconf 88' lang='lat' dir='ltr'>Orosii</span> <span class='ocrx_word' id='word_1_360' title='bbox 376 2800 504 2835; x_wconf 84' lang='lat' dir='ltr'>autem</span> <span class='ocrx_word' id='word_1_361' title='bbox 526 2798 566 2837; x_wconf 89' lang='lat' dir='ltr'>in</span> <span class='ocrx_word' id='word_1_362' title='bbox 590 2794 661 2833; x_wconf 84' lang='lat' dir='ltr'>hac</span> <span class='ocrx_word' id='word_1_363' title='bbox 683 2809 725 2835; x_wconf 89' lang='lat' dir='ltr'>re</span> <span class='ocrx_word' id='word_1_364' title='bbox 748 2796 853 2836; x_wconf 89' lang='lat' dir='ltr'>nulla</span> <span class='ocrx_word' id='word_1_365' title='bbox 876 2805 937 2838; x_wconf 89' lang='lat' dir='ltr'>est</span> <span class='ocrx_word' id='word_1_366' title='bbox 959 2799 1173 2840; x_wconf 86' lang='lat' dir='ltr'>auctoritas</span> <span class='ocrx_word' id='word_1_367' title='bbox 1189 2831 1198 2848; x_wconf 91' lang='lat'>,</span> <span class='ocrx_word' id='word_1_368' title='bbox 1233 2801 1370 2855; x_wconf 87' lang='lat' dir='ltr'>quippe</span> <span class='ocrx_word' id='word_1_369' title='bbox 1392 2801 1455 2853; x_wconf 88' lang='lat' dir='ltr'>qui</span> <span class='ocrx_word' id='word_1_370' title='bbox 1479 2800 1609 2841; x_wconf 89' lang='lat' dir='ltr'>statim</span> <span class='ocrx_word' id='word_1_371' title='bbox 1635 2814 1703 2853; x_wconf 91' lang='lat' dir='ltr'>pro</span> 
     </span>
     <span class='ocr_line' id='line_1_40' title="bbox 218 2854 1703 2920; baseline 0.009 -24"><span class='ocrx_word' id='word_1_372' title='bbox 218 2854 346 2897; x_wconf 74' lang='lat' dir='ltr'>XXII</span> <span class='ocrx_word' id='word_1_373' title='bbox 367 2859 538 2912; x_wconf 88' lang='lat' dir='ltr'>milibus,</span> <span class='ocrx_word' id='word_1_374' title='bbox 558 2882 658 2920; x_wconf 74' lang='lat' dir='ltr'>quae,</span> <span class='ocrx_word' id='word_1_375' title='bbox 681 2877 725 2904; x_wconf 90' lang='lat' dir='ltr'>se</span> <span class='ocrx_word' id='word_1_376' title='bbox 747 2864 930 2907; x_wconf 85' lang='lat' dir='ltr'>habuisse</span> <span class='ocrx_word' id='word_1_377' title='bbox 943 2863 1096 2908; x_wconf 82' lang='lat' dir='ltr'>Caesar</span> <span class='ocrx_word' id='word_1_378' title='bbox 1117 2868 1254 2910; x_wconf 87' lang='lat' dir='ltr'>scribit</span> <span class='ocrx_word' id='word_1_379' title='bbox 1271 2869 1455 2919; x_wconf 82' lang='lat' dir='ltr'>(eundem</span> <span class='ocrx_word' id='word_1_380' title='bbox 1481 2875 1608 2908; x_wconf 88' lang='lat' dir='ltr'>autem</span> <span class='ocrx_word' id='word_1_381' title='bbox 1634 2883 1703 2909; x_wconf 90' lang='lat' dir='ltr'>nu-</span> 
     </span>
    </p>
   </div>
  </div>
 </body>
</html>
