1835 3240
94 168 178 213 624
622 165 794 209 BELLI
824 161 1231 206 ALEXANDRINI

174 287 261 323 erat
280 281 490 332 inductus,
516 287 556 322 et
576 280 772 321 theatrum
795 277 1046 320 coniunctum
1069 276 1222 327 domui,
1247 277 1348 330 quod
1369 277 1472 319 arcis
1497 276 1658 318 tenebat

177 351 308 392 locum
329 350 534 402 aditusque
556 348 719 388 habehat
741 346 789 386 ad
812 352 964 399 portum
988 351 1027 386 et
1049 345 1095 385 ad
1117 345 1270 398 reliqua
1282 346 1453 386 naualia.
1480 344 1659 386 Hasinu-

173 418 344 459 nitiones
366 415 660 469 insequentibus
683 414 796 454 auxit
820 412 955 454 diebus
971 443 981 463 ,
1017 419 1057 452 ut
1079 426 1149 466 pro
1171 426 1282 452 muro
1305 412 1477 454 obiectas
1500 414 1661 454 haberet

126 485 154 528 9
178 500 254 528 neu
276 486 462 526 dimicare
484 483 630 523 inuitus
653 488 881 536 cogeretur.
924 479 1088 521 Interim
1110 479 1188 520 [ilia
1210 480 1339 520 minor
1360 478 1574 522 Ptolemaei
1596 495 1661 522 re·

176 555 236 609 gis
258 567 420 594 uacuam
444 550 735 605 possessionem
757 549 871 603 regni
893 562 1055 603 sperans
1078 548 1126 588 ad
1146 547 1343 588 Achillam
1366 561 1454 588 sese
1475 562 1528 588 ex
1547 550 1658 603 regia

104 621 157 664 10
178 621 333 664 traiecit
353 632 507 672 unaque
530 618 672 658 bellum
695 618 972 658 administrare
994 616 1137 670 coepit.
1172 613 1250 656 Sed
1274 615 1459 656 celeriter
1480 623 1540 656 est
1559 616 1662 658 inter

177 704 246 731 eos
271 690 316 729 de
340 687 560 741 principatu
582 685 859 727 controuersia
881 692 991 735 orta,
1026 698 1125 738 quae
1156 697 1221 724 res
1253 685 1353 738 apud
1382 684 1524 724 milites
1545 683 1662 738 largi-

179 759 306 798 tiones
330 755 465 796 anxit:
491 754 644 808 magnis
663 753 941 795 enimiaeturis
954 752 1028 794 sibi
1051 752 1215 808 quisque
1238 766 1373 793 eorum
1395 752 1547 793 animos
1570 765 1663 792 eon-

103 824 154 866 11
180 825 350 866 eiliabat.
395 822 505 863 Haec
529 823 617 870 dum
640 823 741 877 apud
764 822 896 862 hostes
919 827 1126 875 geruntur,
1151 818 1362 871 Pothinus,
1386 819 1576 860 nutricius
1596 833 1664 874 pu-

177 893 235 933 eri
258 898 296 932 et
317 898 553 946 procurator
574 891 702 944 regni,
726 891 768 931 in
790 897 901 945 parte
925 887 1131 939 Caesaris,
1170 902 1256 928 eum
1278 888 1326 928 ad
1348 887 1543 929 Achillam
1566 902 1666 928 nun-

178 960 255 1000 tios
276 960 451 1000 mitteret
472 960 789 1012 hortareturque,
816 972 864 999 ne
889 957 1048 1012 negotio
1071 956 1283 997 desisteret
1304 969 1404 997 neue
1425 956 1555 996 animo
1573 955 1665 996 defi-

179 1035 312 1076 ceret,
343 1027 528 1068 indicatis
559 1026 895 1081 deprehensisque
926 1024 1180 1066 internuntiis
1203 1039 1225 1066 a
1248 1021 1424 1065 Caesare
1456 1030 1517 1065 est
1543 1024 1666 1064 inter-

180 1097 323 1137 fectus.
370 1094 480 1136 Haec
502 1096 616 1137 initia
636 1095 728 1136 belli
749 1093 1018 1136 Alexandrini
1040 1094 1213 1133 fuerunt.

175 1409 645 1484 BELLVM
712 1405 1668 1481 ALEXANDRINVM.

295 1716 410 1759 Bello
433 1719 707 1761 Alexandrino
731 1720 899 1761 conflato
923 1716 1076 1760 Caesar
1097 1716 1238 1757 Rhodo
1260 1722 1376 1768 atque
1399 1727 1450 1753 ex
1472 1711 1590 1768 Syria
1603 1710 1671 1753 Ci-

182 1785 352 1839 liciaque
385 1802 539 1827 omnem
572 1789 737 1828 classem
771 1788 963 1837 arcessit,
999 1783 1118 1826 Creta
1151 1783 1407 1836 sagittarios,
1441 1782 1591 1834 equites
1623 1781 1670 1821 ab

182 1867 278 1907 rege
300 1853 601 1895 Nabataeorum
625 1854 784 1896 Malcho
807 1862 970 1905 euocat3
1004 1859 1199 1894 tormenta
1231 1851 1401 1903 undique
1432 1848 1612 1901 conquiri
1634 1855 1672 1887 et

136 1925 164 1962 2
187 1922 421 1962 frumentum
444 1923 560 1973 mitti,
586 1924 737 1963 auxilia
759 1923 895 1964 adduci
917 1923 1042 1963 iubet.
1085 1919 1249 1960 Interim
1270 1917 1509 1958 munitiones
1528 1916 1672 1955 cotidie

185 1990 370 2043 operibus
393 1998 602 2044 augentur,
629 1999 743 2045 atque
767 2005 903 2031 omnes
935 1990 1061 2044 oppidi
1092 1995 1250 2043 parteS,
1289 1999 1386 2040 quae
1417 1985 1546 2025 minus
1579 1996 1668 2024 esse

183 2058 319 2098 firmae
344 2058 553 2109 uidentur,
587 2060 852 2100 testudinibus
875 2073 921 2099 ac
943 2057 1129 2098 musculis
1152 2061 1418 2109 temptantur3
1454 2066 1508 2093 ex
1538 2051 1672 2092 aedifi-

183 2125 255 2165 ciis
278 2133 409 2166 autem
433 2140 503 2180 per
535 2128 727 2167 foramina
759 2128 800 2168 in
836 2126 1017 2181 proxima
1038 2124 1213 2165 aedificia
1237 2123 1383 2162 arietes
1405 2119 1670 2168 inmittuntur‚

186 2201 450 2247 quantumque
473 2202 540 2235 aut
561 2196 683 2235 ruinis
707 2196 874 2236 deicitur
895 2201 961 2234 aut
982 2207 1052 2248 per
1073 2193 1151 2232 uim
1173 2190 1364 2244 recipitur
1385 2187 1486 2237 loci,
1523 2186 1564 2226 in
1586 2193 1673 2225 tan-

137 2260 162 2300 3
185 2267 266 2300 tum
298 2263 535 2304 munitiones
565 2265 834 2318 proferuntur.
904 2261 1010 2302 Nam
1039 2259 1222 2301 incendio
1255 2259 1337 2298 fere
1370 2262 1454 2295 tuta
1485 2260 1546 2294 est
1577 2253 1672 2293 Ale-

184 2329 354 2370 xandria
369 2361 379 2380 ,
424 2331 524 2383 quod
565 2332 651 2372 sine
691 2330 990 2385 contignatione
1033 2343 1077 2369 ac
1110 2326 1276 2368 materia
1307 2331 1399 2365 sunt
1429 2321 1606 2363 aedificia
1636 2327 1675 2361 et

330 2445 348 2477 9
366 2443 530 2476 Pothinus
550 2446 606 2477 hie
624 2455 658 2477 a.
802 2445 843 2478 10
861 2450 991 2488 partem
1010 2454 1031 2476 a
1049 2444 1080 2476 b.
1243 2439 1404 2472 nuntians
1424 2439 1505 2468 ante
1524 2445 1617 2467 corr.
1637 2445 1672 2466 α.

330 2493 372 2526 12
390 2494 562 2527 indicatus
581 2496 611 2536 b,
632 2499 666 2527 et
683 2495 846 2527 iudicatis
865 2506 900 2527 a.
1070 2491 1225 2535 Explicit
1243 2490 1330 2521 liber
1348 2498 1384 2520 111
1402 2486 1484 2519 belli
1503 2486 1619 2518 ciuilis
1637 2496 1671 2518 α.

331 2616 454 2660 Incipit
472 2618 510 2651 C.
532 2619 694 2652 Caesaris
714 2620 841 2652 bellum
860 2617 1129 2651 Alexandrinum
1149 2614 1299 2646 feliciter
1315 2624 1350 2655 a,
1376 2616 1410 2645 et
1431 2612 1597 2644 Caesaris
1614 2621 1675 2642 no-

187 2679 266 2701 men
287 2671 324 2701 in
341 2670 554 2711 quibusdam
571 2674 647 2704 suis
665 2674 809 2704 inuenit
827 2670 916 2704 Oud.
1088 2669 1106 2701 3
1124 2666 1355 2699 Nauateorum
1373 2676 1394 2698 a
1414 2669 1448 2697 et
1465 2664 1590 2697 Nauat.
1611 2666 1675 2696 eti-

188 2730 243 2752 am
266 2721 296 2753 b.
442 2720 551 2753 Maleo
571 2733 605 2753 a.
746 2723 766 2754 4
785 2721 914 2753 auxilia
933 2731 953 2752 α
968 2720 1064 2751 ‘ms-9.
1083 2716 1271 2760 plcrc'que',
1294 2716 1490 2758 auxiliaque
1505 2714 1619 2747 Aldus
1638 2724 1673 2745 u.

332 2774 349 2804 5
371 2782 448 2804 esse
468 2773 583 2805 firmae
603 2784 637 2814 α,
657 2774 775 2805 firmae
795 2783 872 2804 esse
893 2771 972 2803 edd.
1139 2770 1157 2801 6
1177 2769 1340 2801 uidentur
1357 2779 1377 2801 a
1397 2769 1495 2801 ‘mss-
1516 2767 1561 2808 θ’,
1580 2766 1677 2798 uide-

190 2828 310 2856 rentur
327 2835 360 2855 τι.
506 2830 715 2868 temptantur
732 2835 809 2867 ego,
831 2828 994 2867 aptantur
1011 2822 1112 2855 codd.
1133 2822 1173 2854 P.
1195 2822 1272 2855 188.
1437 2820 1456 2852 7
1474 2829 1535 2863 per
1551 2829 1619 2852 om.
1639 2828 1674 2850 α.

334 2878 554 2910 ininittuntur
571 2889 603 2910 a.

1700 894 1739 927 10

1700 1991 1718 2022 υἱ

1708 2328 1747 2361 10
