1835 3240
570 137 756 181 COMM.
781 136 860 180 VII
883 136 1007 179 CAP.
1035 137 1235 178 12—14.
1639 140 1722 182 413

163 258 248 313 pido
263 286 273 305 ‚
299 268 383 294 cum
407 267 458 293 ex
481 252 770 307 significatione
793 250 996 293 Gallorum
1027 252 1117 291 noui
1140 251 1282 304 aliquid
1306 251 1352 290 ab
1375 253 1421 292 iis
1445 255 1531 294 iniri
1555 269 1645 295 con-

160 325 235 365 silii
257 321 572 371 intellexissent,
607 322 746 376 gladiis
777 320 976 361 destrictis
1000 327 1132 373 portas
1156 328 1453 372 occupauerunt
1473 336 1643 375 suosque

159 404 293 431 omnes
316 389 532 429 incolumes
556 396 804 443 receperunt.
870 386 1023 428 Caesar
1053 402 1105 428 ex
1127 387 1267 428 castris
1292 388 1506 440 equitatum
1531 390 1640 429 educi
1664 390 1718 433 13

158 458 278 506 iubet,
306 458 497 511 proelium
520 464 701 510 equestre
724 456 955 496 committit:
981 455 1250 496 laborantibus
1273 455 1349 495 iani
1372 456 1452 495 suis
1476 454 1641 496 Germa-

112 536 129 565 5
162 540 233 566 nos
258 525 406 578 equites
431 525 590 565 circiter
611 531 719 564 CCCC
743 524 973 572 summittit,
1009 538 1106 576 quos
1140 523 1186 563 ab
1208 523 1322 564 initio
1346 523 1489 563 babere
1511 538 1644 564 secum

158 594 398 633 instituerat.
444 592 592 632 Eorum
616 593 800 645 impetum
827 590 930 631 Galli
953 591 1153 631 sustinere
1185 606 1262 631 non
1295 598 1504 645 potuerunt
1527 599 1642 645 atquc
1664 593 1691 632 2

157 661 194 700 in
221 662 346 715 sugam
370 661 535 701 coniecti
560 660 689 699 multis
713 659 867 699 amissis
899 671 941 698 se
964 659 1010 698 ad
1033 673 1174 713 agmen
1196 667 1445 712 receperunt.
1492 658 1644 712 Quibus

157 729 372 783 profligatis
405 743 542 769 rursus
576 727 756 781 oppidani
789 727 987 780 perterriti
1021 727 1316 780 conprehensos
1350 741 1442 778 eos,
1478 743 1644 782 quorum

160 811 278 851 opera
301 797 451 851 plebem
475 796 711 836 concitatam
736 794 1040 844 existimabant,
1067 795 1114 834 ad
1138 792 1351 835 Caesarem
1375 797 1645 850 perduxerunt

84 872 122 904 10
154 879 321 918 seseque
344 865 378 905 ei
401 864 647 904 dediderunt.
693 861 843 915 Quibus
867 862 983 902 rebus
1008 863 1197 903 confectis
1215 860 1367 903 Caesar
1389 865 1434 904 ad
1458 864 1638 919 oppidum
1661 865 1684 904 3

156 933 368 973 Auaricum
387 964 396 983 ,
429 933 529 986 quod
560 939 647 973 erat
668 931 882 971 niaximum
905 931 1286 984 munitissimumque
1308 931 1345 970 in
1371 933 1510 973 linibus
1531 930 1645 973 Bitu-

155 1002 282 1054 rigum
306 1008 422 1053 atque
444 1001 526 1055 agri
551 1000 793 1040 fertilissima
818 999 996 1052 regione,
1023 1000 1224 1052 prot'ectus
1248 1007 1323 1049 est,
1349 1002 1449 1052 quod
1472 1015 1517 1040 eo
1536 1001 1643 1055 oppi-

156 1070 203 1109 do
224 1076 384 1122 recepto
417 1069 613 1109 ciuitatem
637 1066 859 1121 Biturigum
892 1081 934 1107 sc
957 1067 995 1106 in
1020 1074 1252 1120 potestatem
1277 1068 1526 1108 redacturum
1552 1083 1645 1109 con-

154 1137 309 1178 fidebat.

82 1214 121 1246 15
267 1203 582 1258 Vercingetorix
611 1211 669 1243 tot
700 1203 898 1244 continuis
932 1203 1189 1243 incommodis
1211 1202 1530 1255 Vellaunoduni,
1566 1203 1644 1246 Ge-
1665 1205 1720 1249 14

158 1273 262 1321 nabi,
279 1271 509 1312 Nouioduni
533 1273 703 1326 acceptis
727 1286 820 1312 suos
843 1272 888 1312 ad
913 1271 1118 1311 concilium
1136 1280 1342 1312 conuocat.
1380 1272 1509 1314 Docet
1531 1275 1646 1327 longe
1667 1272 1694 1312 2

159 1342 233 1382 alia
256 1341 410 1380 ratione
433 1354 520 1380 esse
543 1340 686 1380 bellum
710 1341 941 1394 gerendum,
967 1348 1084 1393 atque
1107 1348 1222 1380 antea
1245 1348 1397 1395 gestum
1414 1342 1480 1381 sit.
1507 1340 1644 1382 Omni-

158 1408 366 1450 busmodis
390 1408 475 1448 buic
497 1408 553 1448 rei
578 1409 826 1457 studendum,
852 1414 894 1447 ut
917 1407 1166 1461 pabulatione
1190 1416 1462 1450 etcommeatu
1474 1409 1643 1450 Romani

158 1474 452 1532 prohibeantur.
497 1475 537 1516 ld
563 1490 651 1516 esse
676 1476 810 1525 facile,
845 1477 945 1528 quod
970 1476 1141 1531 equitatu
1166 1477 1241 1530 ipsi
1262 1477 1461 1518 abundent
1484 1485 1522 1517 et
1543 1479 1645 1534 quod
1667 1478 1692 1519 3

83 1554 125 1586 20
157 1546 248 1585 anni
274 1553 447 1599 tempore
468 1544 740 1585 subleuentur.
784 1542 974 1583 Pabulum
998 1545 1125 1584 secari
1149 1559 1226 1584 non
1251 1559 1390 1598 posse3
1418 1547 1645 1586 necessario
1668 1547 1693 1586 4

159 1615 356 1667 dispersos
382 1613 516 1652 hostes
539 1626 592 1651 ex
613 1611 800 1652 aediliciis
824 1618 981 1664 petere:
1016 1612 1085 1651 bos
1109 1627 1243 1653 omnes
1268 1614 1411 1653 cotidie
1435 1614 1481 1653 ab
1505 1615 1644 1667 equiti—

158 1682 230 1722 bus
253 1681 375 1721 deleri
398 1694 529 1734 posse.
574 1678 789 1720 Praeterea
823 1679 961 1719 salutis
994 1694 1111 1720 causa
1133 1681 1192 1720 rei
1215 1682 1419 1721 familiaris
1444 1683 1646 1723 commoda
1669 1683 1693 1723 5

160 1749 427 1802 neglegenda:
470 1748 581 1788 uicos
624 1755 739 1800 atque
778 1748 954 1787 aedilicia
998 1747 1155 1788 incendi
1197 1758 1381 1802 oportere
1414 1750 1487 1789 boc
1520 1751 1646 1803 spatio

160 1820 202 1872 [a
217 1816 334 1871 Boia]
350 1830 501 1870 quoque
515 1830 675 1864 uersus,
701 1830 775 1868 quo
789 1815 995 1868 pabulandi
1018 1830 1135 1856 causa
1149 1817 1257 1856 adire
1280 1832 1396 1871 posse
1418 1818 1643 1858 uideantur.

83 1896 123 1927 25
156 1886 303 1926 Harum
326 1886 421 1939 ipsis
444 1899 574 1925 rerum
599 1884 749 1938 copiam
771 1891 998 1938 suppetere,
1023 1885 1139 1937 quod,
1166 1899 1330 1937 quorum
1354 1886 1393 1925 in
1418 1885 1647 1926 linihusbel-
1669 1885 1695 1926 6

159 1955 234 1993 lum
258 1960 435 2007 geratur,
463 1967 597 1993 eorum
612 1953 748 2007 opibus
771 1952 1048 1993 subleuentur:
1076 1952 1280 1994 Romanos
1293 1961 1361 1994 aut
1383 1954 1552 2009 inopiam
1568 1969 1646 1995 non
1668 1954 1693 1995 7

303 2127 317 2158 'l
340 2126 469 2168 aliquid
489 2137 554 2157 om.
577 2126 608 2156 b.
818 2125 858 2156 ab
879 2125 921 2157 iis
940 2126 970 2156 Β
987 2125 1115 2165 Aldus,
1138 2126 1178 2158 ab
1198 2127 1250 2159 his
1270 2127 1348 2159 edd.
1368 2130 1451 2158 ante
1468 2127 1552 2158 Αἶά.
1573 2126 1650 2159 Sle-

154 2179 297 2219 plumas
316 2188 351 2208 u.
492 2178 512 2210 2
532 2176 707 2208 destrictis
726 2175 784 2217 (Β)
801 2176 870 2208 CD
886 2177 903 2207 b
918 2186 955 2216 e,
977 2187 1046 2207 non.
1066 2177 1248 2209 districtis.
1407 2178 1426 2210 3
1446 2189 1487 2209 ex
1507 2178 1647 2220 castris]

159 2230 344 2262 exercitum
364 2230 394 2260 b.
558 2229 575 2260 4
596 2228 762 2271 proelium
781 2228 852 2259 AB
867 2228 905 2267 C,
928 2228 1159 2270 proeliumque
1181 2240 1215 2260 η.
1361 2231 1377 2261 5
1405 2230 1587 2261 summittit
1603 2231 1645 2268 B,

161 2292 227 2313 non
248 2281 428 2312 submittit.
701 2278 827 2309 babere
847 2288 961 2309 secum
979 2279 1010 2309 B
1031 2279 1151 2310 ‘eodcb
1172 2280 1311 2321 multi',
1333 2291 1446 2312 secum
1467 2281 1591 2313 babere
1612 2292 1646 2313 u.

301 2333 319 2365 7
340 2331 511 2363 ammissis
530 2332 570 2362 B.
786 2330 985 2372 reciperunt
1002 2342 1048 2362 m.
1065 2341 1123 2372 pr.
1145 2332 1187 2363 Β.
1399 2334 1419 2365 S
1438 2335 1649 2377 conprehen-

160 2394 214 2415 sos
233 2384 273 2415 B.
455 2383 473 2415 9
493 2383 677 2414 excitatam
697 2392 743 2412 m.
758 2390 818 2422 pr.
840 2382 871 2412 b.
1035 2383 1269 2424 produxerunt
1290 2394 1345 2415 ce.
1536 2386 1576 2418 10
1595 2396 1650 2417 se-

160 2447 221 2477 que
243 2437 273 2467 b.
494 2435 596 2466 rebus
617 2433 738 2473 bede,
761 2444 830 2464 om.
852 2433 881 2464 Β
901 2433 1072 2474 ‘reliquit
1278 2435 1313 2467 ’11
1338 2435 1384 2477 in]
1406 2446 1423 2467 a
1444 2436 1503 2467 be.

165 2489 202 2520 13
222 2489 254 2519 iu
274 2493 475 2530 potestatem
495 2498 529 2519 se
551 2488 581 2519 b.
751 2486 788 2517 15
810 2485 873 2527 tot]
897 2490 964 2516 tum
982 2487 1027 2517 J).
1213 2488 1249 2520 17
1271 2488 1360 2519 ‘esse
1381 2488 1409 2519 b'
1430 2488 1491 2529 (an
1511 2499 1578 2521 om.
1597 2491 1648 2529 ?).

304 2544 434 2580 gestum
453 2539 497 2570 sit
516 2539 545 2570 B
566 2539 668 2569 ‘mss.
694 2537 861 2578 plerique
875 2537 894 2576 ”,
927 2536 971 2567 sit
998 2542 1129 2577 gestum
1148 2538 1263 2569 Aldus
1283 2549 1316 2570 n.
1506 2540 1546 2572 18
1565 2546 1598 2572 et
1617 2551 1645 2581 e,

163 2596 218 2623 aut
238 2591 267 2621 B
288 2591 381 2621 ‘mss.
398 2589 578 2631 plurlmi'.
810 2588 848 2620 1¹.)
870 2587 985 2628 facite,
1007 2589 1094 2630 quod
1114 2600 1153 2628 e,·
1182 2588 1298 2627 facile,
1320 2595 1356 2622 ut
1374 2591 1504 2622 ABJ).

166 2642 359 2674 liabuudcnt
376 2642 418 2673 B.
596 2642 638 2675 20
659 2650 780 2672 secare
801 2640 889 2671 boe.
1093 2641 1132 2674 21
1155 2641 1214 2672 hos
1234 2652 1302 2673 om.
1326 2643 1343 2673 b
1358 2643 1393 2683 cl,
1415 2653 1450 2674 os
1462 2644 1504 2674 B.

167 2694 206 2725 ab
227 2693 379 2734 equitatu
399 2693 417 2723 b
432 2703 460 2724 e.
685 2692 728 2725 22
748 2690 856 2722 deleri
875 2701 895 2722 a
910 2690 999 2731 ede,
1020 2691 1138 2723 delere
1159 2692 1200 2731 b;
1219 2693 1315 2734 diligi
1334 2694 1504 2726 ABCJ).

165 2745 207 2776 23
228 2743 450 2783 neglegenda,
472 2754 540 2775 71071
562 2743 776 2783 negligenda,
792 2745 941 2783 praeter
958 2742 989 2773 B
1007 2746 1113 2774 etiam
1133 2744 1166 2775 A
1180 2743 1264 2775 CD.
1444 2745 1538 2776 uicos
1558 2745 1650 2776 aedi—

163 2796 306 2837 ficiaque
327 2796 357 2825 b.
530 2795 574 2828 24
592 2804 610 2825 a
628 2794 710 2825 Boia
728 2795 830 2825 uncis
850 2793 1001 2825 inclusit
1015 2794 1192 2835 Scaliger.
1213 2795 1254 2826 P.
1275 2795 1331 2828 89.
1518 2807 1648 2839 quoque

166 2857 285 2879 uersus
307 2846 333 2877 B
352 2846 448 2877 (11183.
468 2845 598 2881 mulli',
620 2856 751 2886 quoquo
771 2855 892 2876 uersus
911 2855 945 2875 u.
965 2846 1003 2876 P.
1025 2846 1079 2877 71.
