1835 3240
94 906 133 938 10

97 1245 135 1276 15

96 1583 138 1616 20

587 171 769 214 COMM.
796 169 874 213 VII
897 168 1021 211 CAP.
1048 167 1244 210 39—42.
1641 165 1723 208 4⁶29

165 292 262 334 sidio
283 287 483 340 relinquit.
528 285 691 327 Fratres
715 285 885 326 Litauici
910 299 995 325 cum
1020 280 1288 337 conprehendi
1309 279 1507 329 iussisset,
1534 282 1646 335 paulo

164 366 254 400 ante
275 356 423 410 reperit
445 355 491 395 ad
516 355 646 395 hostes
671 354 838 408 fugisse.
894 353 1139 393 Adhortatus
1162 349 1321 398 milites,
1347 361 1396 387 ne
1417 349 1644 389 necessario
1666 348 1693 389 4

163 433 337 479 tempore
359 423 513 463 itineris
537 422 668 463 labore
692 428 1024 476 permmoeantur,
1061 417 1322 472 cupidissimis
1351 415 1528 455 omnibus
1557 430 1647 468 pro-

163 507 324 548 gressus
349 492 453 531 milia
476 504 659 545 passuum
679 496 927 542 XXVagmen
940 488 1192 528 Haeduorum
1215 483 1464 538 conspicatus
1486 482 1649 522 inmisso

169 561 341 614 equitatu
374 560 452 599 iter
483 573 616 599 eorum
649 564 825 598 moratur
847 564 963 609 atque
985 555 1135 609 inpedit
1154 552 1430 604 interdicitque
1453 549 1647 599 omnibus,

164 642 212 669 ne
236 642 465 683 quemquam
498 625 749 666 interficiant.
794 623 1105 678 Eporedorigem
1139 628 1178 661 et
1202 620 1492 662 Viridomarum
1510 648 1520 668 ,
1556 631 1651 670 quos
1675 616 1699 658 5

164 696 220 736 illi
243 697 473 736 interfectos
497 693 806 742 existumabant,
846 693 952 732 inter
973 690 1126 744 equites
1149 688 1304 729 uersari
1327 700 1499 742 suosque
1523 685 1653 739 appel-

166 764 249 804 lare
272 764 394 804 iubet.
438 761 511 802 His
535 761 702 814 cognitis
738 767 777 800 et
797 758 974 800 Litauici
1007 758 1142 798 fraude
1165 762 1372 811 perspecta
1395 753 1548 795 Haedui
1571 767 1650 794 ma·
1674 752 1701 794 6

167 846 239 872 nus
263 833 445 880 tendere,
481 830 717 870 deditionem
740 828 965 881 significare
989 833 1028 866 et
1049 824 1236 879 proiectis
1259 823 1378 863 armis
1400 829 1563 862 mortem
1589 822 1654 862 de—

166 899 319 953 precari
342 899 547 953 incipiunt.
573 896 782 937 Litauicus
806 910 889 935 cum
914 894 995 935 suis
1019 893 1243 941 clientibus,
1269 891 1408 944 quibus
1431 904 1540 931 more
1558 888 1652 930 Gal-
1673 888 1701 929 7

166 967 290 1007 lorum
315 968 424 1007 nefas
448 973 508 1006 est
530 966 645 1006 etiam
667 965 707 1004 in
732 971 913 1004 extrema
936 964 1093 1002 fortuna
1116 961 1301 1001 deserere
1323 966 1526 1012 patronos,
1553 956 1654 998 Ger-

168 1035 321 1088 gouiam
346 1035 533 1088 profugit.
588 1030 740 1073 Caesar
761 1031 909 1072 nuntiis
932 1031 979 1071 ad
1002 1030 1202 1070 ciuitatem
1228 1027 1479 1067 Haeduorum
1504 1026 1649 1075 missis,
1675 1025 1729 1069 41

167 1102 230 1155 qui
253 1116 322 1142 suo
345 1102 536 1142 beneficio
560 1108 821 1142 eonseruatos
846 1100 1055 1148 docerent,
1091 1110 1187 1150 quos
1209 1096 1294 1135 iure
1317 1094 1405 1135 belli
1428 1094 1654 1133 interficere

167 1170 387 1223 potuisset,
413 1171 612 1223 tribusque
636 1169 742 1210 horis
765 1169 895 1208 noctis
918 1165 1116 1207 exercitui
1138 1165 1185 1205 ad
1208 1164 1378 1217 quietem
1402 1161 1501 1201 datis
1525 1168 1656 1201 castra

168 1238 214 1277 ad
238 1236 477 1292 Gergouiam
508 1238 646 1278 mouit.
701 1236 839 1277 Medio
871 1237 954 1276 sere
986 1235 1128 1274 itinere
1161 1232 1312 1286 equites
1335 1246 1355 1271 a
1377 1228 1503 1271 Fabio
1526 1229 1652 1279 missi,
1676 1228 1703 1269 2

170 1312 314 1358 quanto
338 1319 402 1345 res
424 1306 464 1345 in
487 1305 660 1359 periculo
685 1305 818 1355 suerit,
844 1309 1062 1358 exponunt.
1096 1300 1269 1342 Summis
1293 1299 1415 1353 copiis
1438 1305 1567 1338 castra
1591 1312 1658 1352 op-

170 1380 339 1427 pugnata
364 1373 657 1422 demonstrant,
683 1387 769 1413 cum
794 1372 932 1412 crebro
953 1370 1095 1425 integri
1121 1368 1286 1409 defessis
1309 1367 1565 1407 succederent
1588 1380 1657 1406 no-

170 1449 349 1494 strosque
372 1441 533 1482 adsiduo
556 1441 689 1481 labore
712 1440 989 1493 delatigarcnt,
1015 1438 1153 1491 quibus
1176 1443 1335 1491 propter
1348 1434 1658 1487 magnitudinem

172 1516 390 1548 castrorum
424 1516 610 1563 perpetuo
642 1515 748 1549 esset
779 1508 901 1548 isdem
925 1507 965 1547 in
989 1507 1090 1546 uallo
1114 1503 1436 1559 permanendum.
1476 1500 1658 1542 Multitu-
1681 1501 1705 1542 3

171 1576 260 1616 dinc
283 1577 514 1630 sagittarum
547 1583 663 1633 atque
695 1576 822 1616 omnis
853 1574 1012 1629 generis
1044 1573 1210 1614 telorum
1234 1571 1377 1611 multos
1401 1569 1657 1621 uulnerat0s3

171 1645 216 1684 ad
240 1644 335 1684 hacc
357 1645 585 1686 sustinenda
609 1659 750 1698 magno
775 1644 860 1684 usui
892 1643 1015 1682 fuisse
1039 1647 1248 1681 tormenta.
1294 1637 1459 1679 Fabium
1483 1638 1659 1678 discessu
1681 1636 1708 1678 4

172 1725 305 1751 eorum
330 1712 478 1752 duabus
500 1713 651 1753 relictis
675 1712 797 1766 portis
821 1712 1027 1751 obstruere
1051 1716 1203 1749 ceteras
1226 1708 1454 1761 pluteosque
1477 1705 1580 1745 uallo
1593 1706 1661 1745 ad-

173 1780 265 1820 dere
288 1787 327 1820 et
350 1793 392 1820 se
415 1781 454 1820 in
479 1788 677 1834 posterum
701 1781 800 1820 diem
825 1779 1069 1831 similemque
1093 1791 1224 1817 casum
1255 1787 1458 1829 apparare.
1503 1772 1577 1814 His
1598 1787 1662 1814 re—
1684 1771 1708 1813 5

173 1848 244 1888 bus
267 1849 434 1902 cognitis
459 1846 614 1889 Caesar
635 1862 786 1888 summo
810 1848 936 1888 studio
961 1846 1124 1886 militum
1153 1851 1242 1884 ante
1266 1849 1392 1883 ortum
1415 1841 1510 1882 solis
1532 1841 1573 1882 in
1596 1855 1661 1881 ca-

124 1924 136 1930 *
172 1922 253 1955 stra
275 1917 466 1969 peruenit.

288 1982 389 2023 Dum
415 1985 509 2025 haec
531 1986 578 2025 ad
602 1983 843 2039 Gergouiam
869 1990 1077 2038 geruntur,
1102 1981 1259 2022 Haedui
1281 1980 1416 2035 primis
1439 1979 1587 2020 nuntiis
1615 1979 1662 2019 ab
1684 1978 1741 2023 42

174 2049 358 2091 Litauico
370 2054 539 2107 acceptis
553 2054 701 2093 nullum
724 2053 797 2093 sibi
820 2053 867 2092 ad
890 2051 1205 2107 cognoscendum
1229 2048 1396 2103 spatium
1420 2048 1661 2101 relinquunt.

174 2117 331 2173 Inpellit
353 2121 450 2161 alios
474 2121 642 2162 auaritia
658 2153 668 2172 ,
694 2121 792 2162 alios
815 2121 1019 2161 iracundia
1042 2127 1081 2160 et
1101 2118 1301 2159 temeritas
1317 2147 1328 2167 ,
1361 2130 1459 2170 quae
1492 2115 1662 2156 maxime
1683 2113 1711 2157 2

320 2211 333 2243 1
356 2213 494 2255 reliquit
511 2214 541 2245 b.
685 2213 855 2245 Litauicci
873 2213 917 2245 B.
1061 2209 1290 2253 conprehendi
1305 2209 1347 2240 B.
1491 2207 1594 2239 iussit
1612 2213 1665 2239 set

175 2264 257 2293 ante
275 2272 369 2295 corr.
389 2263 432 2294 B.
596 2265 616 2299 2
635 2265 787 2307 repperit
805 2265 847 2296 B.
1010 2263 1139 2304 fugisse
1158 2263 1188 2294 B
1209 2261 1383 2303 ‘1·el2·qz1z·',
1405 2260 1598 2302 profugisse
1618 2260 1635 2290 b
1649 2270 1666 2290 c

177 2312 239 2345 de.
402 2315 423 2346 4
440 2314 580 2347 inmisso
599 2316 641 2347 B.
808 2316 825 2347 5
845 2314 974 2356 inpedit
991 2314 1036 2346 B.
1179 2313 1198 2345 6
1214 2312 1476 2354 Eporidorigem
1497 2311 1566 2342 AB
1580 2311 1663 2343 CI).

321 2365 338 2397 7
357 2367 611 2398 existumabant
627 2368 700 2399 AB
714 2367 741 2400 C
754 2367 800 2398 D.
989 2366 1008 2397 ὅ
1028 2366 1080 2397 bis
1099 2365 1130 2397 B
1147 2365 1225 2396 edd.
1242 2367 1396 2406 priores,
1419 2364 1464 2395 iis
1479 2363 1518 2395 P.
1537 2362 1666 2395 Manu-

179 2418 250 2448 tius
268 2426 302 2448 u.
443 2418 605 2451 Litiuicci
625 2420 667 2451 B.
787 2420 804 2452 9
826 2419 980 2459 tendere,
1002 2418 1209 2449 deditionem
1228 2416 1332 2457 A(B)
1348 2417 1375 2448 C
1395 2419 1441 2456 <is
1461 2415 1501 2446 de
1522 2414 1666 2454 ditione)

177 2470 230 2508 1),·
253 2470 392 2503 tendere
411 2476 444 2503 et
464 2472 672 2504 deditionem
692 2482 721 2503 e.
741 2471 781 2504 P.
802 2472 857 2503 68.
1013 2470 1201 2512 deprecare
1220 2469 1265 2500 D.
1427 2467 1466 2499 10
1485 2466 1669 2508 incipiunt]

180 2528 344 2563 cePerunt
363 2523 393 2555 b.
592 2524 773 2556 Litauicus
795 2524 866 2554 ‘llic
883 2524 1042 2554 retinent
1058 2532 1142 2553 mss.
1164 2519 1339 2552 meliore-5⁹
1358 2523 1394 2551 et
1412 2519 1546 2550 diserto
1566 2520 1668 2550 testi-

179 2574 297 2603 monio
315 2573 356 2605 B.
518 2575 558 2608 12
578 2576 697 2606 uerbis
717 2574 849 2606 Caesar
868 2573 995 2605 nuntiis
1014 2572 1111 2604 redit
1128 2573 1317 2612 antiquior
1335 2581 1460 2602 manus
1478 2570 1522 2601 B.

185 2625 222 2656 15
243 2630 354 2656 mouet
374 2626 405 2656 b.
592 2628 632 2659 ab
652 2626 756 2659 Fabio
777 2637 855 2658 omn
873 2626 959 2657 solis
976 2625 1071 2656 And.
1093 2624 1206 2656 Ooeou.
1228 2634 1263 2654 u.
1443 2621 1482 2653 17
1502 2620 1604 2652 erebo
1624 2619 1666 2650 B.

327 2676 366 2708 18
385 2677 528 2709 adsiduo
547 2678 589 2709 B.
746 2678 783 2710 19
804 2678 911 2710 isdem
930 2677 960 2708 B
982 2675 1180 2718 ‘plerz'qzze'5
1201 2675 1328 2706 eisdem
1350 2675 1367 2705 b
1390 2675 1437 2704 ‘et
1452 2671 1537 2703 alz'i'
1556 2681 1589 2709 υ)
1612 2680 1666 2701 eo-

184 2728 256 2758 ‹lcui
276 2728 322 2759 D.
477 2730 520 2764 20
540 2730 627 2761 omni
647 2740 771 2771 genere
790 2741 810 2762 a
824 2731 841 2761 b
855 2740 913 2760 ee.
1076 2729 1118 2761 23
1138 2726 1350 2769 similemque
1370 2735 1484 2757 casum
1504 2731 1668 2765 apparare

185 2781 213 2811 Β
235 2779 411 2820 *relz'qzti',
433 2781 575 2814 similem
594 2783 634 2813 ad
655 2793 769 2815 casum
789 2793 911 2825 parare
932 2782 949 2813 b
963 2781 1052 2813 ede.
1190 2780 1233 2812 iis
1253 2780 1355 2811 rebus
1374 2778 1417 2809 B.
1540 2775 1582 2808 26
1602 2773 1667 2815 pri-

186 2832 261 2874 mis]
283 2831 380 2863 trinis
400 2833 489 2872 cde,
512 2834 620 2866 tribus
641 2835 670 2867 b.
835 2835 877 2870 27
897 2834 1074 2866 Litauicco
1095 2834 1136 2865 Β.
1290 2832 1462 2873 reliquunt
1480 2838 1526 2860 m.
1543 2837 1602 2868 pr.
1622 2826 1665 2857 B-

326 2885 369 2918 28
389 2886 520 2927 inpellit
540 2887 581 2918 B.
