1835 3240
87 565 105 596 m

56 902 96 934 10

53 1241 89 1274 15

43 1581 86 1615 20

38 1922 80 1956 25

670 173 859 218 CAPVT
890 173 1087 216 40-44.
1615 178 1698 221 687

140 288 370 342 phantisque
399 287 549 328 turritis
580 288 822 342 interpositis
855 288 1119 341 armatisque,
1154 288 1352 342 suppetias
1381 291 1437 329 ire
1460 300 1621 334 conten-

140 357 206 395 dit.
249 352 362 406 Quod
385 355 447 395 ubi
473 352 627 396 Caesar
647 356 941 406 animaduertit,
966 356 1178 396 arbitratus
1194 353 1418 409 Scipionem
1441 359 1488 398 ad
1511 361 1621 400 dimi·
1643 361 1668 402 3

138 422 303 462 candum
335 430 510 476 paratum
541 424 588 464 ad
618 437 661 464 se
689 430 796 464 certo
818 424 948 463 animo
972 424 1110 464 uenire
1131 424 1172 463 in
1194 437 1240 463 eo
1262 423 1348 464 loco
1364 454 1374 474 ,
1410 438 1483 477 quo
1506 428 1620 479 paulo

136 497 226 530 ante
249 491 568 540 commemoraui,
597 498 689 531 ante
712 491 890 544 oppidum
914 492 1090 532 constitit
1114 521 1263 532 ......
1288 505 1475 545 suamque
1497 493 1620 534 aciem

137 558 303 598 mediam
335 572 381 598 eo
411 558 550 612 oppido
581 558 705 607 texit3
741 559 924 598 dextrum
957 559 1238 611 sinistrumque
1269 573 1419 609 cornu,
1454 560 1520 600 ubi
1541 561 1620 602 ele-

133 625 265 679 phanti
290 632 419 675 erant,
444 626 482 665 in
507 632 719 678 conspectu
741 627 889 678 patenti
912 627 1229 667 aduersariorum
1253 627 1471 668 constituit.
1517 625 1618 669 Cum
1639 629 1695 674 42

131 693 208 733 iam
241 708 360 747 prope
390 693 485 733 solis
517 707 697 733 occasum
723 691 876 734 Caesar
904 694 1198 748 expectauisset
1220 709 1346 748 neque
1368 709 1420 736 ex
1442 709 1488 736 eo
1509 696 1614 747 loco,

132 775 208 813 quo
239 761 496 811 constiterat,
532 759 759 814 Scipionem
791 761 976 815 progredi
1009 762 1167 815 propius
1199 776 1241 802 se
1273 763 1618 804 animaduertisset

130 829 293 881 locoque
315 842 357 868 se
381 828 504 882 magis
521 829 749 880 defendere,
776 829 808 869 si
831 843 897 869 res
921 829 1135 883 co'c’gisset,
1160 844 1271 882 quam
1294 830 1335 870 in
1353 845 1488 885 campo
1511 845 1616 872 com-

128 897 255 936 minus
279 896 497 936 consistere
520 897 664 937 audere
679 927 689 944 ,
723 911 801 937 non
833 904 894 937 est
922 897 1011 937 uisa
1033 897 1136 937 ratio
1158 897 1314 951 propius
1338 899 1547 940 accedendi
1568 914 1615 941 eo
1635 900 1662 942 2

129 964 189 1003 die
212 965 259 1003 ad
281 964 459 1017 oppidum
475 995 485 1013 ,
521 965 702 1016 quoniam
735 965 785 1005 ibi
809 964 1045 1018 praesidium
1069 964 1218 1016 grande
1240 964 1503 1007 Numidarum
1527 981 1616 1009 esse

128 1039 371 1084 cognouerat
402 1032 613 1084 hostesque
644 1033 809 1072 mediam
843 1033 965 1071 aciem
998 1045 1106 1071 suam
1140 1032 1280 1085 oppido
1304 1034 1455 1074 texisse
1477 1042 1516 1075 et
1537 1035 1612 1076 sibi
1633 1035 1658 1076 3

125 1099 278 1139 difficile
308 1100 413 1139 factu
445 1113 533 1140 esse
563 1100 762 1140 intellexit
794 1100 909 1139 simul
933 1107 973 1139 et
994 1100 1173 1153 oppidum
1196 1114 1274 1140 uno
1297 1108 1471 1155 tempore
1493 1116 1613 1157 oppu-

125 1181 246 1219 gnare
276 1174 315 1206 et
344 1167 384 1207 in
413 1167 496 1207 acie
518 1167 557 1207 in
580 1181 703 1207 cornu
726 1168 867 1207 dextro
891 1182 935 1208 ac
958 1168 1121 1208 sinistro
1144 1181 1194 1208 ex
1218 1168 1412 1221 iniquiore
1434 1169 1521 1210 loco
1543 1184 1612 1224 pu-

122 1249 260 1288 gnare,
289 1235 524 1288 praesertim
546 1249 630 1274 cum
655 1235 797 1275 milites
820 1249 841 1275 a
864 1250 978 1276 mane
1001 1236 1076 1276 diei
1098 1236 1220 1276 ieiuni
1243 1236 1314 1276 sub
1338 1237 1456 1277 armis
1478 1238 1612 1279 stetis-

121 1310 212 1342 sent
235 1302 492 1356 [defatigati]
549 1301 683 1355 Itaque
706 1303 878 1344 reductis
901 1304 982 1344 suis
1006 1303 1128 1358 copiis
1150 1304 1190 1343 in
1213 1311 1345 1343 castra
1366 1312 1526 1357 postero
1548 1306 1609 1347 die
1630 1306 1658 1347 4

120 1370 277 1424 propius
310 1384 446 1411 eorum
475 1371 598 1411 aciem
629 1371 802 1411 instituit
835 1372 1096 1426 exporrigere
1124 1371 1377 1412 munitiones.
1441 1371 1602 1414 Interim
1624 1374 1683 1420 43

123 1436 336 1479 Considius
354 1469 364 1488 ,
399 1438 462 1492 qui
484 1438 653 1478 Acillam
681 1469 713 1478 ..
732 1469 740 1478 .
767 1446 804 1480 et
825 1446 901 1479 VIII
923 1439 1150 1480 cohortibus
1174 1439 1443 1493 stipendiariis
1465 1439 1609 1482 Numi-

120 1507 177 1547 dis
201 1505 457 1560 Gaetulisque
489 1506 717 1557 obsidebat,
751 1507 814 1547 ubi
839 1505 887 1548 C.
912 1507 1089 1548 Messius
1114 1508 1215 1561 [qui]
1240 1508 1465 1549 cohortibus
1495 1523 1609 1563 prae-

119 1582 226 1625 erat,
262 1575 327 1615 diu
358 1574 600 1628 multumque
623 1583 812 1629 expertus
836 1576 1066 1629 magnisque
1089 1576 1274 1629 operibus
1297 1589 1414 1629 saepe
1437 1577 1606 1619 admotis

119 1649 158 1683 et
180 1643 237 1683 his
260 1643 307 1683 ab
330 1643 532 1697 oppidanis
554 1643 731 1684 incensis
754 1658 841 1684 cum
864 1644 1074 1698 proficeret
1094 1643 1212 1693 nihil,
1246 1643 1376 1685 subito
1398 1646 1536 1686 nuntio
1560 1646 1607 1687 de

117 1710 292 1764 equestri
325 1711 474 1764 proelio
509 1711 626 1751 allato
659 1719 875 1752 commotus
908 1713 1130 1761 frumento,
1165 1712 1276 1752 cuius
1306 1712 1346 1752 in
1376 1713 1518 1753 castris
1541 1728 1607 1754 co-

116 1779 218 1831 piam
250 1778 466 1829 habuerat,
500 1779 689 1829 incenso,
724 1779 841 1830 uino,
877 1780 963 1820 oleo
996 1779 1220 1832 ceterisque
1251 1779 1393 1830 rebus,
1428 1795 1528 1834 quae
1558 1782 1606 1823 ad

114 1847 261 1886 uictum
283 1845 410 1900 parari
434 1846 578 1897 solent,
604 1848 800 1902 corruptis
823 1848 1008 1897 Aciliam,
1041 1862 1155 1901 quam
1180 1847 1399 1898 obsidebat,
1432 1849 1607 1890 deseruit

113 1921 228 1967 atque
250 1914 392 1954 itinere
414 1928 484 1967 per
503 1928 668 1969 regnum
691 1914 813 1956 Iubae
836 1916 940 1956 facto
963 1916 1095 1970 copias
1118 1930 1205 1957 cum
1229 1913 1415 1970 Scipione
1437 1918 1605 1971 partitus

117 1982 376 2022 Adrumetum
398 1995 441 2022 se
462 1983 627 2036 recepit.

225 2050 378 2090 Interea
399 2063 450 2090 ex
466 2050 638 2091 secundo
654 2058 888 2102 commeatu,
905 2064 1018 2105 quem
1040 2065 1064 2092 a
1079 2049 1216 2092 Sicilia
1236 2052 1400 2093 miserat
1413 2052 1595 2104 Alienus,
1620 2053 1680 2099 44

115 2119 228 2159 nauis
249 2132 342 2169 una,
367 2118 497 2172 inqua
519 2117 713 2172 fueratQ.
731 2117 937 2161 Cominius
953 2117 1056 2160 etL.
1072 2118 1229 2170 Ticida,
1246 2133 1364 2173 eques
1377 2118 1600 2172 Romanus,

256 2255 270 2287 1
285 2254 437 2298 inpositis
452 2256 481 2287 b.
625 2256 643 2288 3
657 2260 785 2288 certum
802 2257 820 2287 b
833 2267 862 2288 c.
1004 2257 1024 2288 4
1036 2255 1199 2288 lacunam
1221 2265 1283 2297 ego
1302 2259 1442 2289 notaui.
1465 2257 1505 2290 P.
1519 2258 1599 2293 212.

255 2306 272 2336 5
287 2306 512 2348 dextrumque
532 2317 565 2338 α.
707 2317 845 2338 cornum
860 2317 889 2338 c.
1032 2306 1050 2338 ὓ
1066 2307 1217 2348 pacienti
1235 2316 1268 2337 a.
1412 2307 1601 2350 7expecta-

110 2355 221 2388 uisset
239 2366 273 2387 α.
413 2358 433 2389 8
452 2367 488 2389 se
507 2367 575 2389 om.
598 2358 628 2389 b.
781 2358 799 2389 9
816 2368 851 2389 se
870 2356 977 2398 magis
997 2356 1049 2399 (α)
1069 2357 1147 2389 edd.
1166 2360 1250 2389 ante
1271 2356 1415 2398 θηται,
1435 2359 1543 2400 magis
1562 2370 1599 2392 se

113 2406 240 2438 Graeu.
261 2411 295 2440 et
311 2410 389 2440 sine
407 2410 642 2440 annotatione
662 2419 695 2440 ll.
873 2409 1025 2440 cominus
1045 2408 1109 2449 (a).
1298 2408 1337 2440 10
1357 2409 1501 2442 auderet
1518 2413 1601 2442 ante

111 2467 204 2489 corr.
223 2468 257 2490 α.
400 2461 439 2493 12
452 2460 581 2492 texisse
601 2465 635 2492 et
653 2460 717 2492 sibi
737 2469 814 2501 ego,
828 2460 999 2492 texissent
1017 2460 1081 2491 sibi
1099 2470 1120 2490 α
1141 2460 1159 2491 b
1178 2471 1218 2500 c,·
1237 2460 1366 2492 texisse
1386 2461 1519 2503 sibique
1536 2462 1601 2494 Al-

112 2510 178 2542 dus
196 2520 232 2542 u.
389 2512 430 2545 13
451 2512 576 2544 factum
595 2522 615 2543 α
636 2512 653 2543 b
673 2523 702 2543 c.
856 2512 894 2544 16
915 2510 1126 2554 [defatigati]
1145 2512 1186 2544 P.
1208 2512 1288 2547 213.
1437 2513 1510 2545 suis
1530 2515 1597 2546 int.

110 2571 204 2593 uer-S.
226 2561 256 2592 b.
440 2564 479 2596 18
498 2568 533 2595 et
550 2564 698 2606 reliqui,
719 2574 787 2596 ont.
808 2564 828 2597 2
847 2564 935 2596 dett.
956 2575 991 2596 u.
1010 2564 1196 2596 Lacunam
1214 2575 1278 2606 ego
1296 2567 1435 2597 notaui.
1456 2565 1497 2597 P.
1516 2566 1596 2599 213.

252 2622 326 2644 vnn
344 2623 375 2653 a,
396 2624 430 2646 ix
450 2614 468 2646 b
486 2625 516 2646 c.
658 2615 857 2646 cohortibus
877 2615 1113 2657 stipendiariis
1131 2616 1153 2648 2
1170 2615 1272 2656 dett„
1294 2617 1453 2648 cohortes
1471 2617 1597 2659 stipen-

110 2664 239 2696 diarias
257 2664 404 2705 reliqui.
570 2667 610 2699 19
629 2668 725 2709 quia
744 2668 762 2699 b
782 2678 798 2698 c
815 2668 838 2699 (Z
855 2668 873 2700 3
893 2668 995 2709 dett„
1016 2678 1086 2700 om.
1106 2669 1234 2700 Aldus.
1399 2671 1441 2705 20
1461 2680 1541 2711 sepe
1560 2680 1594 2701 α.

252 2715 291 2747 21
314 2715 365 2747 his
385 2726 404 2746 α
424 2715 502 2748 edd.
522 2721 605 2749 ante
622 2718 720 2759 Alcl„
742 2719 783 2750 iis
802 2718 914 2751 Aldus
935 2729 968 2750 ιι.
1111 2719 1337 2761 proficeretur
1356 2731 1383 2761 c,
1401 2720 1597 2762 proficisce-

111 2771 209 2799 retur
226 2778 259 2799 α.
399 2768 441 2800 24
461 2771 630 2812 correptis
650 2781 771 2803 errore
789 2782 824 2803 τι.
964 2771 1006 2806 26
1024 2769 1235 2803 Adrimetum
1254 2782 1287 2803 [ι.
1428 2772 1470 2805 27
1485 2772 1526 2803 ad
1545 2771 1596 2803 Si-

111 2818 227 2850 ciliam
248 2819 277 2850 b.
431 2819 573 2851 Alienus
593 2832 625 2862 a,
646 2822 800 2855 Allienus
820 2833 854 2854 ιι.
1010 2822 1053 2855 28
1073 2821 1242 2854 Commius
1263 2823 1293 2854 b.
1443 2821 1540 2855 Ticid
1558 2833 1594 2863 a,

112 2868 231 2902 Ticidc
253 2870 281 2901 b.
426 2880 480 2912 eq.
500 2869 560 2902 Ro.
582 2882 615 2903 (c.
