1835 3240
87 163 169 206 312
619 168 692 210 DE
723 168 914 212 BELLO
946 169 1194 214 GALLICO

162 279 209 319 ab
232 279 291 319 his
312 281 487 322 relictam
510 282 737 323 cohortibus
767 283 970 324 adtribuit.
1029 283 1132 324 Eum
1162 286 1288 326 locum
1321 285 1423 327 uallo
1456 288 1639 342 fossaque

111 346 139 390 2
159 348 339 388 muniuit.
399 346 499 389 Cum
532 351 613 390 dies
644 351 895 391 hibernorum
927 351 1134 404 conplures
1165 353 1425 404 transissent,
1466 356 1640 396 frumen-

160 421 319 468 tumque
352 430 398 456 eo
430 418 655 470 conportari
688 418 898 468 iussisset,
938 418 1066 459 subito
1095 433 1164 472 per
1198 421 1470 473 exploratores
1493 423 1640 462 certior

161 484 286 523 factus
311 491 371 523 est
393 498 444 524 ex
467 498 509 524 ea
533 491 643 537 parte
666 485 759 535 uici,
785 500 901 538 quam
925 484 1048 526 Gallis
1072 494 1339 537 concesserat,
1364 503 1498 530 omnes
1521 498 1638 530 noctu

161 550 415 601 discessisse,
452 558 706 604 montesque,
741 553 806 605 qui
826 553 1111 607 inpenderent,
1146 569 1169 595 a
1199 555 1368 596 maxima
1391 557 1634 598 multitudine

111 616 140 657 2
160 615 407 658 Sedunorum
430 625 468 657 et
488 617 757 672 Veragrorum
780 622 922 664 teneri.
966 620 1010 661 Id
1033 623 1181 675 aliquot
1203 623 1248 663 de
1271 623 1400 663 causis
1422 624 1636 675 acciderat,

162 692 203 724 ut
223 686 352 725 subito
377 684 480 725 Galli
509 686 601 726 belli
632 689 849 728 renouandi
871 689 1113 744 legionisque
1135 691 1411 744 opprimendae
1435 691 1640 730 consilium

112 751 138 793 3
161 760 367 806 caperent:
394 753 573 806 primum,
598 756 698 808 quod
721 756 916 809 legionem
948 772 1072 811 neque
1105 772 1188 799 eam
1221 758 1483 812 plenissimam
1511 759 1641 799 (letra-

160 820 233 859 ctis
256 820 480 860 cohortibus
503 821 650 862 duabus
677 830 716 863 et
737 824 998 878 compluribus
1021 826 1245 880 singillatim
1260 857 1273 874 ,
1313 826 1376 879 qui
1401 833 1638 866 commeatus

111 886 139 927 4
161 888 315 941 petendi
338 902 454 928 causa
477 889 589 929 missi
623 898 757 941 erant,
794 900 954 946 propter
975 894 1210 946 paucitatem
1233 893 1525 947 despiciebant3
1562 900 1641 933 tum

160 954 290 1003 etiam,
317 956 416 1007 quod
438 964 598 1010 propter
618 958 863 1011 iniquitatem
885 960 977 1010 loci,
1004 975 1088 1000 cum
1111 961 1184 1015 ipsi
1207 976 1259 1001 ex
1281 961 1477 1001 montibus
1500 962 1540 1001 in
1559 961 1640 1001 ual-

158 1022 231 1061 lem
255 1022 513 1067 decurrerent
535 1032 574 1064 et
597 1026 671 1065 tela
695 1027 948 1078 conicerent,
989 1042 1037 1068 ne
1069 1029 1232 1082 primum
1257 1029 1408 1082 quidem
1432 1043 1547 1082 posse
1569 1028 1640 1068 im-

110 1087 135 1128 5
158 1097 287 1143 petum
312 1105 424 1130 suum
446 1091 635 1132 sustineri
657 1094 951 1135 existimabant.
1015 1095 1258 1143 Accedebat,
1284 1096 1385 1151 quod
1407 1110 1501 1136 suos
1524 1096 1570 1134 ab
1596 1109 1639 1136 se

157 1157 303 1198 liberos
334 1159 554 1200 abstractos
586 1160 764 1201 obsidum
802 1163 958 1202 nomine
982 1164 1164 1203 dolebant
1187 1170 1227 1203 et
1250 1163 1452 1203 Romanos
1475 1178 1552 1202 non
1575 1177 1639 1203 so-

157 1225 235 1265 lum
257 1226 443 1266 itinerum
466 1242 607 1277 causa,
632 1229 700 1268 sed
723 1230 837 1268 etiam
861 1238 1072 1284 perpetuae
1094 1231 1359 1284 possessionis
1378 1230 1549 1270 culmina
1570 1229 1640 1269 Al-

1667 566 1685 596 0(

1674 901 1715 932 10

1675 1238 1714 1270 15

156 1292 260 1346 pium
291 1308 484 1347 occupare
515 1295 651 1335 conari
682 1303 721 1335 et
752 1310 797 1336 ca
824 1297 911 1337 loca
942 1298 1131 1338 finitimae
1163 1298 1390 1351 prouinciae
1424 1298 1638 1350 adiungere
1685 1346 1688 1348 v

108 1358 135 1403 3
156 1360 229 1400 sibi
251 1375 483 1414 persuasum
508 1362 713 1402 habebant.
757 1363 831 1404 His
855 1365 1002 1405 nuntiis
1025 1365 1195 1418 acceptis
1220 1363 1369 1414 Galba,
1402 1379 1488 1405 cum
1513 1378 1641 1417 neque

156 1441 253 1481 opus
276 1429 528 1469 hibernorum
550 1431 865 1484 munitionesque
888 1433 1001 1485 plene
1023 1439 1158 1472 essent
1179 1434 1400 1486 perfectae,
1435 1446 1560 1485 neque
1592 1432 1639 1472 de

155 1495 352 1536 frumento
373 1498 600 1551 reliquoque
623 1506 842 1539 commeatu
863 1500 960 1541 satis
984 1508 1090 1541 esset
1112 1501 1328 1554 prouisum,
1354 1501 1455 1553 quod
1477 1500 1640 1540 deditio-

153 1577 204 1603 ne
235 1565 338 1604 facta
369 1566 645 1621 obsidibusque
678 1568 850 1622 acceptis
883 1569 978 1608 nihil
1008 1569 1052 1608 de
1075 1568 1175 1608 bello
1201 1569 1411 1609 timendum
1435 1569 1640 1610 existima-

154 1639 293 1682 uerat,
329 1634 493 1674 consilio
525 1635 710 1676 celeriter
741 1643 960 1676 conuocato
991 1636 1207 1676 sententias
1241 1635 1449 1689 exquirere
1490 1636 1633 1689 coepit.

105 1697 134 1739 2
154 1697 243 1751 Quo
265 1700 305 1740 in
328 1702 493 1742 consilio
510 1733 520 1752 ,
555 1717 639 1742 cum
665 1710 812 1744 tantum
835 1703 1029 1757 repentini
1052 1703 1213 1756 periculi
1237 1710 1394 1757 praeter
1415 1703 1638 1756 opinionem

154 1768 378 1818 accidisset,
404 1784 449 1809 ac
470 1769 545 1808 iam
561 1770 690 1810 onmia
713 1772 795 1811 fere
809 1771 1014 1824 superiora
1034 1771 1120 1811 loca
1134 1771 1380 1811 multitudine
1398 1778 1638 1811 armatorum

155 1836 346 1888 completa
370 1838 718 1890 conspicerentur,
753 1853 880 1893 neque
903 1838 1076 1878 subsidio
1100 1839 1227 1878 ueniri
1249 1852 1374 1891 neque
1397 1846 1636 1878 commeatus

107 1899 132 1941 3
153 1901 374 1956 subportari
398 1904 623 1944 interclusis
646 1906 852 1946 itineribus
876 1913 1060 1960 possent,
1097 1920 1217 1960 prope
1248 1907 1323 1946 iam
1348 1907 1553 1960 desperata
1576 1919 1638 1945 sa-

152 1969 234 2010 lute
254 1972 468 2012 nonnullae
498 1972 715 2014 huiusmodi
746 1974 966 2014 sententiae
990 1974 1244 2025 dicebantur,
1279 1980 1322 2014 ut
1348 1972 1636 2028 impedimentis

297 2086 312 2118 1
335 2087 375 2118 ab
395 2088 446 2119 his
465 2090 514 2128 B,
538 2089 592 2120 ‘ab
612 2089 654 2120 iis
673 2092 710 2121 et
724 2089 764 2120 ab
784 2089 837 2121 his
856 2100 939 2121 mss.
961 2093 995 2120 et
1012 2089 1090 2122 edd.
1112 2088 1230 2131 qdcl.’,·
1262 2089 1302 2120 ab
1322 2088 1392 2120 illis
1411 2098 1479 2119 see.
1499 2098 1546 2119 m.
1566 2088 1597 2119 B
1615 2097 1637 2118 u

154 2138 189 2167 et
205 2135 463 2175 Schneider-ns,
484 2141 549 2180 qul
566 2143 671 2171 tac-et.
821 2140 988 2172 adtribuit
1004 2141 1047 2171 B.
1210 2141 1231 2175 2
1249 2139 1429 2181 conplures
1448 2139 1490 2170 B.

154 2186 446 2231 frumentumque]
468 2195 502 2221 et
521 2190 725 2222 frumentum
747 2191 812 2233 bf.
962 2191 980 2223 3
1000 2191 1194 2233 conportari
1212 2191 1254 2222 B.
1442 2190 1460 2221 5
1480 2194 1635 2231 montes,

153 2239 209 2280 qui
231 2239 270 2271 C.
419 2242 657 2283 (inpenderent
674 2243 762 2285 Af)
781 2243 985 2285 impedirent
1000 2243 1032 2274 1)
1048 2243 1079 2274 b.
1242 2242 1261 2273 6
1285 2240 1415 2282 aliquid
1432 2242 1475 2272 B.

153 2293 173 2324 8
193 2301 265 2323 eam
285 2293 355 2333 ef,
378 2297 444 2324 tam
463 2295 536 2325 AB
550 2295 619 2326 CD
632 2295 675 2326 E.
863 2295 1030 2326 detractis
1051 2295 1201 2326 cohortis
1221 2293 1418 2325 cohortibus
1440 2293 1480 2324 C.

153 2343 171 2375 9
191 2343 389 2383 singillatim
418 2346 490 2376 AD
511 2349 546 2377 et
562 2356 607 2378 m.
627 2357 696 2378 sert.
720 2347 768 2387 Β,
797 2347 985 2387 singilatim
1004 2357 1050 2378 m.
1069 2357 1126 2387 pr.
1146 2347 1196 2387 B,
1217 2345 1411 2386 singulatim
1434 2344 1474 2376 C.

154 2394 194 2426 10
214 2394 329 2424 amissi
348 2405 393 2424 m.
410 2404 469 2435 pr.
489 2395 532 2426 A.
676 2397 790 2439 erant]
811 2397 1007 2428 absentibus
1027 2397 1110 2428 add.
1129 2407 1171 2437 u,
1198 2396 1293 2437 quod
1311 2405 1379 2427 om.
1399 2394 1515 2426 ΑΒΗ
1528 2395 1576 2436 E,
1597 2397 1634 2426 z‘n

152 2444 181 2475 B
200 2454 269 2474 sec.
290 2455 335 2475 m.
358 2447 423 2476 int.
445 2455 537 2476 nors.
554 2449 692 2487 posuit.
834 2447 869 2479 tl
891 2447 977 2488 quod
997 2457 1065 2478 om.
1089 2446 1223 2489 bedf,
1244 2457 1318 2477 cum
1337 2456 1457 2486 m.p1·.
1480 2446 1520 2478 C.

155 2497 195 2529 12
215 2497 482 2528 decucurrerent
500 2498 545 2528 A.
709 2499 868 2541 impetum
887 2509 983 2529 suum
1002 2499 1147 2540 posses.
1312 2497 1352 2529 13
1372 2497 1535 2528 sustineri
1555 2498 1588 2529 A
1603 2499 1635 2530 D

153 2546 211 2588 (E)
226 2547 295 2586 bc,
315 2547 487 2578 sustinere
507 2548 537 2578 B
558 2547 631 2588 Cf.
820 2549 858 2580 16
879 2549 1021 2579 finitima
1041 2549 1190 2581 Vossius
1202 2551 1355 2589 propter
1373 2550 1547 2589 inferiora
1567 2548 1633 2580 sibi

152 2603 352 2641 persuasum
372 2599 554 2630 habebant.
607 2599 678 2631 Sed
695 2600 742 2641 cf.
761 2601 792 2632 b.
811 2601 914 2641 Hz'sp.
934 2601 976 2631 22
990 2624 999 2640 ,
1029 2600 1048 2631 8
1070 2600 1190 2642 ‘neque
1208 2600 1273 2631 sibi
1292 2600 1396 2631 ullam
1415 2610 1507 2641 spem
1526 2599 1635 2631 uicto-

152 2649 224 2681 riae
242 2650 446 2691 propositam
467 2650 617 2681 habere'.
800 2651 839 2683 18
859 2650 957 2693 opus]
978 2653 1195 2693 tempusset
1211 2662 1280 2683 see.
1298 2662 1342 2682 m.
1360 2654 1395 2682 in
1416 2661 1532 2694 marg.
1551 2651 1582 2683 B
1599 2654 1636 2684 et

148 2711 216 2742 pro
236 2711 314 2732 παν.
338 2701 417 2732 leet..
441 2703 525 2732 item
544 2703 578 2731 in
598 2710 715 2741 marg⁴
739 2700 776 2732 C.
917 2701 1037 2743 plenae
1057 2702 1141 2733 AC.
1280 2702 1322 2735 20
1345 2702 1493 2733 timendo
1512 2702 1556 2733 A.

150 2753 190 2786 21
213 2756 248 2784 et
263 2753 306 2786 ‘22
324 2752 467 2784 consilio
486 2751 599 2783 ABD
614 2751 672 2791 (E)
690 2762 725 2792 e,
746 2751 976 2794 conciliofet
992 2762 1040 2784 m.
1058 2762 1127 2783 sec.
1147 2752 1189 2783 B.
1351 2753 1395 2787 22
1413 2763 1487 2784 cum
1506 2753 1537 2784 in
1559 2758 1632 2785 tan—

154 2808 223 2834 tum
246 2803 316 2835 CD
331 2814 360 2836 c.
521 2803 750 2844 opinationem
766 2813 813 2834 m.
829 2813 887 2844 pr.
908 2803 953 2836 A.
1093 2804 1134 2837 25
1154 2803 1345 2847 subportari
1363 2805 1479 2848 Bes.

152 2854 194 2888 26
215 2854 379 2887 eiusmodi
398 2855 598 2887 dicebantur
617 2853 803 2886 sententiae
824 2854 854 2886 b.

1669 1575 1713 1610 20

1667 1912 1711 1946 25
