1835 3240
79 916 117 948 10

78 1255 117 1287 15

72 1934 113 1967 25

74 2273 115 2306 30

690 180 881 223 CAPVT
903 179 1102 223 48—52.
1633 180 1713 222 651

155 300 212 340 les
234 296 397 337 consilia
419 295 578 335 inirent.
610 294 762 336 Horum
785 295 912 336 odium
933 292 1216 334 confirmabant
1232 294 1409 333 nonnulli
1429 294 1638 335 familiares
1659 294 1687 336 2

155 367 265 414 eius,
291 364 380 419 qui,
405 377 490 403 cum
513 363 552 403 in
575 363 638 403 illa
661 364 850 403 societate
873 369 1133 403 uersarentur
1154 361 1401 414 rapinarum,
1429 361 1546 400 nihilo
1570 362 1640 401 mi-

155 446 226 472 nus
248 431 415 472 oderant
436 446 538 481 eum,
564 431 673 471 cuius
696 430 854 470 nomine
876 430 1105 484 peccabant,
1131 429 1282 481 sibique
1305 428 1405 481 quod
1428 436 1640 481 rapuerant

155 506 357 554 acceptum
379 499 621 548 referebant,
640 499 738 551 quod
762 498 1017 538 interciderat
1038 504 1106 537 aut
1127 504 1212 538 erat
1233 495 1526 550 interpellatum
1541 493 1637 535 Cas-

155 567 214 608 sio
247 567 518 620 adsignabant.
564 565 750 619 Quintam
783 566 977 619 legionem
1011 565 1225 605 conscribit
1256 578 1413 604 nouam.
1457 562 1640 616 Augetur
1661 562 1685 602 3

153 636 282 676 odium
312 642 352 675 et
381 648 431 675 ex
454 635 539 688 ipso
563 633 715 674 delectu
738 641 777 674 et
797 640 953 686 sumptu
975 633 1129 673 additae
1152 632 1333 686 legionis.
1379 628 1640 684 Complentur

153 704 327 757 equitum
360 710 405 742 111
426 702 532 742 milia
563 701 823 754 maximisque
856 708 1047 741 ornantur
1076 700 1279 754 inpensis,
1312 713 1383 740 uec
1413 697 1638 753 prouinciae

153 772 267 812 datur
290 771 363 811 ulla
386 770 558 823 requies.
602 768 764 810 Interim
789 770 942 809 litteras
964 768 1115 822 accepit
1136 783 1156 808 a
1180 766 1378 818 Caesare,
1404 774 1447 807 ut
1466 766 1508 806 in
1530 765 1639 806 Afri-
1662 766 1713 810 51

154 854 237 880 cam
271 839 491 879 exercitum
525 838 712 878 traiceret
744 851 888 891 perque
909 835 1193 877 Mauritaniam
1228 836 1275 875 ad
1307 837 1404 876 [ines
1425 834 1639 875 Numidiae

149 907 393 961 perueniret,
419 907 517 959 quod
541 920 682 960 magna
705 903 782 946 Cn.
798 904 985 959 Pompeio
1002 903 1096 944 luha
1119 904 1280 944 miserat
1301 903 1449 944 auxilia
1470 902 1640 942 maiora-

153 989 227 1028 que
249 975 440 1015 missurus
464 973 782 1014 existimabatur.
828 971 980 1025 Quibus
1003 972 1145 1013 litteris
1168 972 1337 1025 acceptis
1360 971 1546 1011 insolenti
1569 984 1638 1010 uo-
1657 970 1685 1011 2

148 1044 297 1096 luptate
319 1042 570 1092 efferebatur,
600 1042 700 1095 quod
724 1040 797 1080 sibi
820 1054 1008 1080 nouarum
1033 1040 1322 1094 prouinciarum
1346 1046 1385 1080 et
1407 1038 1637 1078 fertilissimi

147 1110 262 1165 regni
284 1117 392 1150 tauta
415 1110 543 1150 oblata
566 1116 672 1150 esset
696 1109 876 1149 facultas.
921 1107 1058 1162 Itaque
1080 1109 1164 1162 ipse
1186 1108 1226 1148 in
1248 1106 1497 1147 Lusitaniam
1520 1106 1636 1159 proli-
1658 1104 1683 1145 3

149 1178 313 1219 ciscitur
343 1179 390 1218 ad
413 1178 591 1232 legiones
612 1178 872 1218 arcessendas
896 1176 1121 1230 auxiliaque
1143 1175 1393 1225 adducenda3
1428 1174 1547 1214 certis
1570 1174 1638 1213 ho-

150 1246 318 1287 minibus
350 1247 415 1286 dat
436 1246 634 1299 negotium
650 1278 659 1296 ,
694 1253 733 1286 ut
756 1247 992 1286 frumentum
1016 1258 1217 1297 nauesque
1240 1251 1264 1284 C
1287 1248 1635 1298 praepararentur,

150 1314 418 1369 pecuniaeque
440 1313 760 1355 describerentur
782 1321 898 1367 atque
919 1313 1208 1367 imperarentur
1222 1342 1232 1360 ‚
1267 1325 1315 1352 ne
1339 1326 1414 1365 qua
1435 1325 1499 1351 res
1513 1341 1524 1360 ‚
1550 1323 1637 1349 cum

147 1382 339 1432 redisset,
365 1390 602 1423 moraretur.
646 1380 816 1422 Reditus
840 1382 924 1422 eius
949 1382 1022 1422 fuit
1043 1381 1210 1422 celerior
1233 1379 1402 1420 omnium
1427 1377 1633 1432 opinione:
1658 1375 1685 1416 4

149 1465 228 1491 non
260 1450 507 1498 enimilabor
537 1457 602 1490 aut
633 1449 837 1503 uigilantia
869 1450 1040 1503 cupienti
1072 1448 1303 1504 praesertim
1327 1446 1471 1501 aliquid
1495 1444 1637 1486 Cassio

148 1520 299 1559 deerat.
344 1517 540 1559 Exercitu
568 1526 705 1559 coacto
728 1519 767 1558 iu
791 1533 908 1558 unum
932 1518 1059 1558 locum
1083 1518 1224 1558 castris
1249 1517 1295 1557 ad
1320 1514 1545 1557 Cordubam
1570 1527 1636 1566 po-
1659 1511 1714 1556 52

148 1586 233 1627 sitis
266 1601 335 1641 pro
366 1587 549 1628 contione
579 1587 767 1627 militibus
800 1586 984 1640 exponit,
1018 1600 1114 1640 quas
1137 1599 1203 1626 res
1227 1582 1416 1625 Caesaris
1439 1584 1547 1623 iussu
1570 1594 1638 1634 ge-

146 1668 235 1695 rere
269 1655 454 1703 deberet,
489 1655 770 1709 polliceturque
802 1655 878 1705 iis,
912 1669 996 1695 cum
1028 1655 1069 1694 in
1090 1652 1371 1695 Mauritaniam
1395 1650 1635 1699 traiecisset,

145 1723 350 1763 sestertios
386 1730 574 1764 centenos
606 1738 649 1764 se
679 1724 882 1774 daturum,
917 1723 1091 1777 quintam
1124 1723 1208 1763 fore
1238 1721 1279 1761 in
1302 1719 1493 1774 Hispania
1516 1718 1637 1772 legio-

144 1805 249 1832 nem.
293 1790 360 1831 Ex
391 1791 576 1831 contione
609 1805 652 1831 se
674 1789 898 1831 Cordubam
931 1791 1083 1844 recepit
1113 1803 1238 1843 eoque
1269 1789 1353 1842 ipso
1377 1788 1438 1827 die
1461 1793 1637 1839 tempore
1658 1784 1684 1823 2

145 1858 468 1912 postmeridianO,
494 1874 579 1900 cum
603 1859 642 1900 in
664 1859 864 1900 basilicam
887 1859 977 1909 iret,
1004 1858 1155 1912 quidam
1172 1856 1374 1898 Minucius
1389 1853 1489 1904 Silo,
1515 1853 1638 1893 cliens

145 1925 197 1966 L.
223 1926 370 1977 Racili,
394 1927 582 1976 libellum,
606 1928 714 1980 quasi
738 1927 881 1980 aliquid
904 1927 952 1968 ab
976 1941 1022 1967 eo
1045 1926 1278 1981 postularet,
1299 1932 1342 1965 ut
1362 1924 1475 1964 miles
1499 1922 1534 1962 ei
1559 1929 1636 1961 tra-

148 1995 259 2045 didit,
286 1995 425 2035 deinde
447 2001 536 2048 post
555 1994 748 2035 Racilium
773 1998 881 2047 (nam
905 1996 936 2035 is
958 1996 1062 2035 latus
1086 1992 1202 2035 Cassi
1224 1992 1416 2048 tegebat),
1442 1989 1550 2044 quasi
1575 2002 1638 2028 re-

147 2077 332 2117 sponsum
356 2069 532 2116 peteret,
567 2064 754 2103 celeriter
775 2064 864 2103 dato
888 2063 973 2103 loco
998 2077 1082 2102 cum
1106 2076 1149 2103 se
1171 2062 1440 2109 insinuasset,
1475 2057 1637 2098 sinistra

146 2131 309 2184 corripit
339 2145 496 2171 uersum
531 2132 751 2184 dextraque
783 2130 840 2171 bis
873 2131 963 2171 ferit
985 2130 1168 2184 pugione.
1214 2127 1398 2169 Clamore
1421 2126 1573 2167 sublato
1596 2125 1637 2164 fit
1658 2122 1683 2163 3

149 2214 170 2239 a
193 2199 410 2240 coniuratis
443 2199 609 2254 impetus
631 2199 845 2239 uniuersis.
889 2197 1096 2239 Munatius
1119 2197 1287 2238 Flaccus
1309 2195 1532 2250 proximum
1555 2192 1637 2246 gla-

148 2267 210 2307 dio
234 2267 368 2308 traicit
389 2267 592 2318 lictorem,
629 2267 701 2308 hoc
722 2268 931 2308 interfecto
956 2264 1007 2319 Q.
1034 2264 1217 2307 Cassium
1241 2266 1410 2320 legatum
1434 2262 1631 2303 uulnerat.

286 2418 303 2448 5
323 2416 551 2457 adsignabant
569 2429 602 2449 α.
743 2418 929 2450 conscribit
949 2427 1069 2449 nouam
1089 2427 1109 2448 (ι
1128 2415 1204 2458 (secl
1222 2414 1388 2448 adscribit
1404 2416 1490 2445 ante
1509 2412 1633 2453 eoi-12),

146 2475 263 2497 nouam
284 2469 473 2501 conscribit
490 2470 569 2502 edd.
745 2470 762 2501 6
783 2481 823 2501 ex
844 2480 912 2501 om.
933 2480 953 2501 α
975 2471 991 2501 4
1011 2469 1103 2500 dett.
1279 2467 1407 2498 dilectu
1427 2465 1489 2506 (α)-

147 2517 296 2556 legiones
315 2529 349 2550 α.
482 2521 500 2553 7
521 2521 671 2564 inpensis
690 2532 723 2552 α.
850 2522 870 2552 8
886 2521 1032 2551 dabatur
1051 2521 1081 2550 b.
1213 2518 1230 2550 9
1246 2518 1443 2549 traduceret
1463 2517 1491 2547 b.

143 2565 329 2600 Numediae
348 2573 432 2601 ante
452 2582 544 2604 corr.
564 2583 598 2603 a.
763 2573 800 2605 10
823 2572 900 2603 luba
920 2583 941 2603 α
962 2573 978 2603 b
998 2574 1016 2604 4
1036 2572 1139 2612 dell„
1161 2571 1241 2603 Iuba
1260 2581 1318 2602 rex
1340 2581 1374 2601 ll.
1525 2572 1634 2600 matu-

145 2627 250 2659 ra‘lue
272 2619 302 2650 b.
544 2623 579 2655 lt
602 2622 778 2665 uoluptate
798 2623 926 2662 Aldus,
948 2623 1126 2654 uoluntate
1146 2633 1166 2653 α
1188 2623 1283 2653 ‘'msx.
1300 2619 1490 2662 plerique'.

149 2669 186 2700 15
206 2672 508 2714 praepararentur]
528 2679 809 2715 compararentur
827 2674 858 2704 b.
1085 2674 1123 2706 19
1143 2672 1278 2714 deerat]
1299 2673 1339 2704 de
1359 2682 1398 2703 ea
1418 2681 1437 2702 α
1459 2671 1489 2702 b.

144 2722 186 2753 20
205 2722 367 2753 0οΠοῑῡῦῑὲ
386 2722 451 2763 (ίῑ)-
621 2727 664 2757 22
682 2726 861 2757 sestertios
882 2737 897 2756 c
919 2727 935 2757 b
955 2737 972 2756 e
991 2725 1023 2765 cl,
1045 2725 1285 2757 sestertiorum
1305 2734 1337 2755 α.
1513 2719 1632 2759 Hispa-

145 2773 233 2804 niam
251 2783 283 2803 (ι.
436 2772 477 2805 23
498 2775 660 2807 concione
681 2780 744 2817 (a).
894 2778 937 2809 24
957 2777 1257 2819 postmeridianam
1278 2786 1312 2806 α.
1465 2769 1632 2802 Μίῐῑϋῑὶυὸ

143 2835 164 2855 α
184 2834 218 2864 n,
239 2823 445 2855 Minuturius
467 2824 497 2855 b·
668 2829 710 2859 25
730 2827 841 2859 fluent
860 2838 880 2859 a
902 2828 932 2858 b.
1086 2828 1228 2859 tradidit
1246 2838 1264 2857 a
1285 2829 1317 2856 ει
1339 2823 1470 2862 ‘ti-adn,
1491 2820 1633 2852 tradidit

144 2875 263 2915 mss),
286 2874 391 2906 tradit
408 2875 522 2906 Aldus
541 2885 562 2906 ιι
584 2876 658 2916 (sed
674 2879 758 2910 haec
777 2879 939 2920 transdit,
962 2883 1001 2911 nt
1017 2879 1136 2920 solet).
1278 2878 1319 2909 26
1339 2875 1435 2907 Cassi
1456 2885 1490 2905 a.

287 2927 328 2959 27
347 2930 478 2969 peteret
495 2937 515 2958 α
537 2927 554 2958 b
574 2938 603 2968 e,
623 2928 664 2959 ab
684 2939 721 2960 eo
741 2934 872 2971 peteret
891 2940 926 2961 u.
1099 2941 1135 2961 se
1155 2930 1187 2960 in
1207 2929 1381 2960 sinistram
1401 2930 1529 2968 partem
1549 2924 1630 2956 insi-

147 2983 285 3011 nuasset
304 2978 443 3019 corripit
462 2978 492 3009 I).
641 2979 684 3011 28
704 2990 839 3011 uersum
860 2990 878 3010 α
900 2980 917 3010 b
937 2991 953 3010 c
971 2980 1003 3020 d,
1026 2989 1099 3011 euin
1120 2991 1154 3011 a.
1295 2979 1338 3011 *29
1357 2977 1538 3009 uniuersus
1557 2987 1577 3008 a
1597 2977 1627 3007 b.
