1835 3240
79 153 161 196 330
599 155 673 198 DE
706 155 896 199 BELLO
929 154 1178 200 GALLICO

154 267 213 320 pla
238 274 353 321 atque
377 268 536 319 ssorenS,
561 277 604 310 ut
624 278 683 310 est
705 277 838 323 eaptus
854 268 1157 320 Germanorum,
1183 278 1222 310 et
1240 271 1352 324 paulo
1367 271 1517 325 [quam]
1541 277 1630 311 sunt

157 336 328 376 eiusdem
352 337 509 389 generis
534 338 610 391 [et]
635 338 777 377 ceteris
803 336 1051 376 humaniores
1067 368 1076 386 ,
1103 345 1309 390 propterea
1332 339 1429 391 quod
1451 338 1631 378 Rhenum

155 403 369 456 attingunt,
395 406 634 457 multumque
657 404 702 443 ad
726 417 793 442 eos
816 411 1056 445 mercatores
1080 405 1299 451 0011111001,
1326 413 1364 445 et
1385 406 1456 459 ipsi
1480 412 1637 459 propter

108 468 134 509 4
157 471 482 523 propinquitatem
509 471 647 524 [quod]
673 469 836 510 Gallicis
859 478 949 511 sunt
972 472 1143 511 moribus
1167 472 1399 511 adsuefacti.
1443 472 1527 512 Hos
1551 487 1634 512 cum

155 535 276 577 Sueui
301 538 431 577 multis
454 552 570 590 saepe
584 537 695 577 bellis
719 539 872 591 experti
898 547 1059 593 propter
1080 539 1368 592 amplitudinem
1382 541 1632 592 grauitatem-

157 619 231 657 que
255 605 426 644 ciuitatis
450 605 587 644 finibus
611 606 811 658 expellere
834 622 912 646 non
935 608 1169 660 potuissent,
1196 614 1325 645 tamen
1340 607 1549 660 uectigales
1563 607 1635 647 sibi

108 671 137 715 4
160 673 333 712 fecerunt
359 686 402 710 ac
424 672 543 711 multo
568 673 794 714 humiliores
817 675 1128 727 infirmioresque
1150 675 1401 727 redegerunt.
1437 672 1480 713 In
1503 674 1634 714 eadem

157 754 277 779 causa
299 741 456 779 fuerunt
478 738 662 793 Vsipetes
686 748 725 781 et
748 741 950 791 Tencteri,
977 756 1071 795 quos
1095 756 1209 795 supra
1234 742 1422 788 diximus,
1447 742 1510 794 qui
1533 756 1637 781 com-

110 806 136 847 2
159 807 288 860 plures
320 821 444 846 annos
468 805 685 848 Sueuorum
719 810 796 849 uim
829 810 1124 859 sustinuerunt3
1169 809 1213 849 ad
1257 816 1477 849 extremum
1510 816 1637 849 tamen

159 874 265 928 agris
289 875 442 928 expulsi
468 882 506 914 et
529 876 660 916 multis
683 877 779 916 locis
804 875 1042 917 Germaniae
1065 877 1278 917 triennium
1312 877 1441 929 uagati
1464 877 1510 916 ad
1532 876 1640 916 Rhe-

160 955 250 980 num
277 949 564 994 peruenerunt,
590 958 683 996 quas
706 945 891 998 regiones
913 944 1089 998 Menapii
1114 944 1339 985 incolebant
1361 952 1399 984 et
1421 945 1465 983 ad
1490 951 1640 984 utram-

112 1007 138 1047 3
161 1022 233 1062 que
255 1009 377 1062 ripam
403 1010 571 1050 fluminis
595 1025 727 1064 agros,
754 1013 929 1052 aedilicia
951 1013 1137 1065 uicosque
1161 1012 1378 1061 habebant,
1418 1012 1484 1051 sed
1510 1018 1639 1051 tantae

161 1076 418 1117 multitudinis
441 1078 546 1117 aditu
571 1080 767 1132 perterriti
791 1094 840 1119 ex
865 1081 912 1120 iis
936 1081 1137 1130 aedificiis,
1164 1094 1260 1132 quae
1284 1087 1392 1119 trans
1418 1080 1556 1119 [lumen
1574 1080 1640 1118 ha-

159 1143 350 1193 buerant,
386 1146 707 1200 demigranerunt
737 1154 775 1187 et
807 1148 863 1187 cis
888 1147 1064 1187 Rhenum
1090 1148 1287 1202 dispositis
1311 1148 1515 1201 praesidiis
1539 1146 1639 1187 Ger-

113 1210 139 1250 4
162 1225 297 1251 manos
323 1214 490 1252 transire
514 1215 785 1267 prohibebant.
819 1214 879 1255 Illi
904 1216 1032 1255 onmia
1054 1216 1225 1269 experti,
1251 1230 1334 1255 cum
1350 1229 1475 1267 neque
1497 1215 1643 1254 1110011-

160 1280 323 1320 tendere
348 1288 504 1334 propter
526 1282 694 1335 inopiam
724 1284 880 1323 nauium
913 1297 1038 1335 neque
1071 1284 1168 1323 clam
1204 1283 1372 1323 transire
1395 1289 1555 1336 propter
1578 1296 1644 1321 cu-

162 1347 309 1386 stodias
333 1347 604 1402 Menapiorum
629 1358 803 1404 possent,
831 1352 979 1390 reuerti
1001 1365 1044 1391 se
1065 1351 1103 1390 in
1129 1365 1220 1391 suas
1244 1351 1357 1390 sedes
1381 1350 1644 1403 regionesque

115 1411 139 1452 5
162 1413 447 1455 simulauerunt
479 1424 517 1456 et
551 1419 667 1458 tridui
700 1420 803 1458 uiam
838 1419 1039 1472 progressi
1071 1433 1209 1458 rursus
1242 1425 1499 1458 reuerterunt
1529 1425 1644 1470 atque

163 1482 267 1521 omni
302 1482 373 1522 hoc
405 1483 548 1526 itinere
572 1501 647 1526 una
671 1494 784 1527 110010
807 1487 984 1539 equitatu
1006 1488 1182 1526 confecto
1205 1487 1351 1526 inscios
1374 1487 1644 1540 inopinantes-

116 1547 143 1589 6
165 1564 239 1602 que
259 1548 471 1605 Menapios
495 1562 792 1607 oppresserunt,
818 1556 881 1611 qui
906 1555 951 1594 de
975 1553 1262 1595 Germanorum
1286 1554 1462 1594 discessu
1485 1567 1554 1607 per
1576 1566 1646 1592 ex-

164 1618 382 1671 ploratores
406 1621 597 1661 certiores
630 1623 722 1662 facti
753 1624 838 1663 51110
870 1630 974 1662 1110111
1008 1630 1117 1663 trans
1140 1622 1321 1663 Rhenum
1354 1623 1393 1662 in
1414 1636 1507 1662 suos
1536 1620 1645 1661 uicos

118 1684 144 1724 7
164 1685 495 1739 remigranerant.
541 1689 614 1729 His
637 1690 858 1730 interfectis
884 1691 1126 1742 nauibusque
1150 1705 1284 1730 eorum
1308 1690 1506 1742 occupatis
1522 1720 1532 1738 ,
1568 1688 1645 1742 pri-

163 1766 325 1805 usquam
359 1769 403 1794 ea
436 1770 526 1809 pars
549 1755 850 1811 Menapiorum,
884 1772 981 1811 quae
1014 1759 1111 1798 citra
1143 1757 1323 1797 Rhenum
1357 1764 1467 1806 erat,
1501 1756 1648 1795 certior

165 1820 294 1869 fieret,
320 1822 462 1863 flumen
486 1825 731 1865 transierunt
759 1832 872 1879 atque
903 1826 1080 1865 omnibus
1115 1840 1249 1865 eorum
1271 1825 1459 1865 aediliciis
1483 1837 1648 1877 occupa-

170 1887 218 1928 tis
242 1890 429 1942 reliquam
454 1899 604 1943 partem
627 1892 763 1933 hiemis
786 1908 829 1933 se
852 1907 985 1933 eorum
1011 1894 1132 1947 copiis
1156 1894 1349 1933 aluerunt.

121 1956 144 1972 „-

120 1969 147 1999 ο
281 1956 355 1997 Η15
378 1958 424 1998 (10
448 1959 564 1999 rebus
588 1958 741 2001 Caesar
772 1962 918 2001 certior
949 1963 1075 2001 factus
1099 1969 1136 2001 et
1158 1961 1418 2001 infirmitatem
1444 1958 1648 1999 Gallorum

168 2024 341 2075 ueritus,
375 2027 476 2079 quod
506 2035 599 2068 sunt
619 2028 659 2068 in
683 2029 857 2069 consiliis
881 2029 1078 2084 capiendis
1099 2030 1262 2070 mobiles
1286 2036 1324 2069 et
1346 2028 1460 2068 nouis
1483 2027 1651 2081 plerum-

319 2174 331 2206 1
355 2185 441 2217 quan
462 2182 542 2209 sunt
561 2178 598 2210 C.
620 2178 658 2210 P.
678 2179 720 2211 74
740 2182 776 2210 et
790 2179 942 2211 addend.
1102 2180 1121 2214 2
1142 2178 1188 2220 et]
1209 2182 1287 2209 sunt
1305 2178 1336 2208 b.
1500 2175 1518 2207 3
1538 2173 1651 2205 multi-

172 2234 237 2265 que
256 2234 283 2264 e,
306 2227 402 2267 quod
420 2228 507 2259 Oud.
529 2230 720 2261 secandum
741 2230 859 2272 ‘longe
871 2229 1062 2273 plurz'mos'
1079 2232 1249 2261 mutauit.
1343 2242 1345 2244 ·
1386 2225 1567 2258 uenditant
1583 2235 1651 2255 see.

173 2286 220 2307 m.
241 2278 284 2308 B.
471 2281 491 2312 4
511 2280 654 2312 Gallicis
674 2282 789 2324 om.s.
977 2281 1168 2313 adsuetaeti
1187 2281 1226 2312 B.
1410 2280 1427 2310 5
1447 2277 1653 2318 grauitatem

173 2328 326 2361 ciuitatis
344 2334 542 2371 praemisso
562 2336 629 2365 inl.
650 2345 744 2365 vers.
765 2335 852 2376 ets,
875 2334 1030 2366 ciuitatis
1052 2339 1085 2365 et
1103 2334 1307 2374 grauitatem
1327 2331 1356 2362 b.
1524 2329 1544 2360 8
1564 2328 1654 2359 Ten-

175 2381 284 2413 ctheri
303 2383 354 2423 A,
377 2383 562 2416 Tenchteri
581 2386 611 2416 B
627 2386 752 2425 CDE,
776 2385 1029 2428 Eptencheris.
1271 2382 1463 2424 cumplures
1482 2380 1554 2411 AB
1569 2380 1653 2411 CI).

320 2433 360 2465 10
382 2434 464 2466 loeis
485 2435 686 2467 Germaniae
705 2438 821 2468 ABE
837 2440 889 2477 et,
920 2439 984 2478 qni
1001 2435 1183 2474 Germani,
1201 2434 1248 2475 f,·
1275 2432 1476 2465 Germaniae
1496 2432 1579 2463 locis
1596 2441 1656 2462 ne-

173 2483 360 2524 glegentia
379 2495 411 2516 ll.
553 2488 703 2518 triennio
725 2489 755 2518 b.
899 2488 935 2520 11
958 2486 1004 2529 et]
1026 2487 1056 2517 hi
1079 2486 1204 2526 bedf.
1312 2484 1351 2516 13
1371 2484 1465 2515 aditu
1483 2483 1515 2514 A
1531 2484 1590 2524 (B)
1608 2483 1653 2522 C,

177 2535 329 2566 aduentu
348 2547 364 2566 e
383 2540 420 2568 et
435 2537 512 2568 edd..
535 2542 620 2569 ante
638 2549 675 2578 u,
698 2550 766 2570 om.
789 2539 819 2570 b.
1006 2549 1046 2569 ex
1067 2538 1118 2568 his
1139 2536 1238 2569 codd.
1261 2539 1296 2567 et
1313 2536 1411 2575 edd„
1441 2537 1514 2566 nisi
1528 2535 1623 2576 quod
1641 2536 1658 2566 b

179 2587 230 2618 his
250 2598 318 2620 om.
468 2590 507 2621 14
526 2591 813 2632 demigrarunts,
836 2590 1026 2630 demigrare
1047 2600 1076 2620 e.
1217 2587 1263 2629 et]
1285 2599 1323 2619 eo
1343 2588 1385 2619 D.
1545 2587 1587 2620 20
1607 2598 1663 2629 op-

180 2639 396 2681 presserunt]
417 2647 661 2681 percusserunt
681 2642 718 2673 C.
836 2642 879 2674 22
898 2641 1172 2680 remigrauerunt
1189 2649 1257 2670 see.
1278 2639 1369 2679 nus
1387 2639 1660 2679 (remigauerunt

176 2690 274 2732 pr.),
296 2690 628 2730 transmigrauerant
650 2691 689 2723 C.
845 2691 887 2724 23
906 2701 990 2732 quae
1010 2691 1127 2731 om.s.
1313 2689 1424 2720 cithra
1443 2689 1492 2729 B,
1515 2688 1605 2720 circa
1627 2689 1657 2719 [ι.

307 2740 457 2773 Rhenum
477 2742 532 2783 qui
551 2742 583 2773 in
603 2743 674 2774 suis
693 2742 831 2774 sedibus
851 2747 927 2774 erat
945 2744 1016 2785 ef,
1038 2745 1101 2784 qui
1116 2752 1184 2773 sec.
1204 2753 1250 2773 m.
1272 2752 1357 2784 quae
1371 2752 1440 2784 pro
1459 2742 1514 2784 qui
1532 2742 1660 2781 habet,-

185 2791 335 2823 Rbenum
355 2793 471 2834 quieta
489 2793 522 2824 in
542 2794 612 2825 suis
632 2793 771 2825 sedibus
791 2798 865 2825 erat
884 2803 912 2825 σ.
1053 2793 1097 2828 24
1115 2803 1230 2825 eorum
1250 2803 1318 2825 om.
1340 2793 1371 2825 b.
1525 2792 1568 2824 25
1587 2792 1666 2823 reli-

186 2854 250 2886 qua
268 2849 363 2888 parte
383 2846 400 2877 b
421 2856 449 2878 c.

1666 547 1683 578 5

1672 883 1713 916 10

1680 1897 1722 1931 25
