1835 3240
77 182 158 224 516
638 182 712 224 DE
746 181 934 224 BELLO
967 179 1142 225 CIVILI

75 294 133 339 43
153 295 274 335 iubet.
307 293 410 335 Erat
429 294 722 349 interoppidum
737 293 902 335 Ilerdam
928 301 968 335 et
988 295 1207 348 proximum
1232 296 1384 347 collem,
1410 297 1472 337 ubi
1498 304 1628 337 castra

149 361 332 404 Petreius
354 370 469 417 atque
491 362 680 401 Afranius
705 361 914 411 habebant,
938 362 1128 416 planicies
1151 363 1311 403 circiter
1332 378 1514 417 passuum
1527 372 1624 415 CCC,

101 430 127 470 ‘2
149 438 265 484 atque
287 431 327 470 in
349 432 421 471 hoc
456 431 535 469 sere
566 429 693 468 medio
730 429 856 482 spatio
879 431 1048 470 tumulus
1071 436 1157 470 erat
1177 432 1291 484 paulo
1313 432 1479 483 editior-3
1513 447 1626 485 quem

150 499 182 539 si
199 498 471 552 occupauisset
488 494 639 536 Caesar
660 503 697 536 et
719 497 1014 547 communisset,
1040 498 1086 537 ab
1110 498 1249 551 oppido
1272 504 1310 537 et
1332 506 1447 551 ponte
1469 507 1507 539 et
1524 513 1627 540 com-

149 574 277 607 meatu
300 566 429 614 omni,
463 578 573 617 quem
597 564 637 604 in
660 564 838 618 oppidum
862 565 1134 615 contulerant,
1169 579 1213 605 se
1234 564 1535 606 interclusurum
1558 568 1624 607 ad-

102 633 127 674 3
151 634 349 674 uersarios
373 631 606 672 confidebat.
660 630 746 671 Hoc
777 645 941 685 sperans
971 632 1146 686 legiones
1178 640 1221 671 ΙΙΙ
1247 646 1298 672 ex
1329 633 1471 673 castris
1501 635 1630 675 educit

149 702 311 753 acieque
333 700 370 739 in
394 699 491 739 locis
514 699 665 739 idoneis
687 700 880 739 instructa
902 699 1015 739 unius
1045 700 1212 753 legionis
1235 700 1516 753 antesignanos
1538 715 1629 754 pro-

101 768 126 809 4
149 782 309 808 currere
331 775 447 820 atque
470 781 557 807 eum
582 767 767 806 tumulum
792 780 985 820 occupare
1007 767 1127 807 iubet.
1173 766 1258 820 Qua
1282 782 1326 808 re
1349 768 1504 820 cognita
1526 768 1627 809 cele-

147 837 247 876 riter
268 835 427 888 quaein
450 834 620 874 statione
652 849 722 888 pro
754 834 894 874 castris
925 843 1039 875 erant
1059 836 1202 875 Afrani
1234 836 1416 875 cohortes
1447 835 1629 876 breuiore

100 902 124 941 5
147 903 288 943 itinere
330 902 377 942 ad
412 903 575 942 eundem
610 903 875 956 occupandum
915 902 1041 942 locum
1084 904 1305 943 mittuntur.
1369 901 1631 943 Contenditur

148 971 314 1024 proelio,
339 977 375 1010 et
398 970 497 1024 quod
520 970 626 1023 prius
648 970 686 1010 in
712 971 898 1010 tumulum
923 969 1133 1010 Afraniani
1157 978 1374 1020 uenerant,
1410 971 1534 1011 nostri
1565 984 1629 1011 re-

146 1038 342 1092 pelluntur
362 1045 476 1090 atque
498 1037 584 1077 aliis
607 1037 825 1078 summissis
848 1038 1033 1078 subsidiis
1057 1045 1168 1091 terga
1192 1045 1347 1078 uertere
1370 1052 1490 1091 seque
1511 1039 1558 1078 ad
1576 1038 1628 1078 si-

70 1105 130 1150 44
152 1120 228 1159 gna
250 1106 445 1159 legionum
470 1105 646 1158 recipere
670 1112 878 1159 coguntur.
919 1104 1056 1146 Genus
1079 1113 1166 1146 erat
1186 1120 1339 1160 pugnae
1357 1106 1521 1145 militum
1542 1105 1628 1146 illo-

145 1189 257 1223 rum,
284 1180 325 1213 ut
346 1187 486 1226 magno
509 1173 654 1226 impetu
677 1174 800 1226 primo
824 1181 1130 1227 procurrerent,
1155 1174 1343 1214 audacter
1364 1174 1490 1213 locum
1514 1186 1627 1227 cape-

145 1249 249 1291 rent,
275 1241 433 1280 ordines
455 1254 548 1280 suos
571 1254 647 1279 non
672 1254 909 1294 magnopere
932 1248 1167 1290 seruarent,
1192 1241 1272 1280 rari
1295 1240 1538 1294 dispersique
1561 1255 1630 1294 pu-

97 1308 123 1349 ⁶2
148 1315 337 1358 o‘narent3
363 1308 393 1347 si
417 1314 703 1361 premerentur,
729 1308 864 1361 pedem
879 1309 1027 1347 referre
1047 1315 1085 1348 et
1106 1309 1194 1348 loco
1207 1308 1402 1348 excedere
1420 1322 1496 1348 non
1520 1314 1629 1362 turpe

146 1376 425 1417 existimarent
457 1389 541 1414 cum
564 1373 771 1415 Lusitanis
805 1375 1045 1428 reliquisque
1077 1376 1255 1416 barbaris
1287 1389 1433 1429 genere
1465 1375 1630 1428 quodam

98 1444 123 1485 3
148 1458 301 1500 pugnae
324 1444 565 1494 adsuefacti,
592 1442 691 1496 quod
717 1443 798 1484 sere
820 1444 886 1493 fit,
911 1443 1050 1496 quibus
1075 1444 1237 1497 quisque
1258 1444 1298 1484 in
1320 1443 1417 1483 locis
1437 1443 1546 1483 miles
1568 1442 1629 1483 in-

144 1511 385 1553 ueterauerit
401 1543 412 1562 ,
444 1518 488 1551 ut
515 1511 677 1551 multum
713 1524 845 1551 earum
869 1513 1072 1565 regionum
1097 1512 1382 1552 consuetudine
1404 1517 1623 1551 moueatur.

96 1581 121 1621 4
146 1580 255 1621 Haec
279 1587 357 1620 tum
374 1580 475 1619 ratio
499 1586 657 1619 nostros
670 1578 916 1632 perturbauit
937 1579 1116 1620 insuetos
1140 1580 1255 1620 huius
1275 1579 1433 1634 generis
1450 1591 1626 1632 pugnae:

144 1648 338 1688 circumiri
363 1648 463 1688 enim
487 1661 575 1687 sese
607 1646 653 1686 ab
683 1654 819 1700 aperto
842 1647 967 1687 latere
990 1647 1313 1701 procurrentibus
1336 1647 1501 1700 singulis
1524 1646 1628 1686 arbi-

144 1716 374 1766 trabantur,
399 1715 472 1769 ipsi
496 1722 625 1755 autem
649 1728 741 1754 suos
764 1714 923 1754 ordines
948 1728 1110 1755 seruare
1134 1728 1261 1768 neque
1284 1714 1330 1754 ab
1353 1714 1476 1768 signis
1499 1713 1624 1753 disce-

144 1785 238 1824 dere
260 1797 387 1836 neque
409 1783 492 1822 sine
516 1782 626 1836 graui
660 1796 776 1822 causa
801 1796 885 1822 eum
908 1782 1061 1832 locum,
1094 1797 1206 1836 quem
1241 1788 1449 1836 ceperant,
1485 1780 1628 1821 dimitti

96 1852 120 1892 5
143 1858 381 1892 consuerant
403 1857 598 1904 oportere.
644 1848 780 1902 ltaque
803 1850 1041 1903 perturbatis
1071 1850 1343 1904 antesignanis
1367 1849 1494 1903 legio,
1529 1861 1627 1901 quae

143 1920 183 1960 in
206 1934 253 1960 eo
275 1932 396 1958 cornu
419 1918 680 1967 constiterat,
706 1917 833 1958 locum
858 1932 933 1957 non
957 1918 1081 1958 tenuit
1106 1925 1221 1971 atque
1244 1918 1282 1957 in
1306 1918 1525 1971 proximum
1549 1917 1628 1957 col-

66 1989 122 2034 45
145 1989 218 2029 lem
241 2000 330 2027 sese
351 1985 516 2039 recepit.
561 1982 714 2025 Caesar
743 1999 867 2039 paene
890 1986 994 2025 omni
1017 1985 1100 2026 acic
1123 1986 1331 2039 perterrita
1346 2016 1355 2034 ,
1390 1985 1490 2038 quod
1513 1998 1626 2038 prae-

143 2063 204 2097 ter
225 2055 446 2110 opinionem
470 2053 868 2106 consuetudinemque
892 2053 1116 2103 acciderat,
1142 2053 1369 2093 cohortatus
1392 2066 1484 2093 suos
1506 2052 1628 2105 legio-

288 2204 300 2236 Ι
324 2204 414 2235 inter
432 2203 587 2246 oppidum
608 2203 753 2235 Ilerdam
773 2208 808 2236 et
824 2203 1011 2246 proximum
1031 2204 1153 2236 collem
1173 2203 1419 2242 Vascosanus,
1449 2202 1482 2234 in
1504 2201 1624 2244 oppido

142 2253 252 2286 Ilerda
272 2259 305 2286 et
322 2254 474 2296 proximo
495 2254 580 2285 colle
600 2254 701 2286 codd.
842 2255 863 2287 2
881 2254 1034 2286 Preteius
1054 2259 1156 2296 atque
1176 2253 1308 2285 sranius
1327 2264 1360 2285 α.
1503 2252 1625 2294 ‘plani-

143 2305 214 2337 cies
231 2307 308 2337 sz'ue
326 2305 488 2347 planities
508 2307 579 2336 mei
596 2304 737 2345 omues',
759 2304 903 2347 planitia
921 2315 954 2337 α.
1127 2315 1285 2348 passuum
1305 2316 1373 2337 om.
1394 2315 1428 2346 a,
1449 2304 1569 2346 pedum
1590 2306 1623 2336 b.

285 2359 304 2390 4
324 2356 564 2398 occupauisset
581 2367 601 2388 a
617 2357 648 2397 b,
669 2361 871 2398 occupasset
891 2367 926 2388 u.
1119 2358 1398 2389 communiuisset
1416 2358 1478 2389 ab.

144 2410 161 2440 5
180 2409 373 2440 contulerat
390 2420 425 2440 α.
596 2409 613 2442 7
634 2413 767 2440 structa
785 2408 975 2440 secundum
995 2409 1249 2441 Aclzaz'ntrz'um
1267 2419 1301 2449 α,
1322 2408 1419 2450 quod
1436 2408 1624 2451 cherlz'as

144 2470 214 2492 non
234 2459 375 2499 retulit,
398 2458 670 2499 Oudendorpius
689 2462 724 2490 in
745 2459 880 2490 duobus
899 2459 988 2491 dett.
1009 2461 1161 2490 inuenit.
1326 2461 1346 2492 8
1365 2469 1440 2491 eum
1458 2458 1623 2490 tumulum

143 2522 309 2554 occupare
322 2522 341 2542 α
356 2511 569 2552 Stephanus,
592 2520 759 2552 occupare
778 2521 853 2542 eum
873 2510 1036 2542 tumulum
1050 2514 1187 2542 ceterae
1199 2510 1278 2543 edd.
1420 2510 1438 2542 9
1451 2509 1570 2542 Afrani
1587 2520 1621 2541 α.

285 2563 327 2596 12
346 2557 551 2603 summissis]
571 2562 710 2593 summis
729 2572 749 2593 α
763 2563 794 2594 b.
936 2563 975 2595 17
996 2563 1138 2604 reliquis
1157 2562 1312 2594 barbaris
1333 2563 1363 2594 b.
1508 2562 1547 2594 18
1566 2561 1624 2593 ad-

142 2614 289 2647 suefacti
302 2624 335 2645 α.
455 2613 598 2654 quisque
609 2623 678 2644 om.
692 2622 721 2643 e.
841 2613 872 2644 in
885 2622 954 2644 om.
971 2613 1001 2644 b.
1121 2612 1374 2645 inueterauerit
1391 2623 1411 2644 α
1422 2623 1438 2644 e
1451 2613 1529 2645 edd.
1543 2616 1625 2645 ante

146 2668 274 2700 Graeu.
288 2666 369 2706 alt„
390 2664 599 2696 inueterauit
611 2664 737 2695 Graeu.
754 2663 820 2696 alt.
836 2667 872 2695 et
888 2667 964 2695 sine
981 2666 1217 2696 annotatione
1229 2675 1262 2696 u.
1384 2665 1423 2697 12)
1436 2670 1505 2696 uta
1525 2665 1620 2696 (11153.

142 2722 177 2749 et
194 2717 273 2749 edd.
290 2716 397 2758 qdd.’,
419 2715 468 2746 uti
487 2725 520 2746 u.
662 2713 820 2754 multum]
840 2714 983 2745 militum
1002 2725 1036 2746 α.
1162 2715 1204 2748 20
1225 2720 1293 2746 tum
1313 2715 1413 2754 ede;
1433 2720 1500 2746 tam
1519 2725 1551 2756 a,
1572 2718 1624 2746 ta-

141 2779 215 2801 lnen
228 2779 264 2800 τι.
404 2764 620 2809 pei-turbauit
639 2764 689 2805 (a)
704 2765 720 2795 b
733 2775 749 2794 c
761 2765 821 2804 cle,
844 2765 1020 2806 perturbat
1034 2776 1068 2796 u.
1213 2767 1348 2806 generis
1363 2776 1430 2797 om.
1447 2766 1477 2797 b.

141 2820 185 2853 24
203 2822 411 2851 consuerant
428 2827 504 2859 ego,
525 2819 731 2848 censuerant
749 2815 849 2846 codd.
1030 2821 1209 2858 oportuerc
1229 2821 1312 2849 aule
1331 2827 1424 2849 corr.
1444 2827 1478 2849 α.

143 2872 189 2903 ita
211 2872 241 2903 b.
380 2870 422 2903 25
442 2869 550 2901 locum
569 2867 736 2899 continuit
756 2868 803 2898 ab
817 2877 845 2898 c.
987 2868 1028 2902 2ss
1048 2879 1133 2912 pene
1152 2880 1186 2902 α,

1657 576 1674 607 5

1662 910 1703 943 10

1662 1247 1702 1280 15
