1835 3240
744 168 1169 210 —212—

214 284 360 325 tutiora
400 283 486 323 loca
526 281 768 323 collocatis':
812 281 865 321 ibi
895 287 1004 321 recte
1039 279 1203 334 Lipsius
1235 284 1245 303 ‘
1260 279 1434 321 collatis'
1475 280 1694 334 ponendum

213 354 327 394 dixit.

326 417 376 461 C.
401 417 469 468 40,
495 418 519 458 5
543 418 750 458 manifesto
773 423 955 470 corrupta
977 423 1070 457 sunt
1091 417 1186 457 haec
1208 415 1353 456 uerba:
1392 416 1607 465 ‘nonnulli,
1633 415 1697 468 qui

213 504 261 530 ex
287 486 474 529 Curionis
497 485 646 538 proelio
669 485 769 537 capti
793 485 1091 537 conseruatique
1113 498 1243 537 parem
1267 483 1433 536 gratiam
1453 483 1494 522 in
1516 484 1588 523 fide
1610 497 1698 536 par-

215 557 346 597 tienda
367 560 569 609 praestare
594 552 830 592 uoluerant'.
873 551 978 593 Nam
1001 553 1100 605 quod
1123 550 1425 603 Oudendorpius
1446 548 1583 589 Gallos
1598 548 1700 589 Ger-

213 636 428 678 manosque
450 621 537 660 ideo
560 620 672 659 fidem
694 620 858 672 partitos
882 620 957 660 dici
978 621 1285 674 interpretatur,
1311 619 1399 670 quia
1420 623 1535 656 antea
1558 614 1700 657 Curio-

213 693 269 742 ni,
295 704 398 731 nunc
420 687 599 728 Labieno
622 701 664 727 se
686 687 947 735 addixissent,
974 702 1050 727 non
1080 688 1283 741 partienda
1306 687 1379 725 tide
1400 683 1579 725 Labieno
1611 698 1700 737 gra-

214 760 307 800 tiam
330 763 533 812 praestare
556 761 751 808 poterant,
776 755 843 795 sed
866 757 1151 795 conseruanda.
1194 753 1276 794 Iam
1308 754 1349 793 in
1380 752 1472 792 Par.
1498 766 1580 792 sec.
1605 752 1702 805 legi-

214 835 280 867 tur
303 822 539 879 ‘peruenta',
566 822 677 875 eique
710 823 949 876 ‘partienda'
979 824 1287 876 suprascriptum
1311 829 1385 862 est.
1429 820 1497 860 Ex
1525 820 1592 860 illo
1623 834 1702 860 non

215 892 389 934 dubitaui
411 891 565 931 efficere
589 890 643 929 ‘in
666 891 740 930 fide
762 891 985 931 seruanda'.

331 958 380 1000 C.
406 958 475 1008 41,
499 957 527 999 2
548 958 643 998 haec
666 958 813 1011 scripta
834 965 950 998 sunt:
980 957 1152 1000 ‘Caesar
1170 959 1364 999 instructa
1385 958 1468 998 acie
1491 956 1702 997 secundum

214 1029 368 1069 infimas
399 1026 478 1080 iugi
510 1025 662 1066 radices
692 1026 849 1079 propms
881 1027 1121 1067 munitiones
1154 1026 1298 1066 leniter
1327 1026 1518 1073 accessit,
1550 1025 1705 1078 iamque

215 1096 344 1136 minus
368 1095 472 1134 mille
494 1107 678 1147 passuum
700 1094 747 1133 ab
771 1094 909 1147 oppido
934 1093 1095 1143 Vzitta,
1130 1095 1230 1146 quod
1253 1092 1385 1147 Scipio
1417 1093 1603 1141 tenebat,
1638 1092 1706 1131 ab·

216 1171 331 1204 erant
351 1162 528 1216 legiones
549 1159 741 1209 Iulianae,
767 1175 852 1200 eum
869 1159 1002 1214 Scipio
1026 1162 1192 1209 ueritus,
1217 1175 1266 1201 ne
1289 1162 1466 1214 oppidum
1490 1160 1704 1209 amitteret,

216 1232 320 1273 unde
342 1229 482 1283 aquari
503 1228 740 1280 reliquisque
761 1228 879 1267 rebus
903 1227 1100 1268 subleuari
1132 1229 1216 1268 eius
1252 1229 1454 1268 exercitus
1477 1234 1703 1277 consuerat,

218 1298 369 1340 eductis
392 1296 569 1336 omnihus
601 1295 724 1348 copiis
757 1295 995 1348 quadruplici
1018 1296 1102 1336 acie
1124 1297 1316 1335 instructa
1340 1310 1390 1335 ex
1412 1296 1593 1335 instituto
1615 1309 1704 1344 suo,

218 1367 342 1420 prima
364 1363 538 1417 equestri
568 1362 767 1401 turmatim
799 1362 945 1402 directa
977 1363 1270 1416 elephantisque
1295 1363 1444 1402 turritis
1466 1362 1710 1416 interpositis

219 1433 477 1484 armatisque,
503 1429 700 1483 suppetias
722 1430 780 1469 ire
803 1429 1020 1469 contendit.
1066 1427 1181 1481 Quod
1206 1431 1268 1470 ubi
1292 1429 1443 1471 Caesar
1465 1431 1711 1470 animaduer-

218 1502 291 1549 tit,
323 1499 538 1540 arbitratus
560 1496 788 1551 Scipionem
810 1497 858 1538 ad
880 1497 1140 1538 dimicandum
1162 1505 1339 1553 paratum
1362 1499 1410 1539 ad
1432 1512 1474 1539 se
1496 1505 1605 1538 certo
1628 1498 1712 1538 ani-

220 1584 283 1610 mo
305 1569 444 1610 uenire
466 1567 507 1607 in
529 1580 575 1608 eo
596 1566 699 1617 loeo,
724 1581 800 1622 quo
823 1567 936 1620 paulo
958 1574 1049 1607 ante
1073 1568 1392 1614 commemoraui,
1417 1574 1508 1607 ante
1530 1567 1711 1621 oppidum

222 1637 402 1679 constitit
421 1649 609 1688 suamque
641 1636 763 1675 aciem
796 1635 961 1674 mediam
995 1649 1040 1675 eo
1073 1635 1211 1688 oppido
1234 1635 1361 1683 texit,
1397 1635 1577 1674 dextrum
1617 1633 1711 1674 sini-

225 1714 427 1757 strumque
449 1717 588 1751 cornu,
613 1703 678 1742 ubi
702 1702 898 1755 elephanti
915 1709 1043 1751 erant,
1067 1702 1107 1741 in
1130 1709 1343 1755 conspectu
1366 1702 1713 1756 patentiaduersa-

220 1774 368 1815 riorum
393 1770 624 1811 constituit’.
668 1768 818 1810 Verum
843 1777 1022 1810 extrema
1044 1770 1166 1809 uerba
1188 1784 1265 1810 non
1290 1784 1404 1824 posse
1426 1770 1473 1810 ad
1496 1769 1713 1811 Caesarem

222 1840 364 1882 referri
389 1836 573 1879 Clarkius
596 1837 810 1877 intellexit.
856 1835 1010 1877 Caesar
1031 1839 1133 1878 enim
1156 1852 1280 1891 neque
1311 1838 1450 1891 oppido
1473 1836 1611 1878 Vzitta
1631 1851 1713 1878 me-

224 1909 324 1949 diam
348 1907 471 1947 aciem
495 1912 629 1958 tegere
652 1912 820 1959 poterat,
846 1911 931 1945 cum
955 1906 991 1945 id
1014 1906 1060 1945 ab
1083 1905 1321 1946 aduersariis
1345 1912 1564 1955 teneretur,
1590 1918 1714 1957 neque

226 1977 455 2031 elephantos
478 1982 556 2014 tum
581 1972 761 2021 habebat,
794 1986 861 2013 eos
883 1980 1028 2019 autem,
1054 1987 1151 2025 quos
1173 1988 1208 2013 c.
1233 1973 1303 2023 72,
1329 1973 1352 2014 3
1376 1988 1428 2014 ex
1449 1972 1564 2013 Italia
1585 1980 1715 2013 trans-

228 2052 409 2099 portasse
431 2042 588 2089 dicitur,
614 2048 652 2080 ut
677 2040 818 2081 milites
841 2040 977 2080 hestiis
1001 2048 1295 2090 assuescerent,
1320 2042 1360 2080 in
1381 2043 1505 2081 aciem
1528 2055 1606 2080 non
1623 2040 1716 2081 edu-

227 2113 355 2154 cebat.
388 2109 540 2151 Contra
563 2107 809 2162 etScipionis
822 2108 1018 2162 elephanti
1040 2109 1153 2161 paulo
1176 2116 1267 2148 ante
1290 2109 1584 2148 commemorati
1606 2115 1712 2157 sunt,

229 2188 268 2221 et
290 2194 375 2220 eum
400 2178 538 2232 oppido
571 2190 613 2216 se
645 2177 796 2217 texisse
828 2190 913 2216 cum
945 2177 1031 2230 ipsa
1052 2191 1116 2217 res
1140 2177 1254 2216 docet
1275 2185 1354 2216 tum
1379 2176 1495 2217 uerba
1519 2189 1603 2228 cap.
1630 2189 1713 2226 seq.

230 2250 267 2302 ᾗ.
292 2247 317 2287 3
343 2248 572 2297 ‘hostesque
595 2245 759 2284 mediam
782 2244 906 2284 aciem
929 2258 1039 2284 suam
1063 2245 1202 2298 oppido
1226 2244 1406 2284 texisse'.
1444 2242 1597 2283 Deinde
1618 2255 1712 2294 quac

228 2316 338 2356 initio
363 2327 446 2366 seq.
472 2328 556 2366 cap.
582 2314 788 2366 leguntur:
826 2317 835 2335 ‘
852 2309 953 2352 Cum
983 2313 1061 2352 iam
1092 2326 1212 2366 prope
1241 2312 1334 2351 solis
1358 2326 1542 2351 occasum
1567 2307 1713 2350 Caesal

234 2382 544 2436 expectauisset,
571 2394 697 2433 neque
720 2394 771 2419 ex
794 2393 839 2420 eo
864 2381 949 2421 loco
965 2410 974 2428 ,
1001 2394 1075 2433 quo
1099 2380 1355 2427 constiterat,
1383 2376 1608 2432 Scipionem
1632 2391 1717 2431 pro-

232 2450 342 2505 gredi
366 2449 525 2503 propius
547 2462 590 2488 se
612 2447 957 2488 animaduertisset
972 2448 997 2497 ',
1032 2447 1176 2488 indicio
1199 2455 1291 2487 sunt
1313 2447 1372 2486 hic
1396 2447 1548 2495 locum,
1582 2446 1621 2485 in
1644 2458 1718 2498 quo

233 2518 478 2560 constitisset
500 2513 649 2569 Scipio,
676 2515 796 2555 fuisse
819 2515 1073 2555 declaratum.
1126 2514 1252 2555 Recte
1274 2514 1395 2567 igitur
1418 2511 1580 2553 Clarkio
1603 2525 1717 2566 quae-

234 2588 320 2627 dam
344 2585 540 2626 excidisse
564 2583 645 2623 uisa
668 2589 775 2632 sunt,
799 2583 868 2623 sed
891 2582 1057 2629 errauit,
1082 2583 1182 2634 quod
1202 2583 1239 2622 id
1261 2589 1350 2622 ante
1374 2582 1492 2622 uerba
1518 2582 1573 2621 ‘in
1596 2595 1642 2621 eo
1664 2580 1700 2620 lo

235 2669 306 2704 co,
341 2667 416 2706 quo
449 2651 562 2705 paulo
593 2657 684 2690 ante
708 2648 1031 2690 commemoraui’
1061 2652 1203 2689 factum
1236 2649 1399 2702 putauit.
1444 2648 1506 2689 De
1536 2645 1706 2701 Scipion‘

235 2722 337 2762 enim
362 2720 458 2761 nihil
480 2718 668 2759 eiusmodi
691 2725 1031 2757 commemoratum
1054 2724 1163 2757 erat:
1195 2724 1233 2758 et
1253 2719 1480 2758 referuntur
1499 2716 1565 2757 illa
1587 2715 1633 2755 ad
1656 2728 1703 2755 su

235 2789 391 2844 periora
416 2786 586 2839 ‘iamque
608 2784 736 2825 minus
758 2785 862 2825 mille
884 2799 1066 2838 passuum
1088 2784 1136 2824 ab
1159 2785 1296 2839 oppido
1320 2784 1478 2834 Vzitta,
1513 2783 1613 2837 quod
1636 2779 1702 2822 Sci

237 2858 299 2907 pio
322 2855 495 2906 tenebat,
520 2853 681 2894 aberant
705 2852 881 2906 legiones
902 2850 1114 2893 Iulianae'.
1159 2851 1294 2906 Itaque
1310 2884 1319 2902 ,
1355 2866 1454 2905 quae
1488 2852 1548 2893 hic
1571 2849 1720 2891 deside>
