<?xml version="1.0" encoding="UTF-8"?>
<!DOCTYPE html PUBLIC "-//W3C//DTD XHTML 1.0 Transitional//EN"
    "http://www.w3.org/TR/xhtml1/DTD/xhtml1-transitional.dtd">
<html xmlns="http://www.w3.org/1999/xhtml" xml:lang="en" lang="en">
 <head>
  <title>
</title>
<meta http-equiv="Content-Type" content="text/html;charset=utf-8" />
  <meta name='ocr-system' content='tesseract 3.04.00' />
  <meta name='ocr-capabilities' content='ocr_page ocr_carea ocr_par ocr_line ocrx_word'/>
</head>
<body>
  <div class='ocr_page' id='page_1' title='image "./commentarii00caesuoft_0244.png"; bbox 0 0 1835 3240; ppageno 0'>
   <div class='ocr_carea' id='block_1_1' title="bbox 711 159 1138 202">
    <p class='ocr_par' dir='ltr' id='par_1_1' title="bbox 711 159 1138 202">
     <span class='ocr_line' id='line_1_1' title="bbox 711 159 1138 202; baseline -0.007 0"><span class='ocrx_word' id='word_1_1' title='bbox 711 159 1138 202; x_wconf 76' lang='lat'><strong>——234—</strong></span> 
     </span>
    </p>
   </div>
   <div class='ocr_carea' id='block_1_2' title="bbox 178 272 1683 2901">
    <p class='ocr_par' dir='ltr' id='par_1_2' title="bbox 178 272 1676 1814">
     <span class='ocr_line' id='line_1_2' title="bbox 181 272 1664 328; baseline -0.002 -13"><span class='ocrx_word' id='word_1_2' title='bbox 181 282 352 315; x_wconf 87' lang='lat' dir='ltr'>strorum</span> <span class='ocrx_word' id='word_1_3' title='bbox 367 305 378 324; x_wconf 93' lang='lat'>,</span> <span class='ocrx_word' id='word_1_4' title='bbox 415 274 507 328; x_wconf 90' lang='lat' dir='ltr'>[qui]</span> <span class='ocrx_word' id='word_1_5' title='bbox 541 273 614 314; x_wconf 83' lang='lat' dir='ltr'>etsi</span> <span class='ocrx_word' id='word_1_6' title='bbox 635 273 826 314; x_wconf 83' lang='lat' dir='ltr'>inferiore</span> <span class='ocrx_word' id='word_1_7' title='bbox 848 274 936 313; x_wconf 89' lang='lat' dir='ltr'>loco</span> <span class='ocrx_word' id='word_1_8' title='bbox 959 273 1252 326; x_wconf 76' lang='lat' dir='ltr'>premebantur,</span> <span class='ocrx_word' id='word_1_9' title='bbox 1277 280 1407 314; x_wconf 82' lang='lat' dir='ltr'>tamen</span> <span class='ocrx_word' id='word_1_10' title='bbox 1429 272 1574 326; x_wconf 90' lang='lat' dir='ltr'>repulsi</span> <span class='ocrx_word' id='word_1_11' title='bbox 1598 273 1664 312; x_wconf 84' lang='lat' dir='ltr'>ad-</span> 
     </span>
     <span class='ocr_line' id='line_1_3' title="bbox 180 340 1661 395; baseline -0.002 -13"><span class='ocrx_word' id='word_1_12' title='bbox 180 342 349 383; x_wconf 87' lang='lat' dir='ltr'>uersarii</span> <span class='ocrx_word' id='word_1_13' title='bbox 371 342 469 382; x_wconf 92' lang='lat' dir='ltr'>bene</span> <span class='ocrx_word' id='word_1_14' title='bbox 492 341 624 381; x_wconf 87' lang='lat' dir='ltr'>multis</span> <span class='ocrx_word' id='word_1_15' title='bbox 646 340 877 380; x_wconf 87' lang='lat' dir='ltr'>uulneribus</span> <span class='ocrx_word' id='word_1_16' title='bbox 902 341 1032 381; x_wconf 84' lang='lat' dir='ltr'>affecti</span> <span class='ocrx_word' id='word_1_17' title='bbox 1053 342 1094 381; x_wconf 92' lang='lat' dir='ltr'>in</span> <span class='ocrx_word' id='word_1_18' title='bbox 1116 341 1293 395; x_wconf 89' lang='lat' dir='ltr'>oppidum</span> <span class='ocrx_word' id='word_1_19' title='bbox 1317 354 1359 380; x_wconf 92' lang='lat' dir='ltr'>se</span> <span class='ocrx_word' id='word_1_20' title='bbox 1382 340 1661 380; x_wconf 84' lang='lat' dir='ltr'>contulerunt&#39;.</span> 
     </span>
     <span class='ocr_line' id='line_1_4' title="bbox 181 408 1665 462; baseline -0.002 -13"><span class='ocrx_word' id='word_1_21' title='bbox 181 408 256 449; x_wconf 91' lang='lat' dir='ltr'>Hic</span> <span class='ocrx_word' id='word_1_22' title='bbox 279 410 378 462; x_wconf 92' lang='lat' dir='ltr'>quod</span> <span class='ocrx_word' id='word_1_23' title='bbox 411 409 450 448; x_wconf 88' lang='lat' dir='ltr'>in</span> <span class='ocrx_word' id='word_1_24' title='bbox 481 409 592 450; x_wconf 88' lang='lat' dir='ltr'>codd.</span> <span class='ocrx_word' id='word_1_25' title='bbox 619 408 804 461; x_wconf 88' lang='lat' dir='ltr'>scriptum</span> <span class='ocrx_word' id='word_1_26' title='bbox 837 415 897 449; x_wconf 83' lang='lat' dir='ltr'>est</span> <span class='ocrx_word' id='word_1_27' title='bbox 932 409 983 449; x_wconf 74' lang='lat' dir='ltr'>‘l-</span> <span class='ocrx_word' id='word_1_28' title='bbox 1009 424 1096 449; x_wconf 90' lang='lat' dir='ltr'>cum</span> <span class='ocrx_word' id='word_1_29' title='bbox 1119 408 1385 462; x_wconf 76' lang='lat' dir='ltr'>eruptionem&#39;</span> <span class='ocrx_word' id='word_1_30' title='bbox 1410 415 1504 448; x_wconf 82' lang='lat' dir='ltr'>cett.</span> <span class='ocrx_word' id='word_1_31' title='bbox 1523 439 1533 457; x_wconf 97' lang='lat'>,</span> <span class='ocrx_word' id='word_1_32' title='bbox 1565 408 1665 447; x_wconf 87' lang='lat' dir='ltr'>idem</span> 
     </span>
     <span class='ocr_line' id='line_1_5' title="bbox 180 473 1666 526; baseline -0.002 -10"><span class='ocrx_word' id='word_1_33' title='bbox 180 478 361 517; x_wconf 91' lang='lat' dir='ltr'>mendum</span> <span class='ocrx_word' id='word_1_34' title='bbox 383 477 501 517; x_wconf 87' lang='lat' dir='ltr'>etiam</span> <span class='ocrx_word' id='word_1_35' title='bbox 523 477 561 515; x_wconf 85' lang='lat' dir='ltr'>b.</span> <span class='ocrx_word' id='word_1_36' title='bbox 588 476 676 515; x_wconf 74' lang='lat' dir='ltr'>Afr.</span> <span class='ocrx_word' id='word_1_37' title='bbox 701 474 770 525; x_wconf 80' lang='lat'>87,</span> <span class='ocrx_word' id='word_1_38' title='bbox 803 475 827 516; x_wconf 87' lang='lat'><strong>3</strong></span> <span class='ocrx_word' id='word_1_39' title='bbox 860 476 1076 526; x_wconf 90' lang='lat' dir='ltr'>inuenitur,</span> <span class='ocrx_word' id='word_1_40' title='bbox 1110 484 1150 517; x_wconf 88' lang='lat' dir='ltr'>et</span> <span class='ocrx_word' id='word_1_41' title='bbox 1179 477 1216 516; x_wconf 95' lang='lat' dir='ltr'>b.</span> <span class='ocrx_word' id='word_1_42' title='bbox 1252 476 1330 515; x_wconf 82' lang='lat' dir='ltr'>ciu.</span> <span class='ocrx_word' id='word_1_43' title='bbox 1362 473 1425 524; x_wconf 86' lang='grc' dir='ltr'>ΙῘ,</span> <span class='ocrx_word' id='word_1_44' title='bbox 1458 475 1536 522; x_wconf 84' lang='grc'>41,</span> <span class='ocrx_word' id='word_1_45' title='bbox 1569 475 1595 513; x_wconf 86' lang='grc'>4</span> <span class='ocrx_word' id='word_1_46' title='bbox 1626 475 1666 514; x_wconf 89' lang='lat' dir='ltr'>iu</span> 
     </span>
     <span class='ocr_line' id='line_1_6' title="bbox 178 541 1667 596; baseline -0.003 -12"><span class='ocrx_word' id='word_1_47' title='bbox 178 543 275 585; x_wconf 85' lang='lat' dir='ltr'>Par.</span> <span class='ocrx_word' id='word_1_48' title='bbox 302 558 381 585; x_wconf 88' lang='lat' dir='ltr'>sec.</span> <span class='ocrx_word' id='word_1_49' title='bbox 406 544 554 596; x_wconf 85' lang='lat' dir='ltr'>legitur</span> <span class='ocrx_word' id='word_1_50' title='bbox 578 543 662 582; x_wconf 90' lang='lat' dir='ltr'>‘sed</span> <span class='ocrx_word' id='word_1_51' title='bbox 686 543 724 582; x_wconf 86' lang='lat' dir='ltr'>hi</span> <span class='ocrx_word' id='word_1_52' title='bbox 746 551 860 583; x_wconf 84' lang='lat' dir='ltr'>erant</span> <span class='ocrx_word' id='word_1_53' title='bbox 881 558 1042 585; x_wconf 89' lang='lat' dir='ltr'>numero</span> <span class='ocrx_word' id='word_1_54' title='bbox 1066 542 1152 594; x_wconf 84' lang='lat' dir='ltr'>CC,</span> <span class='ocrx_word' id='word_1_55' title='bbox 1189 543 1329 595; x_wconf 77' lang='lat' dir='ltr'>reliqui</span> <span class='ocrx_word' id='word_1_56' title='bbox 1352 543 1389 581; x_wconf 88' lang='lat' dir='ltr'>in</span> <span class='ocrx_word' id='word_1_57' title='bbox 1413 542 1554 582; x_wconf 88' lang='lat' dir='ltr'>itinere</span> <span class='ocrx_word' id='word_1_58' title='bbox 1576 541 1667 581; x_wconf 86' lang='lat' dir='ltr'>sub-</span> 
     </span>
     <span class='ocr_line' id='line_1_7' title="bbox 178 608 1668 665; baseline -0.003 -14"><span class='ocrx_word' id='word_1_59' title='bbox 178 611 377 651; x_wconf 85' lang='lat' dir='ltr'>stiterant.</span> <span class='ocrx_word' id='word_1_60' title='bbox 420 608 471 649; x_wconf 90' lang='lat' dir='ltr'>L.</span> <span class='ocrx_word' id='word_1_61' title='bbox 506 609 557 649; x_wconf 84' lang='lat' dir='ltr'>Hi</span> <span class='ocrx_word' id='word_1_62' title='bbox 590 625 871 664; x_wconf 79' lang='lat' dir='ltr'>quamcumque</span> <span class='ocrx_word' id='word_1_63' title='bbox 899 612 939 650; x_wconf 88' lang='lat' dir='ltr'>in</span> <span class='ocrx_word' id='word_1_64' title='bbox 970 618 1118 665; x_wconf 71' lang='lat' dir='ltr'>partem</span> <span class='ocrx_word' id='word_1_65' title='bbox 1147 611 1331 664; x_wconf 74' lang='lat' dir='ltr'>impetum</span> <span class='ocrx_word' id='word_1_66' title='bbox 1358 609 1568 658; x_wconf 73' lang='lat' dir='ltr'>fecerant⁷,</span> <span class='ocrx_word' id='word_1_67' title='bbox 1603 608 1668 661; x_wconf 87' lang='lat' dir='ltr'>qui</span> 
     </span>
     <span class='ocr_line' id='line_1_8' title="bbox 180 676 1667 733; baseline -0.003 -15"><span class='ocrx_word' id='word_1_68' title='bbox 180 685 312 718; x_wconf 83' lang='lat' dir='ltr'>tamen</span> <span class='ocrx_word' id='word_1_69' title='bbox 333 678 441 718; x_wconf 88' lang='lat' dir='ltr'>locus</span> <span class='ocrx_word' id='word_1_70' title='bbox 465 677 579 718; x_wconf 88' lang='lat' dir='ltr'>docet</span> <span class='ocrx_word' id='word_1_71' title='bbox 601 679 638 718; x_wconf 89' lang='lat' dir='ltr'>b.</span> <span class='ocrx_word' id='word_1_72' title='bbox 664 678 752 718; x_wconf 83' lang='lat' dir='ltr'>Afr.</span> <span class='ocrx_word' id='word_1_73' title='bbox 785 678 855 729; x_wconf 84' lang='lat'>87,</span> <span class='ocrx_word' id='word_1_74' title='bbox 887 678 910 718; x_wconf 86' lang='lat'><strong>3</strong></span> <span class='ocrx_word' id='word_1_75' title='bbox 935 687 973 719; x_wconf 86' lang='lat' dir='ltr'>et</span> <span class='ocrx_word' id='word_1_76' title='bbox 994 680 1032 719; x_wconf 91' lang='lat' dir='ltr'>b.</span> <span class='ocrx_word' id='word_1_77' title='bbox 1058 679 1173 733; x_wconf 89' lang='lat' dir='ltr'>Hisp.</span> <span class='ocrx_word' id='word_1_78' title='bbox 1203 678 1276 727; x_wconf 80' lang='lat'>12,</span> <span class='ocrx_word' id='word_1_79' title='bbox 1311 677 1335 718; x_wconf 85' lang='lat'>5</span> <span class='ocrx_word' id='word_1_80' title='bbox 1352 708 1362 727; x_wconf 91' lang='lat'>,</span> <span class='ocrx_word' id='word_1_81' title='bbox 1397 692 1470 730; x_wconf 87' lang='lat' dir='ltr'>quo</span> <span class='ocrx_word' id='word_1_82' title='bbox 1503 677 1549 716; x_wconf 91' lang='lat' dir='ltr'>de</span> <span class='ocrx_word' id='word_1_83' title='bbox 1582 676 1667 715; x_wconf 87' lang='lat' dir='ltr'>loco</span> 
     </span>
     <span class='ocr_line' id='line_1_9' title="bbox 180 745 1668 801; baseline -0.001 -16"><span class='ocrx_word' id='word_1_84' title='bbox 180 746 348 799; x_wconf 83' lang='lat' dir='ltr'>agimus,</span> <span class='ocrx_word' id='word_1_85' title='bbox 374 759 453 784; x_wconf 93' lang='lat' dir='ltr'>non</span> <span class='ocrx_word' id='word_1_86' title='bbox 478 745 549 795; x_wconf 69' lang='lat' dir='ltr'>&lt;ii&#39;,</span> <span class='ocrx_word' id='word_1_87' title='bbox 576 753 617 785; x_wconf 89' lang='lat' dir='ltr'>nt</span> <span class='ocrx_word' id='word_1_88' title='bbox 638 746 782 796; x_wconf 86' lang='lat' dir='ltr'>editur,</span> <span class='ocrx_word' id='word_1_89' title='bbox 807 747 874 787; x_wconf 90' lang='lat' dir='ltr'>sed</span> <span class='ocrx_word' id='word_1_90' title='bbox 901 747 969 786; x_wconf 82' lang='lat' dir='ltr'>‘bi&#39;</span> <span class='ocrx_word' id='word_1_91' title='bbox 993 748 1212 801; x_wconf 89' lang='lat' dir='ltr'>ponendum</span> <span class='ocrx_word' id='word_1_92' title='bbox 1237 746 1385 795; x_wconf 88' lang='lat' dir='ltr'>fuisse,</span> <span class='ocrx_word' id='word_1_93' title='bbox 1411 745 1511 798; x_wconf 83' lang='lat' dir='ltr'>quod</span> <span class='ocrx_word' id='word_1_94' title='bbox 1535 758 1604 797; x_wconf 88' lang='lat' dir='ltr'>per</span> <span class='ocrx_word' id='word_1_95' title='bbox 1625 756 1668 783; x_wconf 88' lang='lat' dir='ltr'>se</span> 
     </span>
     <span class='ocr_line' id='line_1_10' title="bbox 180 810 1670 867; baseline -0.003 -14"><span class='ocrx_word' id='word_1_96' title='bbox 180 813 306 866; x_wconf 85' lang='lat' dir='ltr'>ipsum</span> <span class='ocrx_word' id='word_1_97' title='bbox 329 826 481 866; x_wconf 91' lang='lat' dir='ltr'>quoque</span> <span class='ocrx_word' id='word_1_98' title='bbox 503 814 740 866; x_wconf 81' lang='lat' dir='ltr'>probabilius</span> <span class='ocrx_word' id='word_1_99' title='bbox 765 821 840 854; x_wconf 83' lang='lat' dir='ltr'>est.</span> <span class='ocrx_word' id='word_1_100' title='bbox 883 813 1035 855; x_wconf 81' lang='lat' dir='ltr'>Deinde</span> <span class='ocrx_word' id='word_1_101' title='bbox 1061 814 1169 867; x_wconf 78' lang='lat' dir='ltr'>‘qui&#39;,</span> <span class='ocrx_word' id='word_1_102' title='bbox 1195 815 1295 867; x_wconf 92' lang='lat' dir='ltr'>quod</span> <span class='ocrx_word' id='word_1_103' title='bbox 1319 819 1410 853; x_wconf 86' lang='lat' dir='ltr'>ante</span> <span class='ocrx_word' id='word_1_104' title='bbox 1435 810 1539 851; x_wconf 81' lang='lat' dir='ltr'>‘etsi&#39;</span> <span class='ocrx_word' id='word_1_105' title='bbox 1572 810 1670 864; x_wconf 85' lang='lat' dir='ltr'>legi-</span> 
     </span>
     <span class='ocr_line' id='line_1_11' title="bbox 183 878 1671 935; baseline -0.001 -15"><span class='ocrx_word' id='word_1_106' title='bbox 183 888 274 930; x_wconf 92' lang='lat' dir='ltr'>tur,</span> <span class='ocrx_word' id='word_1_107' title='bbox 308 888 414 920; x_wconf 88' lang='lat' dir='ltr'>recte</span> <span class='ocrx_word' id='word_1_108' title='bbox 435 878 618 935; x_wconf 74' lang='lat' dir='ltr'>Scaliger</span> <span class='ocrx_word' id='word_1_109' title='bbox 639 882 851 922; x_wconf 87' lang='lat' dir='ltr'>tollendum</span> <span class='ocrx_word' id='word_1_110' title='bbox 876 882 1136 935; x_wconf 83' lang='lat' dir='ltr'>significauit,</span> <span class='ocrx_word' id='word_1_111' title='bbox 1173 883 1239 922; x_wconf 83' lang='lat' dir='ltr'>sed</span> <span class='ocrx_word' id='word_1_112' title='bbox 1263 882 1365 921; x_wconf 74' lang='lat' dir='ltr'>idem</span> <span class='ocrx_word' id='word_1_113' title='bbox 1400 881 1503 920; x_wconf 88' lang='lat' dir='ltr'>ultra</span> <span class='ocrx_word' id='word_1_114' title='bbox 1533 892 1671 919; x_wconf 87' lang='lat' dir='ltr'>neces-</span> 
     </span>
     <span class='ocr_line' id='line_1_12' title="bbox 179 945 1671 999; baseline -0.001 -12"><span class='ocrx_word' id='word_1_115' title='bbox 179 948 335 988; x_wconf 86' lang='lat' dir='ltr'>sitatem</span> <span class='ocrx_word' id='word_1_116' title='bbox 359 949 475 988; x_wconf 88' lang='lat' dir='ltr'>etiam</span> <span class='ocrx_word' id='word_1_117' title='bbox 498 949 661 988; x_wconf 85' lang='lat' dir='ltr'>alterum</span> <span class='ocrx_word' id='word_1_118' title='bbox 688 950 845 989; x_wconf 68' lang='lat' dir='ltr'>‘tamen&#39;</span> <span class='ocrx_word' id='word_1_119' title='bbox 870 957 909 990; x_wconf 86' lang='lat' dir='ltr'>et</span> <span class='ocrx_word' id='word_1_120' title='bbox 933 950 1181 991; x_wconf 79' lang='lat' dir='ltr'>‘aduersarii&#39;</span> <span class='ocrx_word' id='word_1_121' title='bbox 1206 949 1326 989; x_wconf 84' lang='lat' dir='ltr'>deleri</span> <span class='ocrx_word' id='word_1_122' title='bbox 1350 948 1520 988; x_wconf 87' lang='lat' dir='ltr'>uolebat.</span> <span class='ocrx_word' id='word_1_123' title='bbox 1555 945 1671 999; x_wconf 80' lang='lat' dir='ltr'>Quod</span> 
     </span>
     <span class='ocr_line' id='line_1_13' title="bbox 180 1013 1672 1070; baseline -0.001 -15"><span class='ocrx_word' id='word_1_124' title='bbox 180 1029 276 1056; x_wconf 91' lang='lat' dir='ltr'>uero</span> <span class='ocrx_word' id='word_1_125' title='bbox 310 1013 473 1056; x_wconf 85' lang='lat' dir='ltr'>Clarkio</span> <span class='ocrx_word' id='word_1_126' title='bbox 496 1022 584 1069; x_wconf 82' lang='lat' dir='ltr'>post</span> <span class='ocrx_word' id='word_1_127' title='bbox 608 1016 718 1069; x_wconf 80' lang='lat' dir='ltr'>‘qui&#39;</span> <span class='ocrx_word' id='word_1_128' title='bbox 747 1020 933 1070; x_wconf 77' lang='lat' dir='ltr'>quaedam</span> <span class='ocrx_word' id='word_1_129' title='bbox 957 1019 1153 1058; x_wconf 78' lang='lat' dir='ltr'>excidisse</span> <span class='ocrx_word' id='word_1_130' title='bbox 1176 1018 1256 1057; x_wconf 89' lang='lat' dir='ltr'>uisa</span> <span class='ocrx_word' id='word_1_131' title='bbox 1282 1024 1395 1066; x_wconf 86' lang='lat' dir='ltr'>sunt,</span> <span class='ocrx_word' id='word_1_132' title='bbox 1429 1030 1513 1055; x_wconf 84' lang='lat' dir='ltr'>eam</span> <span class='ocrx_word' id='word_1_133' title='bbox 1545 1014 1672 1068; x_wconf 87' lang='lat' dir='ltr'>suspi-</span> 
     </span>
     <span class='ocr_line' id='line_1_14' title="bbox 180 1084 1672 1139; baseline -0.001 -16"><span class='ocrx_word' id='word_1_134' title='bbox 180 1084 332 1124; x_wconf 80' lang='lat' dir='ltr'>cionem</span> <span class='ocrx_word' id='word_1_135' title='bbox 355 1084 416 1124; x_wconf 87' lang='lat' dir='ltr'>hic</span> <span class='ocrx_word' id='word_1_136' title='bbox 440 1098 518 1123; x_wconf 91' lang='lat' dir='ltr'>non</span> <span class='ocrx_word' id='word_1_137' title='bbox 539 1084 776 1125; x_wconf 83' lang='lat' dir='ltr'>admiserim.</span> <span class='ocrx_word' id='word_1_138' title='bbox 837 1084 997 1125; x_wconf 79' lang='lat' dir='ltr'>Etenim</span> <span class='ocrx_word' id='word_1_139' title='bbox 1013 1117 1022 1134; x_wconf 93' lang='lat'>,</span> <span class='ocrx_word' id='word_1_140' title='bbox 1059 1087 1158 1139; x_wconf 89' lang='lat' dir='ltr'>quod</span> <span class='ocrx_word' id='word_1_141' title='bbox 1182 1100 1203 1125; x_wconf 86' lang='lat' dir='ltr'>a</span> <span class='ocrx_word' id='word_1_142' title='bbox 1226 1085 1330 1125; x_wconf 88' lang='lat' dir='ltr'>nullo</span> <span class='ocrx_word' id='word_1_143' title='bbox 1355 1084 1672 1124; x_wconf 83' lang='lat' dir='ltr'>animaduersum</span> 
     </span>
     <span class='ocr_line' id='line_1_15' title="bbox 180 1151 1673 1206; baseline -0.001 -15"><span class='ocrx_word' id='word_1_144' title='bbox 180 1151 326 1191; x_wconf 87' lang='lat' dir='ltr'>mirere</span> <span class='ocrx_word' id='word_1_145' title='bbox 342 1183 352 1202; x_wconf 95' lang='lat'>,</span> <span class='ocrx_word' id='word_1_146' title='bbox 385 1153 631 1192; x_wconf 87' lang='lat' dir='ltr'>manifestum</span> <span class='ocrx_word' id='word_1_147' title='bbox 664 1159 725 1192; x_wconf 86' lang='lat' dir='ltr'>est</span> <span class='ocrx_word' id='word_1_148' title='bbox 745 1153 835 1192; x_wconf 85' lang='lat' dir='ltr'>iude</span> <span class='ocrx_word' id='word_1_149' title='bbox 858 1167 880 1192; x_wconf 86' lang='lat' dir='ltr'>a</span> <span class='ocrx_word' id='word_1_150' title='bbox 902 1154 1033 1193; x_wconf 88' lang='lat' dir='ltr'>uerbis</span> <span class='ocrx_word' id='word_1_151' title='bbox 1069 1152 1145 1193; x_wconf 78' lang='lat' dir='ltr'>‘Hi</span> <span class='ocrx_word' id='word_1_152' title='bbox 1167 1168 1252 1193; x_wconf 88' lang='lat' dir='ltr'>cum</span> <span class='ocrx_word' id='word_1_153' title='bbox 1276 1153 1517 1206; x_wconf 76' lang='lat' dir='ltr'>eruptionem</span> <span class='ocrx_word' id='word_1_154' title='bbox 1541 1153 1673 1191; x_wconf 85' lang='lat' dir='ltr'>facere</span> 
     </span>
     <span class='ocr_line' id='line_1_16' title="bbox 182 1219 1674 1274; baseline 0 -15"><span class='ocrx_word' id='word_1_155' title='bbox 182 1219 428 1273; x_wconf 81' lang='lat' dir='ltr'>coepissent⁷</span> <span class='ocrx_word' id='word_1_156' title='bbox 460 1220 674 1260; x_wconf 87' lang='lat' dir='ltr'>immutatis</span> <span class='ocrx_word' id='word_1_157' title='bbox 707 1221 860 1273; x_wconf 89' lang='lat' dir='ltr'>paulum</span> <span class='ocrx_word' id='word_1_158' title='bbox 894 1221 1024 1261; x_wconf 90' lang='lat' dir='ltr'>uerbis</span> <span class='ocrx_word' id='word_1_159' title='bbox 1054 1228 1093 1261; x_wconf 87' lang='lat' dir='ltr'>et</span> <span class='ocrx_word' id='word_1_160' title='bbox 1114 1222 1237 1261; x_wconf 86' lang='lat' dir='ltr'>forma</span> <span class='ocrx_word' id='word_1_161' title='bbox 1259 1221 1451 1261; x_wconf 88' lang='lat' dir='ltr'>orationis</span> <span class='ocrx_word' id='word_1_162' title='bbox 1473 1221 1587 1274; x_wconf 86' lang='lat' dir='ltr'>plane</span> <span class='ocrx_word' id='word_1_163' title='bbox 1609 1234 1674 1260; x_wconf 87' lang='lat' dir='ltr'>ea-</span> 
     </span>
     <span class='ocr_line' id='line_1_17' title="bbox 182 1287 1674 1341; baseline 0 -15"><span class='ocrx_word' id='word_1_164' title='bbox 182 1287 268 1327; x_wconf 90' lang='lat' dir='ltr'>dem</span> <span class='ocrx_word' id='word_1_165' title='bbox 293 1287 392 1337; x_wconf 92' lang='lat' dir='ltr'>dici,</span> <span class='ocrx_word' id='word_1_166' title='bbox 424 1301 522 1339; x_wconf 87' lang='lat' dir='ltr'>quae</span> <span class='ocrx_word' id='word_1_167' title='bbox 546 1288 738 1341; x_wconf 75' lang='lat' dir='ltr'>proximis</span> <span class='ocrx_word' id='word_1_168' title='bbox 763 1288 1031 1341; x_wconf 81' lang='lat' dir='ltr'>superioribus</span> <span class='ocrx_word' id='word_1_169' title='bbox 1054 1297 1168 1329; x_wconf 86' lang='lat' dir='ltr'>erant</span> <span class='ocrx_word' id='word_1_170' title='bbox 1191 1297 1375 1329; x_wconf 85' lang='lat' dir='ltr'>narrata:</span> <span class='ocrx_word' id='word_1_171' title='bbox 1412 1289 1515 1341; x_wconf 91' lang='lat' dir='ltr'>quod</span> <span class='ocrx_word' id='word_1_172' title='bbox 1545 1288 1674 1327; x_wconf 85' lang='lat' dir='ltr'>incre-</span> 
     </span>
     <span class='ocr_line' id='line_1_18' title="bbox 183 1354 1674 1406; baseline -0.001 -12"><span class='ocrx_word' id='word_1_173' title='bbox 183 1354 300 1394; x_wconf 90' lang='lat' dir='ltr'>dibile</span> <span class='ocrx_word' id='word_1_174' title='bbox 323 1361 384 1394; x_wconf 87' lang='lat' dir='ltr'>est</span> <span class='ocrx_word' id='word_1_175' title='bbox 404 1362 605 1394; x_wconf 86' lang='lat' dir='ltr'>auc-torem</span> <span class='ocrx_word' id='word_1_176' title='bbox 630 1356 761 1395; x_wconf 83' lang='lat' dir='ltr'>facere</span> <span class='ocrx_word' id='word_1_177' title='bbox 784 1356 976 1396; x_wconf 88' lang='lat' dir='ltr'>uoluisse.</span> <span class='ocrx_word' id='word_1_178' title='bbox 1035 1356 1085 1395; x_wconf 82' lang='lat' dir='ltr'>Et</span> <span class='ocrx_word' id='word_1_179' title='bbox 1106 1364 1264 1406; x_wconf 85' lang='lat' dir='ltr'>tamen,</span> <span class='ocrx_word' id='word_1_180' title='bbox 1300 1371 1385 1396; x_wconf 90' lang='lat' dir='ltr'>cum</span> <span class='ocrx_word' id='word_1_181' title='bbox 1416 1356 1457 1394; x_wconf 90' lang='lat' dir='ltr'>in</span> <span class='ocrx_word' id='word_1_182' title='bbox 1488 1355 1548 1394; x_wconf 91' lang='lat' dir='ltr'>his</span> <span class='ocrx_word' id='word_1_183' title='bbox 1577 1354 1674 1394; x_wconf 88' lang='lat' dir='ltr'>satis</span> 
     </span>
     <span class='ocr_line' id='line_1_19' title="bbox 182 1421 1675 1476; baseline 0 -15"><span class='ocrx_word' id='word_1_184' title='bbox 182 1422 304 1462; x_wconf 86' lang='lat' dir='ltr'>multa</span> <span class='ocrx_word' id='word_1_185' title='bbox 326 1422 510 1475; x_wconf 83' lang='lat' dir='ltr'>scriptori</span> <span class='ocrx_word' id='word_1_186' title='bbox 533 1423 689 1476; x_wconf 87' lang='lat' dir='ltr'>propria</span> <span class='ocrx_word' id='word_1_187' title='bbox 713 1422 913 1476; x_wconf 81' lang='lat' dir='ltr'>legantur,</span> <span class='ocrx_word' id='word_1_188' title='bbox 942 1424 1210 1474; x_wconf 85' lang='lat' dir='ltr'>‘aduersarii&#39;,</span> <span class='ocrx_word' id='word_1_189' title='bbox 1238 1424 1354 1464; x_wconf 81' lang='lat' dir='ltr'>‘bene</span> <span class='ocrx_word' id='word_1_190' title='bbox 1376 1423 1537 1472; x_wconf 84' lang='lat' dir='ltr'>multis&#39;,</span> <span class='ocrx_word' id='word_1_191' title='bbox 1575 1421 1675 1461; x_wconf 87' lang='lat' dir='ltr'>‘uul-</span> 
     </span>
     <span class='ocr_line' id='line_1_20' title="bbox 182 1489 1676 1545; baseline -0.001 -15"><span class='ocrx_word' id='word_1_192' title='bbox 182 1490 344 1530; x_wconf 88' lang='lat' dir='ltr'>neribus</span> <span class='ocrx_word' id='word_1_193' title='bbox 367 1490 528 1540; x_wconf 83' lang='lat' dir='ltr'>affecti&#39;,</span> <span class='ocrx_word' id='word_1_194' title='bbox 554 1491 600 1530; x_wconf 91' lang='lat' dir='ltr'>de</span> <span class='ocrx_word' id='word_1_195' title='bbox 623 1490 763 1544; x_wconf 88' lang='lat' dir='ltr'>quibus</span> <span class='ocrx_word' id='word_1_196' title='bbox 787 1492 869 1531; x_wconf 78' lang='lat' dir='ltr'>dixi</span> <span class='ocrx_word' id='word_1_197' title='bbox 892 1506 928 1545; x_wconf 90' lang='lat' dir='ltr'>p.</span> <span class='ocrx_word' id='word_1_198' title='bbox 944 1491 998 1531; x_wconf 77' lang='lat'>24</span> <span class='ocrx_word' id='word_1_199' title='bbox 1012 1491 1130 1542; x_wconf 73' lang='lat' dir='ltr'>et27,</span> <span class='ocrx_word' id='word_1_200' title='bbox 1156 1507 1178 1532; x_wconf 86' lang='lat' dir='ltr'>a</span> <span class='ocrx_word' id='word_1_201' title='bbox 1199 1493 1390 1545; x_wconf 81' lang='lat' dir='ltr'>magistro</span> <span class='ocrx_word' id='word_1_202' title='bbox 1412 1491 1508 1530; x_wconf 86' lang='lat' dir='ltr'>haec</span> <span class='ocrx_word' id='word_1_203' title='bbox 1522 1489 1676 1529; x_wconf 86' lang='lat' dir='ltr'>adiecta</span> 
     </span>
     <span class='ocr_line' id='line_1_21' title="bbox 184 1559 1676 1616; baseline -0.001 -18"><span class='ocrx_word' id='word_1_204' title='bbox 184 1572 363 1599; x_wconf 88' lang='lat' dir='ltr'>essenon</span> <span class='ocrx_word' id='word_1_205' title='bbox 380 1559 574 1609; x_wconf 77' lang='lat' dir='ltr'>arbitror,</span> <span class='ocrx_word' id='word_1_206' title='bbox 600 1559 667 1598; x_wconf 90' lang='lat' dir='ltr'>sed</span> <span class='ocrx_word' id='word_1_207' title='bbox 681 1559 807 1612; x_wconf 90' lang='lat' dir='ltr'>ipsum</span> <span class='ocrx_word' id='word_1_208' title='bbox 820 1559 1054 1612; x_wconf 78' lang='lat' dir='ltr'>scriptorem</span> <span class='ocrx_word' id='word_1_209' title='bbox 1067 1567 1275 1616; x_wconf 86' lang='lat' dir='ltr'>utramque</span> <span class='ocrx_word' id='word_1_210' title='bbox 1286 1560 1595 1599; x_wconf 82' lang='lat' dir='ltr'>enuntiationem</span> <span class='ocrx_word' id='word_1_211' title='bbox 1609 1571 1676 1611; x_wconf 88' lang='lat' dir='ltr'>po-</span> 
     </span>
     <span class='ocr_line' id='line_1_22' title="bbox 183 1625 1676 1680; baseline -0.001 -14"><span class='ocrx_word' id='word_1_212' title='bbox 183 1626 313 1666; x_wconf 91' lang='lat' dir='ltr'>suisse</span> <span class='ocrx_word' id='word_1_213' title='bbox 336 1633 375 1666; x_wconf 87' lang='lat' dir='ltr'>et</span> <span class='ocrx_word' id='word_1_214' title='bbox 396 1627 482 1666; x_wconf 89' lang='lat' dir='ltr'>siue</span> <span class='ocrx_word' id='word_1_215' title='bbox 506 1626 773 1676; x_wconf 83' lang='lat' dir='ltr'>dubitantem,</span> <span class='ocrx_word' id='word_1_216' title='bbox 808 1634 936 1666; x_wconf 86' lang='lat' dir='ltr'>utram</span> <span class='ocrx_word' id='word_1_217' title='bbox 958 1627 1224 1680; x_wconf 85' lang='lat' dir='ltr'>relinqueret,</span> <span class='ocrx_word' id='word_1_218' title='bbox 1249 1634 1428 1667; x_wconf 86' lang='lat' dir='ltr'>neutram</span> <span class='ocrx_word' id='word_1_219' title='bbox 1451 1626 1604 1666; x_wconf 88' lang='lat' dir='ltr'>delesse</span> <span class='ocrx_word' id='word_1_220' title='bbox 1623 1625 1676 1665; x_wconf 85' lang='lat' dir='ltr'>si-</span> 
     </span>
     <span class='ocr_line' id='line_1_23' title="bbox 182 1692 1675 1747; baseline -0.001 -14"><span class='ocrx_word' id='word_1_221' title='bbox 182 1707 248 1742; x_wconf 91' lang='lat' dir='ltr'>ue,</span> <span class='ocrx_word' id='word_1_222' title='bbox 274 1708 360 1733; x_wconf 91' lang='lat' dir='ltr'>cum</span> <span class='ocrx_word' id='word_1_223' title='bbox 383 1694 466 1747; x_wconf 86' lang='lat' dir='ltr'>ipse</span> <span class='ocrx_word' id='word_1_224' title='bbox 488 1693 653 1733; x_wconf 88' lang='lat' dir='ltr'>alteram</span> <span class='ocrx_word' id='word_1_225' title='bbox 676 1701 805 1733; x_wconf 81' lang='lat' dir='ltr'>utram</span> <span class='ocrx_word' id='word_1_226' title='bbox 829 1694 1031 1734; x_wconf 87' lang='lat' dir='ltr'>delendam</span> <span class='ocrx_word' id='word_1_227' title='bbox 1053 1695 1295 1744; x_wconf 84' lang='lat' dir='ltr'>notauisset,</span> <span class='ocrx_word' id='word_1_228' title='bbox 1332 1694 1432 1733; x_wconf 83' lang='lat' dir='ltr'>hanc</span> <span class='ocrx_word' id='word_1_229' title='bbox 1461 1707 1544 1733; x_wconf 88' lang='lat' dir='ltr'>rem</span> <span class='ocrx_word' id='word_1_230' title='bbox 1578 1707 1600 1733; x_wconf 85' lang='lat' dir='ltr'>a</span> <span class='ocrx_word' id='word_1_231' title='bbox 1630 1692 1675 1732; x_wconf 90' lang='lat' dir='ltr'>li-</span> 
     </span>
     <span class='ocr_line' id='line_1_24' title="bbox 182 1760 793 1814; baseline 0 -13"><span class='ocrx_word' id='word_1_232' title='bbox 182 1761 326 1801; x_wconf 87' lang='lat' dir='ltr'>brariis</span> <span class='ocrx_word' id='word_1_233' title='bbox 350 1760 667 1814; x_wconf 81' lang='lat' dir='ltr'>praetermissam</span> <span class='ocrx_word' id='word_1_234' title='bbox 690 1774 793 1801; x_wconf 82' lang='lat' dir='ltr'>esse.</span> 
     </span>
    </p>

    <p class='ocr_par' dir='ltr' id='par_1_3' title="bbox 182 1825 1683 2901">
     <span class='ocr_line' id='line_1_25' title="bbox 299 1825 1676 1885; baseline 0.001 -18"><span class='ocrx_word' id='word_1_235' title='bbox 299 1825 349 1868; x_wconf 89' lang='lat' dir='ltr'>C.</span> <span class='ocrx_word' id='word_1_236' title='bbox 376 1827 427 1868; x_wconf 86' lang='lat'>13</span> <span class='ocrx_word' id='word_1_237' title='bbox 460 1828 643 1868; x_wconf 86' lang='lat' dir='ltr'>restituta</span> <span class='ocrx_word' id='word_1_238' title='bbox 665 1830 896 1882; x_wconf 87' lang='lat' dir='ltr'>optimorum</span> <span class='ocrx_word' id='word_1_239' title='bbox 920 1831 1031 1871; x_wconf 86' lang='lat' dir='ltr'>codd.</span> <span class='ocrx_word' id='word_1_240' title='bbox 1057 1833 1255 1885; x_wconf 85' lang='lat' dir='ltr'>scriptura</span> <span class='ocrx_word' id='word_1_241' title='bbox 1277 1832 1427 1871; x_wconf 90' lang='lat' dir='ltr'>duobus</span> <span class='ocrx_word' id='word_1_242' title='bbox 1450 1830 1547 1870; x_wconf 86' lang='lat' dir='ltr'>locis</span> <span class='ocrx_word' id='word_1_243' title='bbox 1570 1829 1676 1870; x_wconf 87' lang='lat' dir='ltr'>lacu-</span> 
     </span>
     <span class='ocr_line' id='line_1_26' title="bbox 184 1895 1677 1954; baseline 0 -17"><span class='ocrx_word' id='word_1_244' title='bbox 184 1911 273 1937; x_wconf 88' lang='lat' dir='ltr'>nam</span> <span class='ocrx_word' id='word_1_245' title='bbox 298 1896 431 1936; x_wconf 86' lang='lat' dir='ltr'>notaui</span> <span class='ocrx_word' id='word_1_246' title='bbox 452 1896 492 1936; x_wconf 92' lang='lat' dir='ltr'>in</span> <span class='ocrx_word' id='word_1_247' title='bbox 516 1895 616 1936; x_wconf 91' lang='lat' dir='ltr'>hunc</span> <span class='ocrx_word' id='word_1_248' title='bbox 638 1897 818 1936; x_wconf 88' lang='lat' dir='ltr'>modum:</span> <span class='ocrx_word' id='word_1_249' title='bbox 847 1898 972 1952; x_wconf 79' lang='lat' dir='ltr'>‘glans</span> <span class='ocrx_word' id='word_1_250' title='bbox 995 1900 1114 1940; x_wconf 89' lang='lat' dir='ltr'>missa</span> <span class='ocrx_word' id='word_1_251' title='bbox 1138 1908 1197 1940; x_wconf 85' lang='lat' dir='ltr'>est</span> <span class='ocrx_word' id='word_1_252' title='bbox 1219 1901 1425 1954; x_wconf 85' lang='lat' dir='ltr'>inscripta,</span> <span class='ocrx_word' id='word_1_253' title='bbox 1451 1914 1525 1953; x_wconf 86' lang='lat' dir='ltr'>quo</span> <span class='ocrx_word' id='word_1_254' title='bbox 1549 1898 1611 1938; x_wconf 91' lang='lat' dir='ltr'>die</span> <span class='ocrx_word' id='word_1_255' title='bbox 1629 1898 1677 1937; x_wconf 91' lang='lat' dir='ltr'>ad</span> 
     </span>
     <span class='ocr_line' id='line_1_27' title="bbox 187 1964 1678 2022; baseline 0.002 -18"><span class='ocrx_word' id='word_1_256' title='bbox 187 1965 368 2019; x_wconf 89' lang='lat' dir='ltr'>oppidum</span> <span class='ocrx_word' id='word_1_257' title='bbox 391 1964 616 2018; x_wconf 86' lang='lat' dir='ltr'>capiendum</span> <span class='ocrx_word' id='word_1_258' title='bbox 639 1966 895 2016; x_wconf 81' lang='lat' dir='ltr'>accederent,</span> <span class='ocrx_word' id='word_1_259' title='bbox 930 1980 975 2006; x_wconf 92' lang='lat' dir='ltr'>se</span> <span class='ocrx_word' id='word_1_260' title='bbox 1003 1975 1156 2007; x_wconf 86' lang='lat' dir='ltr'>scutum</span> <span class='ocrx_word' id='word_1_261' title='bbox 1189 1982 1277 2009; x_wconf 89' lang='lat' dir='ltr'>esse</span> <span class='ocrx_word' id='word_1_262' title='bbox 1307 1969 1541 2022; x_wconf 87' lang='lat' dir='ltr'>positurum.</span> <span class='ocrx_word' id='word_1_263' title='bbox 1588 1965 1678 2019; x_wconf 84' lang='lat' dir='ltr'>Qua</span> 
     </span>
     <span class='ocr_line' id='line_1_28' title="bbox 186 2031 1677 2090; baseline 0.002 -17"><span class='ocrx_word' id='word_1_264' title='bbox 186 2046 255 2086; x_wconf 88' lang='lat' dir='ltr'>spe</span> <span class='ocrx_word' id='word_1_265' title='bbox 278 2031 472 2080; x_wconf 89' lang='lat' dir='ltr'>nonnulli,</span> <span class='ocrx_word' id='word_1_266' title='bbox 509 2033 597 2072; x_wconf 90' lang='lat' dir='ltr'>dum</span> <span class='ocrx_word' id='word_1_267' title='bbox 621 2033 707 2073; x_wconf 89' lang='lat' dir='ltr'>sine</span> <span class='ocrx_word' id='word_1_268' title='bbox 728 2034 902 2086; x_wconf 86' lang='lat' dir='ltr'>periculo</span> <span class='ocrx_word' id='word_1_269' title='bbox 925 2048 1077 2074; x_wconf 90' lang='lat' dir='ltr'>murum</span> <span class='ocrx_word' id='word_1_270' title='bbox 1100 2037 1314 2076; x_wconf 88' lang='lat' dir='ltr'>ascendere</span> <span class='ocrx_word' id='word_1_271' title='bbox 1337 2044 1376 2076; x_wconf 87' lang='lat' dir='ltr'>et</span> <span class='ocrx_word' id='word_1_272' title='bbox 1398 2038 1536 2090; x_wconf 87' lang='lat' dir='ltr'>oppido</span> <span class='ocrx_word' id='word_1_273' title='bbox 1559 2036 1677 2090; x_wconf 88' lang='lat' dir='ltr'>potiri</span> 
     </span>
     <span class='ocr_line' id='line_1_29' title="bbox 185 2100 1679 2157; baseline -0.001 -14"><span class='ocrx_word' id='word_1_274' title='bbox 185 2116 302 2156; x_wconf 87' lang='lat' dir='ltr'>posse</span> <span class='ocrx_word' id='word_1_275' title='bbox 324 2116 367 2142; x_wconf 89' lang='lat' dir='ltr'>se</span> <span class='ocrx_word' id='word_1_276' title='bbox 390 2107 567 2155; x_wconf 87' lang='lat' dir='ltr'>sperant,</span> <span class='ocrx_word' id='word_1_277' title='bbox 592 2107 751 2154; x_wconf 87' lang='lat' dir='ltr'>postero</span> <span class='ocrx_word' id='word_1_278' title='bbox 785 2100 846 2140; x_wconf 83' lang='lat' dir='ltr'>die</span> <span class='ocrx_word' id='word_1_279' title='bbox 876 2101 925 2141; x_wconf 88' lang='lat' dir='ltr'>ad</span> <span class='ocrx_word' id='word_1_280' title='bbox 956 2116 1107 2142; x_wconf 90' lang='lat' dir='ltr'>murum</span> <span class='ocrx_word' id='word_1_281' title='bbox 1130 2118 1226 2157; x_wconf 91' lang='lat' dir='ltr'>opus</span> <span class='ocrx_word' id='word_1_282' title='bbox 1249 2105 1380 2144; x_wconf 90' lang='lat' dir='ltr'>facere</span> <span class='ocrx_word' id='word_1_283' title='bbox 1404 2111 1619 2157; x_wconf 86' lang='lat' dir='ltr'>coeperunt</span> <span class='ocrx_word' id='word_1_284' title='bbox 1640 2110 1679 2142; x_wconf 87' lang='lat' dir='ltr'>ct</span> 
     </span>
     <span class='ocr_line' id='line_1_30' title="bbox 182 2168 1678 2224; baseline -0.001 -14"><span class='ocrx_word' id='word_1_285' title='bbox 182 2170 285 2210; x_wconf 89' lang='lat' dir='ltr'>hene</span> <span class='ocrx_word' id='word_1_286' title='bbox 307 2183 446 2223; x_wconf 82' lang='lat' dir='ltr'>magna</span> <span class='ocrx_word' id='word_1_287' title='bbox 470 2168 611 2223; x_wconf 89' lang='lat' dir='ltr'>prioris</span> <span class='ocrx_word' id='word_1_288' title='bbox 633 2168 735 2208; x_wconf 88' lang='lat' dir='ltr'>muri</span> <span class='ocrx_word' id='word_1_289' title='bbox 757 2174 868 2220; x_wconf 77' lang='lat' dir='ltr'>parte</span> <span class='ocrx_word' id='word_1_290' title='bbox 890 2169 1044 2209; x_wconf 87' lang='lat' dir='ltr'>deiecta</span> <span class='ocrx_word' id='word_1_291' title='bbox 1069 2200 1214 2210; x_wconf 87' lang='grc'><strong>......</strong></span> <span class='ocrx_word' id='word_1_292' title='bbox 1241 2169 1329 2223; x_wconf 81' lang='lat' dir='ltr'>Quo</span> <span class='ocrx_word' id='word_1_293' title='bbox 1359 2172 1462 2211; x_wconf 85' lang='lat' dir='ltr'>facto</span> <span class='ocrx_word' id='word_1_294' title='bbox 1491 2171 1538 2211; x_wconf 83' lang='lat' dir='ltr'>ab</span> <span class='ocrx_word' id='word_1_295' title='bbox 1570 2170 1678 2224; x_wconf 90' lang='lat' dir='ltr'>oppi-</span> 
     </span>
     <span class='ocr_line' id='line_1_31' title="bbox 186 2236 1679 2290; baseline 0 -13"><span class='ocrx_word' id='word_1_296' title='bbox 186 2237 314 2284; x_wconf 89' lang='lat' dir='ltr'>danis,</span> <span class='ocrx_word' id='word_1_297' title='bbox 340 2251 385 2277; x_wconf 84' lang='lat' dir='ltr'>ac</span> <span class='ocrx_word' id='word_1_298' title='bbox 407 2237 440 2276; x_wconf 89' lang='lat' dir='ltr'>si</span> <span class='ocrx_word' id='word_1_299' title='bbox 462 2250 618 2276; x_wconf 85' lang='lat' dir='ltr'>suarum</span> <span class='ocrx_word' id='word_1_300' title='bbox 641 2236 808 2290; x_wconf 88' lang='lat' dir='ltr'>partium</span> <span class='ocrx_word' id='word_1_301' title='bbox 833 2244 991 2286; x_wconf 87' lang='lat' dir='ltr'>essent,</span> <span class='ocrx_word' id='word_1_302' title='bbox 1017 2239 1243 2278; x_wconf 87' lang='lat' dir='ltr'>conseruati</span> <span class='ocrx_word' id='word_1_303' title='bbox 1276 2269 1425 2279; x_wconf 93' lang='grc'><strong>......</strong></span> <span class='ocrx_word' id='word_1_304' title='bbox 1457 2239 1598 2278; x_wconf 90' lang='lat' dir='ltr'>missos</span> <span class='ocrx_word' id='word_1_305' title='bbox 1622 2239 1679 2277; x_wconf 88' lang='lat' dir='ltr'>fa-</span> 
     </span>
     <span class='ocr_line' id='line_1_32' title="bbox 187 2303 1679 2360; baseline 0 -15"><span class='ocrx_word' id='word_1_306' title='bbox 187 2318 279 2346; x_wconf 89' lang='lat' dir='ltr'>cere</span> <span class='ocrx_word' id='word_1_307' title='bbox 301 2305 505 2354; x_wconf 86' lang='lat' dir='ltr'>loricatos,</span> <span class='ocrx_word' id='word_1_308' title='bbox 531 2304 594 2356; x_wconf 90' lang='lat' dir='ltr'>qui</span> <span class='ocrx_word' id='word_1_309' title='bbox 617 2303 801 2357; x_wconf 88' lang='lat' dir='ltr'>praesidii</span> <span class='ocrx_word' id='word_1_310' title='bbox 824 2318 945 2344; x_wconf 80' lang='lat' dir='ltr'>causa</span> <span class='ocrx_word' id='word_1_311' title='bbox 968 2306 1181 2359; x_wconf 78' lang='lat' dir='ltr'>praepositi</span> <span class='ocrx_word' id='word_1_312' title='bbox 1204 2306 1342 2360; x_wconf 93' lang='lat' dir='ltr'>oppido</span> <span class='ocrx_word' id='word_1_313' title='bbox 1363 2321 1385 2347; x_wconf 86' lang='lat' dir='ltr'>a</span> <span class='ocrx_word' id='word_1_314' title='bbox 1406 2305 1594 2358; x_wconf 83' lang='lat' dir='ltr'>Pompeio</span> <span class='ocrx_word' id='word_1_315' title='bbox 1617 2319 1679 2345; x_wconf 89' lang='lat' dir='ltr'>es·</span> 
     </span>
     <span class='ocr_line' id='line_1_33' title="bbox 185 2369 1678 2426; baseline -0.001 -13"><span class='ocrx_word' id='word_1_316' title='bbox 185 2379 289 2422; x_wconf 85' lang='lat' dir='ltr'>sent,</span> <span class='ocrx_word' id='word_1_317' title='bbox 316 2372 496 2412; x_wconf 86' lang='lat' dir='ltr'>orabant.</span> <span class='ocrx_word' id='word_1_318' title='bbox 543 2369 693 2423; x_wconf 78' lang='lat' dir='ltr'>Quibus</span> <span class='ocrx_word' id='word_1_319' title='bbox 715 2373 919 2426; x_wconf 88' lang='lat' dir='ltr'>respondit</span> <span class='ocrx_word' id='word_1_320' title='bbox 941 2369 1094 2413; x_wconf 83' lang='lat' dir='ltr'>Caesar</span> <span class='ocrx_word' id='word_1_321' title='bbox 1114 2388 1156 2414; x_wconf 90' lang='lat' dir='ltr'>se</span> <span class='ocrx_word' id='word_1_322' title='bbox 1179 2374 1429 2414; x_wconf 88' lang='lat' dir='ltr'>condiciones</span> <span class='ocrx_word' id='word_1_323' title='bbox 1453 2374 1568 2422; x_wconf 86' lang='lat' dir='ltr'>dare,</span> <span class='ocrx_word' id='word_1_324' title='bbox 1600 2387 1678 2412; x_wconf 91' lang='lat' dir='ltr'>non</span> 
     </span>
     <span class='ocr_line' id='line_1_34' title="bbox 187 2437 1678 2495; baseline -0.001 -14"><span class='ocrx_word' id='word_1_325' title='bbox 187 2440 367 2493; x_wconf 90' lang='lat' dir='ltr'>accipere</span> <span class='ocrx_word' id='word_1_326' title='bbox 395 2439 666 2479; x_wconf 85' lang='lat' dir='ltr'>consueuisse.</span> <span class='ocrx_word' id='word_1_327' title='bbox 728 2437 788 2478; x_wconf 92' lang='lat' dir='ltr'>Ibi</span> <span class='ocrx_word' id='word_1_328' title='bbox 820 2455 908 2480; x_wconf 90' lang='lat' dir='ltr'>cum</span> <span class='ocrx_word' id='word_1_329' title='bbox 938 2441 978 2481; x_wconf 93' lang='lat' dir='ltr'>in</span> <span class='ocrx_word' id='word_1_330' title='bbox 1010 2442 1192 2495; x_wconf 89' lang='lat' dir='ltr'>oppidum</span> <span class='ocrx_word' id='word_1_331' title='bbox 1221 2442 1509 2490; x_wconf 83' lang='lat' dir='ltr'>reuertissent,</span> <span class='ocrx_word' id='word_1_332' title='bbox 1553 2441 1678 2481; x_wconf 85' lang='lat' dir='ltr'>relato</span> 
     </span>
     <span class='ocr_line' id='line_1_35' title="bbox 184 2507 1680 2563; baseline 0 -15"><span class='ocrx_word' id='word_1_333' title='bbox 184 2521 376 2560; x_wconf 87' lang='lat' dir='ltr'>responso</span> <span class='ocrx_word' id='word_1_334' title='bbox 399 2507 571 2546; x_wconf 87' lang='lat' dir='ltr'>clamore</span> <span class='ocrx_word' id='word_1_335' title='bbox 594 2507 747 2547; x_wconf 86' lang='lat' dir='ltr'>sublato</span> <span class='ocrx_word' id='word_1_336' title='bbox 771 2508 875 2547; x_wconf 88' lang='lat' dir='ltr'>omni</span> <span class='ocrx_word' id='word_1_337' title='bbox 897 2522 1044 2560; x_wconf 82' lang='lat' dir='ltr'>genere</span> <span class='ocrx_word' id='word_1_338' title='bbox 1068 2509 1235 2549; x_wconf 90' lang='lat' dir='ltr'>telorum</span> <span class='ocrx_word' id='word_1_339' title='bbox 1258 2509 1401 2548; x_wconf 88' lang='lat' dir='ltr'>emisso</span> <span class='ocrx_word' id='word_1_340' title='bbox 1419 2522 1594 2563; x_wconf 86' lang='lat' dir='ltr'>pugnare</span> <span class='ocrx_word' id='word_1_341' title='bbox 1610 2522 1680 2562; x_wconf 90' lang='lat' dir='ltr'>pro</span> 
     </span>
     <span class='ocr_line' id='line_1_36' title="bbox 187 2573 1680 2628; baseline 0 -13"><span class='ocrx_word' id='word_1_342' title='bbox 187 2588 300 2615; x_wconf 89' lang='lat' dir='ltr'>muro</span> <span class='ocrx_word' id='word_1_343' title='bbox 322 2581 405 2613; x_wconf 89' lang='lat' dir='ltr'>toto</span> <span class='ocrx_word' id='word_1_344' title='bbox 429 2573 676 2626; x_wconf 81' lang='lat' dir='ltr'>coeperunt&#39;.</span> <span class='ocrx_word' id='word_1_345' title='bbox 721 2573 776 2613; x_wconf 85' lang='lat' dir='ltr'>Et</span> <span class='ocrx_word' id='word_1_346' title='bbox 804 2575 933 2627; x_wconf 88' lang='lat' dir='ltr'>priore</span> <span class='ocrx_word' id='word_1_347' title='bbox 963 2576 1115 2628; x_wconf 87' lang='lat' dir='ltr'>quidem</span> <span class='ocrx_word' id='word_1_348' title='bbox 1148 2576 1234 2615; x_wconf 86' lang='lat' dir='ltr'>loeo</span> <span class='ocrx_word' id='word_1_349' title='bbox 1257 2576 1321 2615; x_wconf 89' lang='lat' dir='ltr'>uel</span> <span class='ocrx_word' id='word_1_350' title='bbox 1344 2577 1467 2615; x_wconf 85' lang='lat' dir='ltr'>forma</span> <span class='ocrx_word' id='word_1_351' title='bbox 1490 2575 1680 2616; x_wconf 86' lang='lat' dir='ltr'>orationis</span> 
     </span>
     <span class='ocr_line' id='line_1_37' title="bbox 189 2640 1679 2697; baseline 0 -15"><span class='ocrx_word' id='word_1_352' title='bbox 189 2641 381 2695; x_wconf 82' lang='lat' dir='ltr'>quaedam</span> <span class='ocrx_word' id='word_1_353' title='bbox 404 2641 604 2681; x_wconf 76' lang='lat' dir='ltr'>excidisse</span> <span class='ocrx_word' id='word_1_354' title='bbox 627 2642 884 2682; x_wconf 86' lang='lat' dir='ltr'>demonstrat.</span> <span class='ocrx_word' id='word_1_355' title='bbox 943 2640 1022 2683; x_wconf 89' lang='lat' dir='ltr'>Sed</span> <span class='ocrx_word' id='word_1_356' title='bbox 1046 2657 1189 2697; x_wconf 83' lang='lat' dir='ltr'>operae</span> <span class='ocrx_word' id='word_1_357' title='bbox 1212 2644 1377 2696; x_wconf 89' lang='lat' dir='ltr'>pretium</span> <span class='ocrx_word' id='word_1_358' title='bbox 1401 2651 1461 2683; x_wconf 85' lang='lat' dir='ltr'>est</span> <span class='ocrx_word' id='word_1_359' title='bbox 1481 2644 1679 2684; x_wconf 86' lang='lat' dir='ltr'>luculento</span> 
     </span>
     <span class='ocr_line' id='line_1_38' title="bbox 189 2708 1680 2765; baseline 0.001 -16"><span class='ocrx_word' id='word_1_360' title='bbox 189 2708 370 2761; x_wconf 81' lang='lat' dir='ltr'>exemplo</span> <span class='ocrx_word' id='word_1_361' title='bbox 392 2709 601 2748; x_wconf 88' lang='lat' dir='ltr'>ostendere</span> <span class='ocrx_word' id='word_1_362' title='bbox 616 2709 849 2762; x_wconf 90' lang='lat' dir='ltr'>optimorum</span> <span class='ocrx_word' id='word_1_363' title='bbox 873 2710 1049 2750; x_wconf 89' lang='lat' dir='ltr'>codicum</span> <span class='ocrx_word' id='word_1_364' title='bbox 1070 2711 1214 2751; x_wconf 83' lang='lat' dir='ltr'>indicia</span> <span class='ocrx_word' id='word_1_365' title='bbox 1236 2726 1313 2751; x_wconf 92' lang='lat' dir='ltr'>non</span> <span class='ocrx_word' id='word_1_366' title='bbox 1336 2711 1491 2765; x_wconf 89' lang='lat' dir='ltr'>impune</span> <span class='ocrx_word' id='word_1_367' title='bbox 1505 2718 1680 2752; x_wconf 88' lang='lat' dir='ltr'>contem-</span> 
     </span>
     <span class='ocr_line' id='line_1_39' title="bbox 188 2774 1683 2832; baseline 0.001 -16"><span class='ocrx_word' id='word_1_368' title='bbox 188 2777 243 2816; x_wconf 88' lang='lat' dir='ltr'>ni.</span> <span class='ocrx_word' id='word_1_369' title='bbox 295 2774 466 2815; x_wconf 85' lang='lat' dir='ltr'>Etiamsi</span> <span class='ocrx_word' id='word_1_370' title='bbox 488 2775 591 2815; x_wconf 89' lang='lat' dir='ltr'>enim</span> <span class='ocrx_word' id='word_1_371' title='bbox 611 2775 677 2815; x_wconf 85' lang='lat' dir='ltr'>illa</span> <span class='ocrx_word' id='word_1_372' title='bbox 699 2775 985 2828; x_wconf 86' lang='lat' dir='ltr'>obscurentur,</span> <span class='ocrx_word' id='word_1_373' title='bbox 1019 2781 1340 2832; x_wconf 88' lang='lat' dir='ltr'>quemadmodum</span> <span class='ocrx_word' id='word_1_374' title='bbox 1364 2781 1508 2820; x_wconf 87' lang='lat' dir='ltr'>factum</span> <span class='ocrx_word' id='word_1_375' title='bbox 1531 2786 1615 2828; x_wconf 88' lang='lat' dir='ltr'>est,</span> <span class='ocrx_word' id='word_1_376' title='bbox 1640 2784 1683 2818; x_wconf 92' lang='lat' dir='ltr'>ut</span> 
     </span>
     <span class='ocr_line' id='line_1_40' title="bbox 191 2840 1679 2901; baseline 0.002 -19"><span class='ocrx_word' id='word_1_377' title='bbox 191 2847 299 2897; x_wconf 72' lang='lat' dir='ltr'>‘pars</span> <span class='ocrx_word' id='word_1_378' title='bbox 329 2840 501 2896; x_wconf 66' lang='lat' dir='ltr'>deiecta}</span> <span class='ocrx_word' id='word_1_379' title='bbox 513 2842 594 2882; x_wconf 78' lang='lat' dir='ltr'>est’</span> <span class='ocrx_word' id='word_1_380' title='bbox 625 2842 870 2883; x_wconf 88' lang='lat' dir='ltr'>scriberetur</span> <span class='ocrx_word' id='word_1_381' title='bbox 899 2844 916 2895; x_wconf 88' lang='lat'>(</span> <span class='ocrx_word' id='word_1_382' title='bbox 927 2852 1081 2898; x_wconf 86' lang='lat' dir='ltr'>poterat</span> <span class='ocrx_word' id='word_1_383' title='bbox 1111 2854 1241 2888; x_wconf 83' lang='lat' dir='ltr'>autem</span> <span class='ocrx_word' id='word_1_384' title='bbox 1272 2848 1471 2901; x_wconf 87' lang='lat' dir='ltr'>aliquanto</span> <span class='ocrx_word' id='word_1_385' title='bbox 1502 2846 1679 2888; x_wconf 86' lang='lat' dir='ltr'>callidius</span> 
     </span>
    </p>
   </div>
  </div>
 </body>
</html>
