<?xml version="1.0" encoding="UTF-8"?>
<!DOCTYPE html PUBLIC "-//W3C//DTD XHTML 1.0 Transitional//EN"
    "http://www.w3.org/TR/xhtml1/DTD/xhtml1-transitional.dtd">
<html xmlns="http://www.w3.org/1999/xhtml" xml:lang="en" lang="en">
 <head>
  <title>
</title>
<meta http-equiv="Content-Type" content="text/html;charset=utf-8" />
  <meta name='ocr-system' content='tesseract 3.04.00' />
  <meta name='ocr-capabilities' content='ocr_page ocr_carea ocr_par ocr_line ocrx_word'/>
</head>
<body>
  <div class='ocr_page' id='page_1' title='image "./commentarii00caesuoft_0285.png"; bbox 0 0 1835 3240; ppageno 0'>
   <div class='ocr_carea' id='block_1_1' title="bbox 127 552 144 582">
    <p class='ocr_par' dir='ltr' id='par_1_1' title="bbox 127 552 144 582">
     <span class='ocr_line' id='line_1_1' title="bbox 127 552 144 582; textangle 90"><span class='ocrx_word' id='word_1_1' title='bbox 127 552 144 582; x_wconf 61' lang='grc' dir='ltr'><strong>υἱ</strong></span> 
     </span>
    </p>
   </div>
   <div class='ocr_carea' id='block_1_2' title="bbox 100 891 139 923">
    <p class='ocr_par' dir='ltr' id='par_1_2' title="bbox 100 891 139 923">
     <span class='ocr_line' id='line_1_2' title="bbox 100 891 139 923; baseline -0.026 0"><span class='ocrx_word' id='word_1_2' title='bbox 100 891 139 923; x_wconf 87' lang='grc'><strong>10</strong></span> 
     </span>
    </p>
   </div>
   <div class='ocr_carea' id='block_1_3' title="bbox 100 1230 138 1262">
    <p class='ocr_par' dir='ltr' id='par_1_3' title="bbox 100 1230 138 1262">
     <span class='ocr_line' id='line_1_3' title="bbox 100 1230 138 1262; baseline -0.026 0"><span class='ocrx_word' id='word_1_3' title='bbox 100 1230 138 1262; x_wconf 83' lang='lat'><strong>15</strong></span> 
     </span>
    </p>
   </div>
   <div class='ocr_carea' id='block_1_4' title="bbox 89 2245 131 2278">
    <p class='ocr_par' dir='ltr' id='par_1_4' title="bbox 89 2245 131 2278">
     <span class='ocr_line' id='line_1_4' title="bbox 89 2245 131 2278; baseline 0.024 -1"><span class='ocrx_word' id='word_1_4' title='bbox 89 2245 131 2278; x_wconf 87' lang='lat'><strong>30</strong></span> 
     </span>
    </p>
   </div>
   <div class='ocr_carea' id='block_1_5' title="bbox 619 152 1732 199">
    <p class='ocr_par' dir='ltr' id='par_1_5' title="bbox 619 152 1732 199">
     <span class='ocr_line' id='line_1_5' title="bbox 619 152 1732 199; baseline 0 -2"><span class='ocrx_word' id='word_1_5' title='bbox 619 154 801 199; x_wconf 87' lang='lat' dir='ltr'>COMM.</span> <span class='ocrx_word' id='word_1_6' title='bbox 825 154 844 196; x_wconf 95' lang='grc' dir='ltr'><strong>Ι</strong></span> <span class='ocrx_word' id='word_1_7' title='bbox 874 152 1000 197; x_wconf 91' lang='lat' dir='ltr'>CAP.</span> <span class='ocrx_word' id='word_1_8' title='bbox 1026 152 1224 196; x_wconf 80' lang='lat'><strong>32—34.</strong></span> <span class='ocrx_word' id='word_1_9' title='bbox 1650 156 1732 197; x_wconf 78' lang='lat'><strong>275</strong></span> 
     </span>
    </p>
   </div>
   <div class='ocr_carea' id='block_1_6' title="bbox 167 266 1733 1885">
    <p class='ocr_par' dir='ltr' id='par_1_6' title="bbox 167 266 1733 1885">
     <span class='ocr_line' id='line_1_6' title="bbox 175 266 1659 327; baseline -0.003 -13"><span class='ocrx_word' id='word_1_10' title='bbox 175 276 290 327; x_wconf 84' lang='lat' dir='ltr'><strong>fugae</strong></span> <span class='ocrx_word' id='word_1_11' title='bbox 300 271 466 312; x_wconf 83' lang='lat' dir='ltr'>facultas</span> <span class='ocrx_word' id='word_1_12' title='bbox 480 270 654 320; x_wconf 86' lang='lat' dir='ltr'><strong>daretur,</strong></span> <span class='ocrx_word' id='word_1_13' title='bbox 670 266 866 323; x_wconf 89' lang='lat' dir='ltr'><strong>Sequanis</strong></span> <span class='ocrx_word' id='word_1_14' title='bbox 879 282 990 319; x_wconf 88' lang='lat' dir='ltr'><strong>uero,</strong></span> <span class='ocrx_word' id='word_1_15' title='bbox 1005 268 1070 322; x_wconf 87' lang='lat' dir='ltr'><strong>qui</strong></span> <span class='ocrx_word' id='word_1_16' title='bbox 1081 266 1295 308; x_wconf 88' lang='lat' dir='ltr'><strong>intrafines</strong></span> <span class='ocrx_word' id='word_1_17' title='bbox 1307 278 1400 306; x_wconf 91' lang='lat' dir='ltr'><strong>suos</strong></span> <span class='ocrx_word' id='word_1_18' title='bbox 1411 266 1659 310; x_wconf 87' lang='lat' dir='ltr'><strong>Ariouistum</strong></span> 
     </span>
     <span class='ocr_line' id='line_1_7' title="bbox 175 333 1658 395; baseline -0.003 -14"><span class='ocrx_word' id='word_1_19' title='bbox 175 340 432 394; x_wconf 82' lang='lat' dir='ltr'><strong>recepissent,</strong></span> <span class='ocrx_word' id='word_1_20' title='bbox 458 352 623 395; x_wconf 87' lang='lat' dir='ltr'><strong>quorum</strong></span> <span class='ocrx_word' id='word_1_21' title='bbox 646 337 783 391; x_wconf 90' lang='lat' dir='ltr'><strong>oppida</strong></span> <span class='ocrx_word' id='word_1_22' title='bbox 807 337 939 377; x_wconf 90' lang='lat' dir='ltr'><strong>omnia</strong></span> <span class='ocrx_word' id='word_1_23' title='bbox 958 336 999 376; x_wconf 90' lang='lat' dir='ltr'><strong>in</strong></span> <span class='ocrx_word' id='word_1_24' title='bbox 1020 342 1218 390; x_wconf 75' lang='lat' dir='ltr'>potestate</span> <span class='ocrx_word' id='word_1_25' title='bbox 1240 333 1324 374; x_wconf 91' lang='lat' dir='ltr'><strong>eius</strong></span> <span class='ocrx_word' id='word_1_26' title='bbox 1347 341 1497 381; x_wconf 80' lang='lat' dir='ltr'><strong>essent,</strong></span> <span class='ocrx_word' id='word_1_27' title='bbox 1522 349 1658 377; x_wconf 90' lang='lat' dir='ltr'><strong>omnes</strong></span> 
     </span>
     <span class='ocr_line' id='line_1_8' title="bbox 174 398 1731 462; baseline -0.004 -14"><span class='ocrx_word' id='word_1_28' title='bbox 174 408 369 448; x_wconf 86' lang='lat' dir='ltr'><strong>cruciatus</strong></span> <span class='ocrx_word' id='word_1_29' title='bbox 392 413 526 447; x_wconf 89' lang='lat' dir='ltr'><strong>essent</strong></span> <span class='ocrx_word' id='word_1_30' title='bbox 547 406 808 462; x_wconf 33' lang='lat' dir='ltr'><strong>perferenda</strong></span> <span class='ocrx_word' id='word_1_31' title='bbox 833 404 902 444; x_wconf 81' lang='lat' dir='ltr'><strong>llis</strong></span> <span class='ocrx_word' id='word_1_32' title='bbox 932 403 1050 444; x_wconf 89' lang='lat' dir='ltr'><strong>rebus</strong></span> <span class='ocrx_word' id='word_1_33' title='bbox 1083 401 1251 457; x_wconf 82' lang='lat' dir='ltr'><strong>cognitis</strong></span> <span class='ocrx_word' id='word_1_34' title='bbox 1274 398 1427 442; x_wconf 79' lang='lat' dir='ltr'><strong>Caesar</strong></span> <span class='ocrx_word' id='word_1_35' title='bbox 1448 399 1653 443; x_wconf 82' lang='lat' dir='ltr'>Gallorum</span> <span class='ocrx_word' id='word_1_36' title='bbox 1675 405 1731 449; x_wconf 79' lang='lat'><strong>33</strong></span> 
     </span>
     <span class='ocr_line' id='line_1_9' title="bbox 173 470 1659 526; baseline -0.003 -11"><span class='ocrx_word' id='word_1_37' title='bbox 173 475 323 516; x_wconf 87' lang='lat' dir='ltr'><strong>animos</strong></span> <span class='ocrx_word' id='word_1_38' title='bbox 348 474 480 514; x_wconf 86' lang='lat' dir='ltr'><strong>uerbis</strong></span> <span class='ocrx_word' id='word_1_39' title='bbox 505 474 752 514; x_wconf 83' lang='lat' dir='ltr'><strong>confirmauit</strong></span> <span class='ocrx_word' id='word_1_40' title='bbox 774 472 1047 526; x_wconf 84' lang='lat' dir='ltr'><strong>pollicitusque</strong></span> <span class='ocrx_word' id='word_1_41' title='bbox 1069 479 1130 511; x_wconf 90' lang='lat' dir='ltr'><strong>est</strong></span> <span class='ocrx_word' id='word_1_42' title='bbox 1150 470 1227 511; x_wconf 89' lang='lat' dir='ltr'><strong>sibi</strong></span> <span class='ocrx_word' id='word_1_43' title='bbox 1248 483 1333 510; x_wconf 88' lang='lat' dir='ltr'><strong>eam</strong></span> <span class='ocrx_word' id='word_1_44' title='bbox 1354 482 1437 509; x_wconf 88' lang='lat' dir='ltr'><strong>rem</strong></span> <span class='ocrx_word' id='word_1_45' title='bbox 1461 483 1578 510; x_wconf 89' lang='lat' dir='ltr'><strong>curae</strong></span> <span class='ocrx_word' id='word_1_46' title='bbox 1603 472 1659 510; x_wconf 88' lang='lat' dir='ltr'><strong>su-</strong></span> 
     </span>
     <span class='ocr_line' id='line_1_10' title="bbox 178 536 1659 596; baseline -0.004 -13"><span class='ocrx_word' id='word_1_47' title='bbox 178 550 326 583; x_wconf 80' lang='lat' dir='ltr'><strong>turam:</strong></span> <span class='ocrx_word' id='word_1_48' title='bbox 353 557 532 596; x_wconf 89' lang='lat' dir='ltr'><strong>magnam</strong></span> <span class='ocrx_word' id='word_1_49' title='bbox 557 555 599 582; x_wconf 90' lang='lat' dir='ltr'><strong>se</strong></span> <span class='ocrx_word' id='word_1_50' title='bbox 622 541 766 581; x_wconf 90' lang='lat' dir='ltr'><strong>habere</strong></span> <span class='ocrx_word' id='word_1_51' title='bbox 787 554 893 594; x_wconf 88' lang='lat' dir='ltr'><strong>spem</strong></span> <span class='ocrx_word' id='word_1_52' title='bbox 918 546 955 580; x_wconf 86' lang='lat' dir='ltr'><strong>et</strong></span> <span class='ocrx_word' id='word_1_53' title='bbox 977 539 1169 580; x_wconf 85' lang='lat' dir='ltr'><strong>beneficio</strong></span> <span class='ocrx_word' id='word_1_54' title='bbox 1192 552 1262 578; x_wconf 92' lang='lat' dir='ltr'><strong>suo</strong></span> <span class='ocrx_word' id='word_1_55' title='bbox 1276 544 1316 578; x_wconf 91' lang='lat' dir='ltr'><strong>et</strong></span> <span class='ocrx_word' id='word_1_56' title='bbox 1336 536 1575 577; x_wconf 85' lang='lat' dir='ltr'><strong>auctoritate</strong></span> <span class='ocrx_word' id='word_1_57' title='bbox 1592 538 1659 577; x_wconf 89' lang='lat' dir='ltr'><strong>ad-</strong></span> 
     </span>
     <span class='ocr_line' id='line_1_11' title="bbox 175 604 1658 651; baseline -0.004 0"><span class='ocrx_word' id='word_1_58' title='bbox 175 611 332 651; x_wconf 89' lang='lat' dir='ltr'><strong>ductum</strong></span> <span class='ocrx_word' id='word_1_59' title='bbox 353 609 600 651; x_wconf 89' lang='lat' dir='ltr'><strong>Ariouistum</strong></span> <span class='ocrx_word' id='word_1_60' title='bbox 621 609 737 648; x_wconf 90' lang='lat' dir='ltr'><strong>finem</strong></span> <span class='ocrx_word' id='word_1_61' title='bbox 758 607 914 648; x_wconf 90' lang='lat' dir='ltr'><strong>iniuriis</strong></span> <span class='ocrx_word' id='word_1_62' title='bbox 938 609 1144 647; x_wconf 81' lang='lat' dir='ltr'><strong>facturum.</strong></span> <span class='ocrx_word' id='word_1_63' title='bbox 1197 605 1284 646; x_wconf 87' lang='lat' dir='ltr'><strong>Hac</strong></span> <span class='ocrx_word' id='word_1_64' title='bbox 1316 604 1495 645; x_wconf 87' lang='lat' dir='ltr'><strong>oratione</strong></span> <span class='ocrx_word' id='word_1_65' title='bbox 1527 605 1658 645; x_wconf 87' lang='lat' dir='ltr'><strong>habita</strong></span> 
     </span>
     <span class='ocr_line' id='line_1_12' title="bbox 174 671 1654 723; baseline -0.004 -4"><span class='ocrx_word' id='word_1_66' title='bbox 174 679 383 719; x_wconf 90' lang='lat' dir='ltr'><strong>concilium</strong></span> <span class='ocrx_word' id='word_1_67' title='bbox 415 677 576 718; x_wconf 86' lang='lat' dir='ltr'><strong>dimisit.</strong></span> <span class='ocrx_word' id='word_1_68' title='bbox 626 675 682 716; x_wconf 83' lang='lat' dir='ltr'><strong>Et</strong></span> <span class='ocrx_word' id='word_1_69' title='bbox 711 675 924 716; x_wconf 89' lang='lat' dir='ltr'><strong>secundum</strong></span> <span class='ocrx_word' id='word_1_70' title='bbox 948 688 994 715; x_wconf 89' lang='lat' dir='ltr'><strong>ea</strong></span> <span class='ocrx_word' id='word_1_71' title='bbox 1016 675 1161 714; x_wconf 89' lang='lat' dir='ltr'><strong>multae</strong></span> <span class='ocrx_word' id='word_1_72' title='bbox 1183 687 1247 714; x_wconf 88' lang='lat' dir='ltr'><strong>res</strong></span> <span class='ocrx_word' id='word_1_73' title='bbox 1270 687 1357 714; x_wconf 90' lang='lat' dir='ltr'><strong>eum</strong></span> <span class='ocrx_word' id='word_1_74' title='bbox 1380 671 1654 723; x_wconf 77' lang='lat' dir='ltr'>hortabantur,</span> 
     </span>
     <span class='ocr_line' id='line_1_13' title="bbox 174 740 1657 800; baseline -0.005 -13"><span class='ocrx_word' id='word_1_75' title='bbox 174 760 295 800; x_wconf 86' lang='lat' dir='ltr'><strong>quare</strong></span> <span class='ocrx_word' id='word_1_76' title='bbox 316 746 389 787; x_wconf 89' lang='lat' dir='ltr'><strong>sibi</strong></span> <span class='ocrx_word' id='word_1_77' title='bbox 420 760 505 787; x_wconf 90' lang='lat' dir='ltr'><strong>eam</strong></span> <span class='ocrx_word' id='word_1_78' title='bbox 539 758 621 784; x_wconf 91' lang='lat' dir='ltr'><strong>rem</strong></span> <span class='ocrx_word' id='word_1_79' title='bbox 653 743 900 797; x_wconf 82' lang='lat' dir='ltr'><strong>cogitandam</strong></span> <span class='ocrx_word' id='word_1_80' title='bbox 931 749 971 782; x_wconf 88' lang='lat' dir='ltr'><strong>et</strong></span> <span class='ocrx_word' id='word_1_81' title='bbox 997 742 1288 796; x_wconf 82' lang='lat' dir='ltr'><strong>suscipiendam</strong></span> <span class='ocrx_word' id='word_1_82' title='bbox 1320 746 1500 794; x_wconf 88' lang='lat' dir='ltr'><strong>putaret,</strong></span> <span class='ocrx_word' id='word_1_83' title='bbox 1533 740 1657 795; x_wconf 88' lang='lat' dir='ltr'><strong>inpri-</strong></span> 
     </span>
     <span class='ocr_line' id='line_1_14' title="bbox 172 811 1659 868; baseline -0.005 -12"><span class='ocrx_word' id='word_1_84' title='bbox 172 815 261 866; x_wconf 90' lang='lat' dir='ltr'><strong>mis,</strong></span> <span class='ocrx_word' id='word_1_85' title='bbox 287 815 387 868; x_wconf 89' lang='lat' dir='ltr'><strong>quod</strong></span> <span class='ocrx_word' id='word_1_86' title='bbox 409 813 596 854; x_wconf 84' lang='lat' dir='ltr'><strong>Haeduos</strong></span> <span class='ocrx_word' id='word_1_87' title='bbox 611 843 621 863; x_wconf 90' lang='lat'><strong>,</strong></span> <span class='ocrx_word' id='word_1_88' title='bbox 657 813 804 852; x_wconf 87' lang='lat' dir='ltr'><strong>fratres</strong></span> <span class='ocrx_word' id='word_1_89' title='bbox 827 811 1223 865; x_wconf 82' lang='lat' dir='ltr'><strong>consanguineosque</strong></span> <span class='ocrx_word' id='word_1_90' title='bbox 1244 821 1530 863; x_wconf 85' lang='lat' dir='ltr'><strong>saepenumero</strong></span> <span class='ocrx_word' id='word_1_91' title='bbox 1552 822 1576 848; x_wconf 86' lang='lat' dir='ltr'><strong>a</strong></span> <span class='ocrx_word' id='word_1_92' title='bbox 1596 823 1659 849; x_wconf 89' lang='lat' dir='ltr'><strong>se-</strong></span> 
     </span>
     <span class='ocr_line' id='line_1_15' title="bbox 176 875 1660 937; baseline -0.005 -13"><span class='ocrx_word' id='word_1_93' title='bbox 176 890 269 924; x_wconf 88' lang='lat' dir='ltr'><strong>natu</strong></span> <span class='ocrx_word' id='word_1_94' title='bbox 292 882 521 937; x_wconf 87' lang='lat' dir='ltr'><strong>appellatos,</strong></span> <span class='ocrx_word' id='word_1_95' title='bbox 543 880 583 920; x_wconf 87' lang='lat' dir='ltr'><strong>in</strong></span> <span class='ocrx_word' id='word_1_96' title='bbox 605 878 800 920; x_wconf 87' lang='lat' dir='ltr'><strong>seruitute</strong></span> <span class='ocrx_word' id='word_1_97' title='bbox 822 885 939 934; x_wconf 88' lang='lat' dir='ltr'><strong>atque</strong></span> <span class='ocrx_word' id='word_1_98' title='bbox 960 878 1001 918; x_wconf 91' lang='lat' dir='ltr'><strong>in</strong></span> <span class='ocrx_word' id='word_1_99' title='bbox 1024 878 1177 918; x_wconf 87' lang='lat' dir='ltr'><strong>dicione</strong></span> <span class='ocrx_word' id='word_1_100' title='bbox 1195 875 1660 918; x_wconf 88' lang='lat' dir='ltr'><strong>uidebatGermanorum</strong></span> 
     </span>
     <span class='ocr_line' id='line_1_16' title="bbox 173 941 1662 1003; baseline -0.005 -12"><span class='ocrx_word' id='word_1_101' title='bbox 173 951 301 991; x_wconf 86' lang='lat' dir='ltr'><strong>teneri</strong></span> <span class='ocrx_word' id='word_1_102' title='bbox 330 962 541 1003; x_wconf 91' lang='lat' dir='ltr'><strong>eorumque</strong></span> <span class='ocrx_word' id='word_1_103' title='bbox 571 947 725 988; x_wconf 87' lang='lat' dir='ltr'><strong>obsides</strong></span> <span class='ocrx_word' id='word_1_104' title='bbox 764 960 854 987; x_wconf 89' lang='lat' dir='ltr'><strong>esse</strong></span> <span class='ocrx_word' id='word_1_105' title='bbox 883 947 983 1000; x_wconf 88' lang='lat' dir='ltr'><strong>apud</strong></span> <span class='ocrx_word' id='word_1_106' title='bbox 1013 945 1262 986; x_wconf 89' lang='lat' dir='ltr'><strong>Ariouistum</strong></span> <span class='ocrx_word' id='word_1_107' title='bbox 1293 957 1338 985; x_wconf 85' lang='lat' dir='ltr'><strong>ac</strong></span> <span class='ocrx_word' id='word_1_108' title='bbox 1361 941 1570 996; x_wconf 77' lang='lat' dir='ltr'><strong>Sequanos</strong></span> <span class='ocrx_word' id='word_1_109' title='bbox 1601 945 1662 984; x_wconf 91' lang='lat' dir='ltr'><strong>in-</strong></span> 
     </span>
     <span class='ocr_line' id='line_1_17' title="bbox 173 1011 1660 1072; baseline -0.003 -14"><span class='ocrx_word' id='word_1_110' title='bbox 173 1018 408 1072; x_wconf 71' lang='lat' dir='ltr'><strong>tellegebat,</strong></span> <span class='ocrx_word' id='word_1_111' title='bbox 438 1017 540 1070; x_wconf 91' lang='lat' dir='ltr'><strong>quod</strong></span> <span class='ocrx_word' id='word_1_112' title='bbox 562 1016 601 1056; x_wconf 91' lang='lat' dir='ltr'><strong>in</strong></span> <span class='ocrx_word' id='word_1_113' title='bbox 624 1022 735 1056; x_wconf 85' lang='lat' dir='ltr'><strong>tanto</strong></span> <span class='ocrx_word' id='word_1_114' title='bbox 758 1014 922 1068; x_wconf 88' lang='lat' dir='ltr'><strong>imperio</strong></span> <span class='ocrx_word' id='word_1_115' title='bbox 945 1014 1075 1068; x_wconf 87' lang='lat' dir='ltr'><strong>populi</strong></span> <span class='ocrx_word' id='word_1_116' title='bbox 1095 1012 1267 1054; x_wconf 84' lang='lat' dir='ltr'><strong>Romani</strong></span> <span class='ocrx_word' id='word_1_117' title='bbox 1292 1011 1561 1065; x_wconf 88' lang='lat' dir='ltr'><strong>turpissimum</strong></span> <span class='ocrx_word' id='word_1_118' title='bbox 1584 1012 1660 1053; x_wconf 91' lang='lat' dir='ltr'><strong>sibi</strong></span> 
     </span>
     <span class='ocr_line' id='line_1_18' title="bbox 172 1077 1703 1140; baseline -0.004 -13"><span class='ocrx_word' id='word_1_119' title='bbox 172 1093 212 1126; x_wconf 85' lang='lat' dir='ltr'><strong>et</strong></span> <span class='ocrx_word' id='word_1_120' title='bbox 231 1085 469 1140; x_wconf 89' lang='lat' dir='ltr'><strong>reipublicae</strong></span> <span class='ocrx_word' id='word_1_121' title='bbox 493 1098 582 1125; x_wconf 89' lang='lat' dir='ltr'><strong>esse</strong></span> <span class='ocrx_word' id='word_1_122' title='bbox 604 1083 884 1124; x_wconf 75' lang='lat' dir='ltr'><strong>arbitrabatur.</strong></span> <span class='ocrx_word' id='word_1_123' title='bbox 927 1080 1123 1122; x_wconf 81' lang='lat' dir='ltr'><strong>Paulatim</strong></span> <span class='ocrx_word' id='word_1_124' title='bbox 1153 1087 1282 1121; x_wconf 86' lang='lat' dir='ltr'><strong>autem</strong></span> <span class='ocrx_word' id='word_1_125' title='bbox 1316 1077 1537 1120; x_wconf 86' lang='lat' dir='ltr'><strong>Germanos</strong></span> <span class='ocrx_word' id='word_1_126' title='bbox 1561 1094 1655 1120; x_wconf 91' lang='lat' dir='ltr'><strong>con·</strong></span> <span class='ocrx_word' id='word_1_127' title='bbox 1679 1081 1703 1121; x_wconf 85' lang='lat'><strong>3</strong></span> 
     </span>
     <span class='ocr_line' id='line_1_19' title="bbox 171 1148 1660 1203; baseline -0.004 -9"><span class='ocrx_word' id='word_1_128' title='bbox 171 1167 356 1195; x_wconf 87' lang='lat' dir='ltr'><strong>suescere</strong></span> <span class='ocrx_word' id='word_1_129' title='bbox 377 1153 558 1194; x_wconf 84' lang='lat' dir='ltr'><strong>Rhenum</strong></span> <span class='ocrx_word' id='word_1_130' title='bbox 582 1151 754 1192; x_wconf 87' lang='lat' dir='ltr'><strong>transire</strong></span> <span class='ocrx_word' id='word_1_131' title='bbox 776 1158 814 1191; x_wconf 90' lang='lat' dir='ltr'><strong>et</strong></span> <span class='ocrx_word' id='word_1_132' title='bbox 836 1150 877 1191; x_wconf 89' lang='lat' dir='ltr'><strong>in</strong></span> <span class='ocrx_word' id='word_1_133' title='bbox 890 1148 1060 1190; x_wconf 88' lang='lat' dir='ltr'><strong>Galliam</strong></span> <span class='ocrx_word' id='word_1_134' title='bbox 1082 1163 1265 1203; x_wconf 88' lang='lat' dir='ltr'><strong>magnam</strong></span> <span class='ocrx_word' id='word_1_135' title='bbox 1286 1161 1422 1188; x_wconf 90' lang='lat' dir='ltr'><strong>eorum</strong></span> <span class='ocrx_word' id='word_1_136' title='bbox 1444 1148 1660 1188; x_wconf 89' lang='lat' dir='ltr'><strong>multitudi-</strong></span> 
     </span>
     <span class='ocr_line' id='line_1_20' title="bbox 171 1215 1707 1276; baseline -0.005 -13"><span class='ocrx_word' id='word_1_137' title='bbox 171 1236 260 1263; x_wconf 91' lang='lat' dir='ltr'><strong>nem</strong></span> <span class='ocrx_word' id='word_1_138' title='bbox 288 1223 426 1263; x_wconf 90' lang='lat' dir='ltr'><strong>uenire</strong></span> <span class='ocrx_word' id='word_1_139' title='bbox 457 1220 596 1276; x_wconf 88' lang='lat' dir='ltr'><strong>populo</strong></span> <span class='ocrx_word' id='word_1_140' title='bbox 627 1218 810 1259; x_wconf 88' lang='lat' dir='ltr'><strong>Romano</strong></span> <span class='ocrx_word' id='word_1_141' title='bbox 842 1218 1109 1272; x_wconf 89' lang='lat' dir='ltr'><strong>periculosum</strong></span> <span class='ocrx_word' id='word_1_142' title='bbox 1131 1216 1306 1266; x_wconf 86' lang='lat' dir='ltr'><strong>uidebat,</strong></span> <span class='ocrx_word' id='word_1_143' title='bbox 1344 1229 1472 1269; x_wconf 89' lang='lat' dir='ltr'><strong>neque</strong></span> <span class='ocrx_word' id='word_1_144' title='bbox 1495 1215 1569 1255; x_wconf 89' lang='lat' dir='ltr'><strong>sibi</strong></span> <span class='ocrx_word' id='word_1_145' title='bbox 1592 1216 1660 1256; x_wconf 87' lang='lat' dir='ltr'><strong>ho·</strong></span> <span class='ocrx_word' id='word_1_146' title='bbox 1681 1216 1707 1255; x_wconf 79' lang='lat'><strong>4</strong></span> 
     </span>
     <span class='ocr_line' id='line_1_21' title="bbox 172 1283 1660 1340; baseline -0.005 -10"><span class='ocrx_word' id='word_1_147' title='bbox 172 1290 297 1330; x_wconf 88' lang='lat' dir='ltr'><strong>mines</strong></span> <span class='ocrx_word' id='word_1_148' title='bbox 330 1290 435 1328; x_wconf 86' lang='lat' dir='ltr'><strong>feros</strong></span> <span class='ocrx_word' id='word_1_149' title='bbox 467 1302 512 1328; x_wconf 90' lang='lat' dir='ltr'><strong>ac</strong></span> <span class='ocrx_word' id='word_1_150' title='bbox 542 1288 735 1328; x_wconf 88' lang='lat' dir='ltr'><strong>barbaros</strong></span> <span class='ocrx_word' id='word_1_151' title='bbox 768 1294 1055 1340; x_wconf 87' lang='lat' dir='ltr'><strong>temperaturos</strong></span> <span class='ocrx_word' id='word_1_152' title='bbox 1085 1284 1366 1331; x_wconf 81' lang='lat' dir='ltr'><strong>existimabat,</strong></span> <span class='ocrx_word' id='word_1_153' title='bbox 1410 1283 1528 1337; x_wconf 87' lang='lat' dir='ltr'><strong>quin,</strong></span> <span class='ocrx_word' id='word_1_154' title='bbox 1573 1298 1660 1324; x_wconf 86' lang='lat' dir='ltr'><strong>cum</strong></span> 
     </span>
     <span class='ocr_line' id='line_1_22' title="bbox 173 1349 1660 1409; baseline -0.003 -12"><span class='ocrx_word' id='word_1_155' title='bbox 173 1372 328 1397; x_wconf 88' lang='lat' dir='ltr'><strong>omnem</strong></span> <span class='ocrx_word' id='word_1_156' title='bbox 351 1355 520 1397; x_wconf 87' lang='lat' dir='ltr'><strong>Galliam</strong></span> <span class='ocrx_word' id='word_1_157' title='bbox 542 1355 846 1409; x_wconf 86' lang='lat' dir='ltr'><strong>occupauissent</strong></span> <span class='ocrx_word' id='word_1_158' title='bbox 861 1385 871 1404; x_wconf 95' lang='lat'><strong>,</strong></span> <span class='ocrx_word' id='word_1_159' title='bbox 905 1361 948 1394; x_wconf 90' lang='lat' dir='ltr'><strong>ut</strong></span> <span class='ocrx_word' id='word_1_160' title='bbox 977 1362 1069 1394; x_wconf 88' lang='lat' dir='ltr'><strong>ante</strong></span> <span class='ocrx_word' id='word_1_161' title='bbox 1092 1349 1243 1392; x_wconf 89' lang='lat' dir='ltr'><strong>Cimbri</strong></span> <span class='ocrx_word' id='word_1_162' title='bbox 1267 1351 1520 1405; x_wconf 88' lang='lat' dir='ltr'><strong>Teutonique</strong></span> <span class='ocrx_word' id='word_1_163' title='bbox 1542 1352 1660 1392; x_wconf 88' lang='lat' dir='ltr'><strong>fecis-</strong></span> 
     </span>
     <span class='ocr_line' id='line_1_23' title="bbox 172 1418 1655 1478; baseline -0.003 -13"><span class='ocrx_word' id='word_1_164' title='bbox 172 1432 285 1475; x_wconf 85' lang='lat' dir='ltr'><strong>sent,</strong></span> <span class='ocrx_word' id='word_1_165' title='bbox 320 1424 360 1464; x_wconf 89' lang='lat' dir='ltr'><strong>in</strong></span> <span class='ocrx_word' id='word_1_166' title='bbox 392 1424 633 1478; x_wconf 83' lang='lat' dir='ltr'><strong>prouinciam</strong></span> <span class='ocrx_word' id='word_1_167' title='bbox 666 1423 826 1463; x_wconf 78' lang='lat' dir='ltr'><strong>exirent</strong></span> <span class='ocrx_word' id='word_1_168' title='bbox 856 1429 972 1475; x_wconf 88' lang='lat' dir='ltr'><strong>atque</strong></span> <span class='ocrx_word' id='word_1_169' title='bbox 1001 1421 1091 1461; x_wconf 90' lang='lat' dir='ltr'><strong>inde</strong></span> <span class='ocrx_word' id='word_1_170' title='bbox 1113 1421 1153 1461; x_wconf 89' lang='lat' dir='ltr'><strong>in</strong></span> <span class='ocrx_word' id='word_1_171' title='bbox 1174 1418 1328 1460; x_wconf 88' lang='lat' dir='ltr'><strong>Italiam</strong></span> <span class='ocrx_word' id='word_1_172' title='bbox 1352 1420 1655 1470; x_wconf 83' lang='lat' dir='ltr'><strong>contenderent,</strong></span> 
     </span>
     <span class='ocr_line' id='line_1_24' title="bbox 173 1486 1653 1545; baseline -0.003 -12"><span class='ocrx_word' id='word_1_173' title='bbox 173 1492 404 1545; x_wconf 81' lang='lat' dir='ltr'><strong>praesertim</strong></span> <span class='ocrx_word' id='word_1_174' title='bbox 428 1507 513 1532; x_wconf 88' lang='lat' dir='ltr'><strong>cum</strong></span> <span class='ocrx_word' id='word_1_175' title='bbox 536 1489 745 1544; x_wconf 86' lang='lat' dir='ltr'><strong>Sequanos</strong></span> <span class='ocrx_word' id='word_1_176' title='bbox 768 1505 790 1530; x_wconf 89' lang='lat' dir='ltr'><strong>a</strong></span> <span class='ocrx_word' id='word_1_177' title='bbox 812 1489 1017 1544; x_wconf 88' lang='lat' dir='ltr'><strong>prouincia</strong></span> <span class='ocrx_word' id='word_1_178' title='bbox 1040 1494 1177 1529; x_wconf 88' lang='lat' dir='ltr'><strong>nostra</strong></span> <span class='ocrx_word' id='word_1_179' title='bbox 1192 1486 1409 1527; x_wconf 83' lang='lat' dir='ltr'><strong>Rhodanus</strong></span> <span class='ocrx_word' id='word_1_180' title='bbox 1433 1487 1653 1538; x_wconf 81' lang='lat' dir='ltr'><strong>diuideret3</strong></span> 
     </span>
     <span class='ocr_line' id='line_1_25' title="bbox 167 1552 1701 1614; baseline -0.001 -15"><span class='ocrx_word' id='word_1_181' title='bbox 167 1560 304 1614; x_wconf 91' lang='lat' dir='ltr'><strong>quibus</strong></span> <span class='ocrx_word' id='word_1_182' title='bbox 326 1561 445 1601; x_wconf 87' lang='lat' dir='ltr'><strong>rebus</strong></span> <span class='ocrx_word' id='word_1_183' title='bbox 468 1574 581 1612; x_wconf 86' lang='lat' dir='ltr'><strong>quam</strong></span> <span class='ocrx_word' id='word_1_184' title='bbox 604 1559 833 1599; x_wconf 86' lang='lat' dir='ltr'><strong>maturrime</strong></span> <span class='ocrx_word' id='word_1_185' title='bbox 855 1556 1143 1598; x_wconf 87' lang='lat' dir='ltr'><strong>occurrendum</strong></span> <span class='ocrx_word' id='word_1_186' title='bbox 1174 1554 1348 1609; x_wconf 88' lang='lat' dir='ltr'><strong>putabat.</strong></span> <span class='ocrx_word' id='word_1_187' title='bbox 1402 1552 1492 1608; x_wconf 84' lang='lat' dir='ltr'><strong>Ipse</strong></span> <span class='ocrx_word' id='word_1_188' title='bbox 1524 1562 1655 1596; x_wconf 89' lang='lat' dir='ltr'><strong>autem</strong></span> <span class='ocrx_word' id='word_1_189' title='bbox 1677 1556 1701 1597; x_wconf 87' lang='lat'>5</span> 
     </span>
     <span class='ocr_line' id='line_1_26' title="bbox 170 1623 1659 1680; baseline -0.002 -13"><span class='ocrx_word' id='word_1_190' title='bbox 170 1627 397 1667; x_wconf 89' lang='lat' dir='ltr'><strong>Ariouistus</strong></span> <span class='ocrx_word' id='word_1_191' title='bbox 421 1634 551 1667; x_wconf 89' lang='lat' dir='ltr'><strong>tantos</strong></span> <span class='ocrx_word' id='word_1_192' title='bbox 574 1627 648 1666; x_wconf 86' lang='lat' dir='ltr'><strong>sibi</strong></span> <span class='ocrx_word' id='word_1_193' title='bbox 670 1627 854 1680; x_wconf 88' lang='lat' dir='ltr'><strong>spiritus,</strong></span> <span class='ocrx_word' id='word_1_194' title='bbox 890 1631 1039 1664; x_wconf 88' lang='lat' dir='ltr'><strong>tantam</strong></span> <span class='ocrx_word' id='word_1_195' title='bbox 1061 1623 1330 1677; x_wconf 79' lang='lat' dir='ltr'><strong>arrogantiam</strong></span> <span class='ocrx_word' id='word_1_196' title='bbox 1354 1629 1590 1675; x_wconf 87' lang='lat' dir='ltr'><strong>sumpserat,</strong></span> <span class='ocrx_word' id='word_1_197' title='bbox 1615 1631 1659 1664; x_wconf 89' lang='lat' dir='ltr'><strong>ut</strong></span> 
     </span>
     <span class='ocr_line' id='line_1_27' title="bbox 168 1690 1733 1746; baseline -0.002 -11"><span class='ocrx_word' id='word_1_198' title='bbox 168 1695 354 1735; x_wconf 90' lang='lat' dir='ltr'><strong>ferendus</strong></span> <span class='ocrx_word' id='word_1_199' title='bbox 377 1709 457 1735; x_wconf 89' lang='lat' dir='ltr'><strong>non</strong></span> <span class='ocrx_word' id='word_1_200' title='bbox 480 1695 697 1735; x_wconf 89' lang='lat' dir='ltr'><strong>uideretur.</strong></span> <span class='ocrx_word' id='word_1_201' title='bbox 738 1691 1003 1746; x_wconf 82' lang='lat' dir='ltr'><strong>Quamobrem</strong></span> <span class='ocrx_word' id='word_1_202' title='bbox 1028 1691 1170 1746; x_wconf 86' lang='lat' dir='ltr'><strong>placuit</strong></span> <span class='ocrx_word' id='word_1_203' title='bbox 1192 1691 1243 1740; x_wconf 79' lang='lat' dir='ltr'><strong>ei,</strong></span> <span class='ocrx_word' id='word_1_204' title='bbox 1269 1697 1310 1730; x_wconf 90' lang='lat' dir='ltr'><strong>ut</strong></span> <span class='ocrx_word' id='word_1_205' title='bbox 1331 1690 1380 1730; x_wconf 88' lang='lat' dir='ltr'><strong>ad</strong></span> <span class='ocrx_word' id='word_1_206' title='bbox 1401 1690 1651 1732; x_wconf 85' lang='lat' dir='ltr'><strong>Ariouistum</strong></span> <span class='ocrx_word' id='word_1_207' title='bbox 1675 1692 1733 1737; x_wconf 63' lang='lat'><strong>34</strong></span> 
     </span>
     <span class='ocr_line' id='line_1_28' title="bbox 167 1759 1657 1818; baseline -0.002 -15"><span class='ocrx_word' id='word_1_208' title='bbox 167 1763 319 1818; x_wconf 87' lang='lat' dir='ltr'><strong>legatos</strong></span> <span class='ocrx_word' id='word_1_209' title='bbox 341 1763 531 1812; x_wconf 89' lang='lat' dir='ltr'><strong>mitteret,</strong></span> <span class='ocrx_word' id='word_1_210' title='bbox 556 1763 621 1816; x_wconf 91' lang='lat' dir='ltr'><strong>qui</strong></span> <span class='ocrx_word' id='word_1_211' title='bbox 642 1762 689 1802; x_wconf 87' lang='lat' dir='ltr'><strong>ab</strong></span> <span class='ocrx_word' id='word_1_212' title='bbox 713 1776 759 1802; x_wconf 89' lang='lat' dir='ltr'><strong>eo</strong></span> <span class='ocrx_word' id='word_1_213' title='bbox 782 1762 1049 1816; x_wconf 87' lang='lat' dir='ltr'><strong>postularent,</strong></span> <span class='ocrx_word' id='word_1_214' title='bbox 1075 1760 1131 1800; x_wconf 92' lang='lat' dir='ltr'><strong>uti</strong></span> <span class='ocrx_word' id='word_1_215' title='bbox 1153 1759 1320 1812; x_wconf 88' lang='lat' dir='ltr'><strong>aliquem</strong></span> <span class='ocrx_word' id='word_1_216' title='bbox 1342 1759 1469 1798; x_wconf 89' lang='lat' dir='ltr'><strong>locum</strong></span> <span class='ocrx_word' id='word_1_217' title='bbox 1487 1760 1657 1800; x_wconf 88' lang='lat' dir='ltr'><strong>medium</strong></span> 
     </span>
     <span class='ocr_line' id='line_1_29' title="bbox 167 1826 1656 1885; baseline -0.003 -13"><span class='ocrx_word' id='word_1_218' title='bbox 167 1832 374 1885; x_wconf 90' lang='lat' dir='ltr'><strong>utriusque</strong></span> <span class='ocrx_word' id='word_1_219' title='bbox 396 1830 602 1883; x_wconf 92' lang='lat' dir='ltr'><strong>conloquio</strong></span> <span class='ocrx_word' id='word_1_220' title='bbox 625 1830 837 1884; x_wconf 87' lang='lat' dir='ltr'><strong>deligeret:</strong></span> <span class='ocrx_word' id='word_1_221' title='bbox 873 1829 974 1869; x_wconf 84' lang='lat' dir='ltr'><strong>uelle</strong></span> <span class='ocrx_word' id='word_1_222' title='bbox 1002 1841 1091 1869; x_wconf 89' lang='lat' dir='ltr'><strong>sese</strong></span> <span class='ocrx_word' id='word_1_223' title='bbox 1121 1828 1167 1868; x_wconf 91' lang='lat' dir='ltr'><strong>de</strong></span> <span class='ocrx_word' id='word_1_224' title='bbox 1189 1840 1233 1867; x_wconf 88' lang='lat' dir='ltr'><strong>re</strong></span> <span class='ocrx_word' id='word_1_225' title='bbox 1256 1826 1410 1881; x_wconf 89' lang='lat' dir='ltr'><strong>publica</strong></span> <span class='ocrx_word' id='word_1_226' title='bbox 1433 1833 1473 1866; x_wconf 90' lang='lat' dir='ltr'><strong>et</strong></span> <span class='ocrx_word' id='word_1_227' title='bbox 1493 1829 1656 1868; x_wconf 89' lang='lat' dir='ltr'><strong>summis</strong></span> 
     </span>
    </p>
   </div>
   <div class='ocr_carea' id='block_1_7' title="bbox 1680 673 1706 712">
    <p class='ocr_par' dir='ltr' id='par_1_7' title="bbox 1680 673 1706 712">
     <span class='ocr_line' id='line_1_30' title="bbox 1680 673 1706 712; textangle 90"><span class='ocrx_word' id='word_1_228' title='bbox 1680 673 1706 712; x_wconf 64' lang='grc' dir='ltr'><strong>(ὗ</strong></span> 
     </span>
    </p>
   </div>
   <div class='ocr_carea' id='block_1_8' title="bbox 119 1895 1702 1953">
    <p class='ocr_par' dir='ltr' id='par_1_8' title="bbox 119 1895 1702 1953">
     <span class='ocr_line' id='line_1_31' title="bbox 119 1895 1702 1953; baseline -0.001 -14"><span class='ocrx_word' id='word_1_229' title='bbox 119 1908 131 1924; x_wconf 69' lang='lat'>⁷</span> <span class='ocrx_word' id='word_1_230' title='bbox 167 1899 370 1952; x_wconf 89' lang='lat' dir='ltr'><strong>utriusque</strong></span> <span class='ocrx_word' id='word_1_231' title='bbox 391 1899 510 1939; x_wconf 86' lang='lat' dir='ltr'><strong>rebus</strong></span> <span class='ocrx_word' id='word_1_232' title='bbox 533 1913 617 1938; x_wconf 89' lang='lat' dir='ltr'><strong>cum</strong></span> <span class='ocrx_word' id='word_1_233' title='bbox 641 1912 687 1939; x_wconf 91' lang='lat' dir='ltr'><strong>eo</strong></span> <span class='ocrx_word' id='word_1_234' title='bbox 710 1912 846 1953; x_wconf 86' lang='lat' dir='ltr'><strong>agere.</strong></span> <span class='ocrx_word' id='word_1_235' title='bbox 890 1896 941 1937; x_wconf 90' lang='lat' dir='ltr'><strong>Ei</strong></span> <span class='ocrx_word' id='word_1_236' title='bbox 963 1895 1154 1949; x_wconf 88' lang='lat' dir='ltr'><strong>legationi</strong></span> <span class='ocrx_word' id='word_1_237' title='bbox 1170 1895 1400 1935; x_wconf 83' lang='lat' dir='ltr'><strong>Ariouistus</strong></span> <span class='ocrx_word' id='word_1_238' title='bbox 1423 1895 1649 1948; x_wconf 86' lang='lat' dir='ltr'><strong>respondit:</strong></span> <span class='ocrx_word' id='word_1_239' title='bbox 1676 1898 1702 1937; x_wconf 76' lang='lat'>2</span> 
     </span>
    </p>
   </div>
   <div class='ocr_carea' id='block_1_9' title="bbox 164 1963 1700 2225">
    <p class='ocr_par' dir='ltr' id='par_1_9' title="bbox 164 1963 1700 2225">
     <span class='ocr_line' id='line_1_32' title="bbox 167 1963 1648 2020; baseline -0.002 -13"><span class='ocrx_word' id='word_1_240' title='bbox 167 1965 211 2007; x_wconf 92' lang='lat' dir='ltr'><strong>Si</strong></span> <span class='ocrx_word' id='word_1_241' title='bbox 234 1967 322 2020; x_wconf 87' lang='lat' dir='ltr'><strong>quid</strong></span> <span class='ocrx_word' id='word_1_242' title='bbox 343 1966 417 2020; x_wconf 90' lang='lat' dir='ltr'><strong>ipsi</strong></span> <span class='ocrx_word' id='word_1_243' title='bbox 438 1981 460 2007; x_wconf 85' lang='lat' dir='ltr'><strong>a</strong></span> <span class='ocrx_word' id='word_1_244' title='bbox 483 1964 658 2007; x_wconf 87' lang='lat' dir='ltr'><strong>Caesare</strong></span> <span class='ocrx_word' id='word_1_245' title='bbox 682 1980 778 2020; x_wconf 93' lang='lat' dir='ltr'><strong>opus</strong></span> <span class='ocrx_word' id='word_1_246' title='bbox 801 1972 932 2015; x_wconf 91' lang='lat' dir='ltr'><strong>esset,</strong></span> <span class='ocrx_word' id='word_1_247' title='bbox 969 1977 1058 2004; x_wconf 88' lang='lat' dir='ltr'><strong>sese</strong></span> <span class='ocrx_word' id='word_1_248' title='bbox 1090 1964 1137 2004; x_wconf 88' lang='lat' dir='ltr'><strong>ad</strong></span> <span class='ocrx_word' id='word_1_249' title='bbox 1160 1977 1247 2004; x_wconf 90' lang='lat' dir='ltr'><strong>eum</strong></span> <span class='ocrx_word' id='word_1_250' title='bbox 1270 1970 1478 2003; x_wconf 88' lang='lat' dir='ltr'><strong>uenturum</strong></span> <span class='ocrx_word' id='word_1_251' title='bbox 1503 1963 1648 2014; x_wconf 70' lang='lat' dir='ltr'><strong>fuisse,</strong></span> 
     </span>
     <span class='ocr_line' id='line_1_33' title="bbox 167 2029 1700 2088; baseline -0.003 -13"><span class='ocrx_word' id='word_1_252' title='bbox 167 2035 200 2075; x_wconf 92' lang='lat' dir='ltr'><strong>si</strong></span> <span class='ocrx_word' id='word_1_253' title='bbox 223 2034 312 2088; x_wconf 90' lang='lat' dir='ltr'><strong>quid</strong></span> <span class='ocrx_word' id='word_1_254' title='bbox 332 2034 398 2075; x_wconf 89' lang='lat' dir='ltr'><strong>ille</strong></span> <span class='ocrx_word' id='word_1_255' title='bbox 420 2048 462 2075; x_wconf 80' lang='lat' dir='ltr'><strong>se.</strong></span> <span class='ocrx_word' id='word_1_256' title='bbox 484 2035 594 2082; x_wconf 83' lang='lat' dir='ltr'><strong>uelit,</strong></span> <span class='ocrx_word' id='word_1_257' title='bbox 618 2035 725 2074; x_wconf 93' lang='lat' dir='ltr'><strong>illum</strong></span> <span class='ocrx_word' id='word_1_258' title='bbox 749 2034 797 2074; x_wconf 89' lang='lat' dir='ltr'><strong>ad</strong></span> <span class='ocrx_word' id='word_1_259' title='bbox 819 2047 861 2074; x_wconf 89' lang='lat' dir='ltr'><strong>se</strong></span> <span class='ocrx_word' id='word_1_260' title='bbox 884 2032 1018 2073; x_wconf 91' lang='lat' dir='ltr'><strong>uenire</strong></span> <span class='ocrx_word' id='word_1_261' title='bbox 1041 2038 1239 2086; x_wconf 83' lang='lat' dir='ltr'><strong>oportere.</strong></span> <span class='ocrx_word' id='word_1_262' title='bbox 1278 2029 1497 2072; x_wconf 87' lang='lat' dir='ltr'><strong>Praeterea</strong></span> <span class='ocrx_word' id='word_1_263' title='bbox 1518 2045 1561 2072; x_wconf 88' lang='lat' dir='ltr'><strong>sc</strong></span> <span class='ocrx_word' id='word_1_264' title='bbox 1585 2046 1653 2072; x_wconf 86' lang='lat' dir='ltr'><strong>ne·</strong></span> <span class='ocrx_word' id='word_1_265' title='bbox 1675 2030 1700 2071; x_wconf 83' lang='lat'><strong>3</strong></span> 
     </span>
     <span class='ocr_line' id='line_1_34' title="bbox 164 2096 1655 2156; baseline -0.001 -15"><span class='ocrx_word' id='word_1_266' title='bbox 164 2116 238 2156; x_wconf 89' lang='lat' dir='ltr'><strong>que</strong></span> <span class='ocrx_word' id='word_1_267' title='bbox 259 2103 345 2143; x_wconf 88' lang='lat' dir='ltr'><strong>sine</strong></span> <span class='ocrx_word' id='word_1_268' title='bbox 367 2103 545 2143; x_wconf 77' lang='lat' dir='ltr'><strong>exercitu</strong></span> <span class='ocrx_word' id='word_1_269' title='bbox 567 2103 606 2142; x_wconf 90' lang='lat' dir='ltr'><strong>in</strong></span> <span class='ocrx_word' id='word_1_270' title='bbox 629 2116 696 2143; x_wconf 87' lang='lat' dir='ltr'><strong>eas</strong></span> <span class='ocrx_word' id='word_1_271' title='bbox 718 2109 850 2156; x_wconf 89' lang='lat' dir='ltr'><strong>partes</strong></span> <span class='ocrx_word' id='word_1_272' title='bbox 864 2099 1018 2142; x_wconf 82' lang='lat' dir='ltr'><strong>Galliae</strong></span> <span class='ocrx_word' id='word_1_273' title='bbox 1040 2100 1179 2141; x_wconf 89' lang='lat' dir='ltr'><strong>uenire</strong></span> <span class='ocrx_word' id='word_1_274' title='bbox 1201 2099 1363 2149; x_wconf 88' lang='lat' dir='ltr'><strong>audere,</strong></span> <span class='ocrx_word' id='word_1_275' title='bbox 1389 2113 1486 2152; x_wconf 91' lang='lat' dir='ltr'><strong>quas</strong></span> <span class='ocrx_word' id='word_1_276' title='bbox 1501 2096 1655 2140; x_wconf 86' lang='lat' dir='ltr'><strong>Caesar</strong></span> 
     </span>
     <span class='ocr_line' id='line_1_35' title="bbox 166 2169 1653 2225; baseline -0.001 -14"><span class='ocrx_word' id='word_1_277' title='bbox 166 2171 412 2225; x_wconf 82' lang='lat' dir='ltr'><strong>possideret,</strong></span> <span class='ocrx_word' id='word_1_278' title='bbox 446 2184 572 2223; x_wconf 88' lang='lat' dir='ltr'><strong>neque</strong></span> <span class='ocrx_word' id='word_1_279' title='bbox 604 2170 824 2210; x_wconf 80' lang='lat' dir='ltr'><strong>exercitum</strong></span> <span class='ocrx_word' id='word_1_280' title='bbox 857 2169 943 2209; x_wconf 89' lang='lat' dir='ltr'><strong>sine</strong></span> <span class='ocrx_word' id='word_1_281' title='bbox 976 2182 1119 2221; x_wconf 88' lang='lat' dir='ltr'><strong>magno</strong></span> <span class='ocrx_word' id='word_1_282' title='bbox 1152 2174 1372 2208; x_wconf 88' lang='lat' dir='ltr'><strong>commeatu</strong></span> <span class='ocrx_word' id='word_1_283' title='bbox 1400 2175 1519 2221; x_wconf 87' lang='lat' dir='ltr'><strong>atque</strong></span> <span class='ocrx_word' id='word_1_284' title='bbox 1541 2169 1653 2209; x_wconf 90' lang='lat' dir='ltr'><strong>moli-</strong></span> 
     </span>
    </p>
   </div>
   <div class='ocr_carea' id='block_1_10' title="bbox 163 2233 1703 2838">
    <p class='ocr_par' dir='ltr' id='par_1_10' title="bbox 163 2233 1703 2430">
     <span class='ocr_line' id='line_1_36' title="bbox 163 2233 1703 2292; baseline -0.001 -13"><span class='ocrx_word' id='word_1_285' title='bbox 163 2239 347 2279; x_wconf 89' lang='lat' dir='ltr'><strong>mentoin</strong></span> <span class='ocrx_word' id='word_1_286' title='bbox 370 2253 487 2279; x_wconf 90' lang='lat' dir='ltr'><strong>unum</strong></span> <span class='ocrx_word' id='word_1_287' title='bbox 510 2240 637 2280; x_wconf 87' lang='lat' dir='ltr'><strong>locum</strong></span> <span class='ocrx_word' id='word_1_288' title='bbox 661 2238 896 2279; x_wconf 86' lang='lat' dir='ltr'><strong>contrahere</strong></span> <span class='ocrx_word' id='word_1_289' title='bbox 918 2250 1050 2292; x_wconf 89' lang='lat' dir='ltr'><strong>posse.</strong></span> <span class='ocrx_word' id='word_1_290' title='bbox 1086 2233 1171 2276; x_wconf 84' lang='lat' dir='ltr'><strong>Sibi</strong></span> <span class='ocrx_word' id='word_1_291' title='bbox 1194 2242 1323 2276; x_wconf 86' lang='lat' dir='ltr'><strong>autem</strong></span> <span class='ocrx_word' id='word_1_292' title='bbox 1348 2235 1486 2276; x_wconf 88' lang='lat' dir='ltr'><strong>mirum</strong></span> <span class='ocrx_word' id='word_1_293' title='bbox 1508 2236 1651 2287; x_wconf 83' lang='lat' dir='ltr'><strong>uideri,</strong></span> <span class='ocrx_word' id='word_1_294' title='bbox 1678 2237 1703 2277; x_wconf 84' lang='lat'>4</span> 
     </span>
     <span class='ocr_line' id='line_1_37' title="bbox 308 2383 1649 2430; baseline -0.004 -7"><span class='ocrx_word' id='word_1_295' title='bbox 308 2390 329 2423; x_wconf 81' lang='lat'>2</span> <span class='ocrx_word' id='word_1_296' title='bbox 348 2389 554 2430; x_wconf 83' lang='lat' dir='ltr'><strong>recipissent</strong></span> <span class='ocrx_word' id='word_1_297' title='bbox 571 2399 617 2420; x_wconf 85' lang='lat' dir='ltr'><strong>m.</strong></span> <span class='ocrx_word' id='word_1_298' title='bbox 636 2398 694 2429; x_wconf 88' lang='lat' dir='ltr'><strong>pr.</strong></span> <span class='ocrx_word' id='word_1_299' title='bbox 715 2388 757 2420; x_wconf 88' lang='lat' dir='ltr'><strong>B.</strong></span> <span class='ocrx_word' id='word_1_300' title='bbox 898 2388 917 2419; x_wconf 81' lang='lat'><strong>4</strong></span> <span class='ocrx_word' id='word_1_301' title='bbox 939 2385 1075 2417; x_wconf 81' lang='lat' dir='ltr'><strong>suturae</strong></span> <span class='ocrx_word' id='word_1_302' title='bbox 1097 2385 1128 2416; x_wconf 87' lang='lat' dir='ltr'><strong>b.</strong></span> <span class='ocrx_word' id='word_1_303' title='bbox 1269 2384 1287 2416; x_wconf 88' lang='grc'><strong>6</strong></span> <span class='ocrx_word' id='word_1_304' title='bbox 1308 2383 1384 2426; x_wconf 83' lang='lat' dir='ltr'><strong>hac]</strong></span> <span class='ocrx_word' id='word_1_305' title='bbox 1407 2394 1445 2416; x_wconf 86' lang='lat' dir='ltr'><strong>ac</strong></span> <span class='ocrx_word' id='word_1_306' title='bbox 1463 2395 1509 2416; x_wconf 88' lang='lat' dir='ltr'><strong>m.</strong></span> <span class='ocrx_word' id='word_1_307' title='bbox 1526 2395 1586 2426; x_wconf 83' lang='lat' dir='ltr'><strong>pr.</strong></span> <span class='ocrx_word' id='word_1_308' title='bbox 1610 2386 1649 2417; x_wconf 87' lang='lat' dir='ltr'><strong>B.</strong></span> 
     </span>
    </p>

    <p class='ocr_par' dir='ltr' id='par_1_11' title="bbox 166 2437 1650 2584">
     <span class='ocr_line' id='line_1_38' title="bbox 271 2437 1650 2479; baseline -0.001 -8"><span class='ocrx_word' id='word_1_309' title='bbox 271 2439 289 2472; x_wconf 91' lang='grc'>7</span> <span class='ocrx_word' id='word_1_310' title='bbox 309 2440 456 2472; x_wconf 86' lang='lat' dir='ltr'><strong>dimissit</strong></span> <span class='ocrx_word' id='word_1_311' title='bbox 474 2444 557 2472; x_wconf 68' lang='lat' dir='ltr'><strong>anre</strong></span> <span class='ocrx_word' id='word_1_312' title='bbox 576 2450 666 2472; x_wconf 75' lang='lat' dir='ltr'><strong>corr.</strong></span> <span class='ocrx_word' id='word_1_313' title='bbox 686 2440 726 2471; x_wconf 76' lang='grc' dir='ltr'><strong>Β.</strong></span> <span class='ocrx_word' id='word_1_314' title='bbox 871 2439 909 2471; x_wconf 85' lang='lat'><strong>10</strong></span> <span class='ocrx_word' id='word_1_315' title='bbox 929 2438 1134 2469; x_wconf 86' lang='lat' dir='ltr'><strong>seruitutem</strong></span> <span class='ocrx_word' id='word_1_316' title='bbox 1151 2437 1198 2468; x_wconf 89' lang='lat' dir='ltr'><strong>D.</strong></span> <span class='ocrx_word' id='word_1_317' title='bbox 1339 2437 1468 2470; x_wconf 89' lang='lat' dir='ltr'><strong>ditione</strong></span> <span class='ocrx_word' id='word_1_318' title='bbox 1487 2448 1650 2479; x_wconf 72' lang='lat' dir='ltr'><strong>supr-asc.</strong></span> 
     </span>
     <span class='ocr_line' id='line_1_39' title="bbox 166 2489 1650 2533; baseline -0.001 -11"><span class='ocrx_word' id='word_1_319' title='bbox 166 2501 233 2523; x_wconf 79' lang='lat' dir='ltr'><strong>sec.</strong></span> <span class='ocrx_word' id='word_1_320' title='bbox 253 2502 300 2525; x_wconf 88' lang='lat' dir='ltr'><strong>m.</strong></span> <span class='ocrx_word' id='word_1_321' title='bbox 321 2493 361 2524; x_wconf 88' lang='lat' dir='ltr'><strong>de</strong></span> <span class='ocrx_word' id='word_1_322' title='bbox 380 2493 427 2533; x_wconf 89' lang='lat' dir='ltr'><strong>B,</strong></span> <span class='ocrx_word' id='word_1_323' title='bbox 449 2493 622 2525; x_wconf 89' lang='lat' dir='ltr'><strong>deditione</strong></span> <span class='ocrx_word' id='word_1_324' title='bbox 643 2493 670 2525; x_wconf 89' lang='lat' dir='ltr'><em>C</em></span> <span class='ocrx_word' id='word_1_325' title='bbox 684 2495 698 2524; x_wconf 89' lang='lat'><strong><em>?</em></strong></span> <span class='ocrx_word' id='word_1_326' title='bbox 718 2493 734 2524; x_wconf 87' lang='lat' dir='ltr'><strong>b</strong></span> <span class='ocrx_word' id='word_1_327' title='bbox 749 2492 783 2523; x_wconf 86' lang='lat' dir='ltr'><strong>(l.</strong></span> <span class='ocrx_word' id='word_1_328' title='bbox 894 2491 934 2524; x_wconf 81' lang='lat'><strong>13</strong></span> <span class='ocrx_word' id='word_1_329' title='bbox 954 2489 1144 2533; x_wconf 85' lang='lat' dir='ltr'><strong>paullatim,</strong></span> <span class='ocrx_word' id='word_1_330' title='bbox 1165 2491 1319 2530; x_wconf 69' lang='lat' dir='ltr'><strong>itemque</strong></span> <span class='ocrx_word' id='word_1_331' title='bbox 1337 2489 1500 2531; x_wconf 86' lang='lat' dir='ltr'><strong>paullum,</strong></span> <span class='ocrx_word' id='word_1_332' title='bbox 1521 2490 1650 2532; x_wconf 89' lang='lat' dir='ltr'><strong>paullo,</strong></span> 
     </span>
     <span class='ocr_line' id='line_1_40' title="bbox 168 2540 1650 2584; baseline -0.001 -11"><span class='ocrx_word' id='word_1_333' title='bbox 168 2541 353 2584; x_wconf 84' lang='lat' dir='ltr'><strong>paullisper</strong></span> <span class='ocrx_word' id='word_1_334' title='bbox 370 2548 494 2576; x_wconf 72' lang='lat' dir='ltr'><strong>contra</strong></span> <span class='ocrx_word' id='word_1_335' title='bbox 513 2545 614 2576; x_wconf 85' lang='lat' dir='ltr'><strong>codd.</strong></span> <span class='ocrx_word' id='word_1_336' title='bbox 635 2545 766 2584; x_wconf 75' lang='lat' dir='ltr'><strong>ubique</strong></span> <span class='ocrx_word' id='word_1_337' title='bbox 785 2552 820 2574; x_wconf 71' lang='grc' dir='ltr'><strong>τι.</strong></span> <span class='ocrx_word' id='word_1_338' title='bbox 991 2541 1030 2573; x_wconf 82' lang='lat'><strong>15</strong></span> <span class='ocrx_word' id='word_1_339' title='bbox 1049 2540 1191 2571; x_wconf 85' lang='lat' dir='ltr'><strong>uidebat</strong></span> <span class='ocrx_word' id='word_1_340' title='bbox 1207 2549 1254 2570; x_wconf 83' lang='lat' dir='ltr'><strong>m.</strong></span> <span class='ocrx_word' id='word_1_341' title='bbox 1274 2550 1342 2570; x_wconf 81' lang='lat' dir='ltr'><strong>sec.</strong></span> <span class='ocrx_word' id='word_1_342' title='bbox 1363 2550 1474 2581; x_wconf 76' lang='lat' dir='ltr'><strong>supra</strong></span> <span class='ocrx_word' id='word_1_343' title='bbox 1493 2551 1586 2572; x_wconf 75' lang='lat' dir='ltr'><strong>vers.</strong></span> <span class='ocrx_word' id='word_1_344' title='bbox 1606 2542 1650 2573; x_wconf 86' lang='lat' dir='ltr'><strong>B.</strong></span> 
     </span>
    </p>

    <p class='ocr_par' dir='ltr' id='par_1_12' title="bbox 169 2590 1654 2838">
     <span class='ocr_line' id='line_1_41' title="bbox 311 2590 1650 2637; baseline -0.003 -11"><span class='ocrx_word' id='word_1_345' title='bbox 311 2594 351 2626; x_wconf 82' lang='lat'><strong>16</strong></span> <span class='ocrx_word' id='word_1_346' title='bbox 370 2599 663 2637; x_wconf 84' lang='lat' dir='ltr'><strong>optemperaturos</strong></span> <span class='ocrx_word' id='word_1_347' title='bbox 682 2594 764 2634; x_wconf 85' lang='lat' dir='ltr'><strong>Ae,</strong></span> <span class='ocrx_word' id='word_1_348' title='bbox 794 2593 1090 2634; x_wconf 85' lang='lat' dir='ltr'><strong>obtemperaturos</strong></span> <span class='ocrx_word' id='word_1_349' title='bbox 1115 2591 1146 2623; x_wconf 89' lang='lat' dir='ltr'><em>B</em></span> <span class='ocrx_word' id='word_1_350' title='bbox 1169 2593 1206 2621; x_wconf 70' lang='lat' dir='ltr'><strong>ec</strong></span> <span class='ocrx_word' id='word_1_351' title='bbox 1228 2590 1525 2632; x_wconf 75' lang='lat' dir='ltr'><strong>reliquipraeter</strong></span> <span class='ocrx_word' id='word_1_352' title='bbox 1542 2602 1650 2623; x_wconf 76' lang='lat' dir='ltr'><strong>unum</strong></span> 
     </span>
     <span class='ocr_line' id='line_1_42' title="bbox 169 2641 1654 2688; baseline -0.003 -10"><span class='ocrx_word' id='word_1_353' title='bbox 169 2641 238 2673; x_wconf 70' lang='lat' dir='ltr'><strong>det·</strong></span> <span class='ocrx_word' id='word_1_354' title='bbox 395 2645 433 2678; x_wconf 88' lang='lat'><strong>17</strong></span> <span class='ocrx_word' id='word_1_355' title='bbox 453 2646 716 2688; x_wconf 86' lang='lat' dir='ltr'><strong>occupauissent</strong></span> <span class='ocrx_word' id='word_1_356' title='bbox 734 2644 876 2686; x_wconf 83' lang='lat' dir='ltr'><em>ACDf</em></span> <span class='ocrx_word' id='word_1_357' title='bbox 887 2643 1048 2684; x_wconf 73' lang='lat' dir='ltr'><strong>aliique,</strong></span> <span class='ocrx_word' id='word_1_358' title='bbox 1079 2641 1322 2684; x_wconf 85' lang='lat' dir='ltr'><strong>occupauisset</strong></span> <span class='ocrx_word' id='word_1_359' title='bbox 1339 2642 1393 2681; x_wconf 89' lang='grc' dir='ltr'><strong>Ε,·</strong></span> <span class='ocrx_word' id='word_1_360' title='bbox 1426 2648 1654 2686; x_wconf 76' lang='lat' dir='ltr'><strong>occupassent</strong></span> 
     </span>
     <span class='ocr_line' id='line_1_43' title="bbox 171 2691 1533 2737; baseline -0.007 -6"><span class='ocrx_word' id='word_1_361' title='bbox 171 2694 255 2733; x_wconf 51' lang='grc' dir='ltr'><strong>(ΒΝ</strong></span> <span class='ocrx_word' id='word_1_362' title='bbox 273 2703 307 2724; x_wconf 73' lang='lat' dir='ltr'><strong>u-</strong></span> <span class='ocrx_word' id='word_1_363' title='bbox 449 2696 488 2728; x_wconf 74' lang='lat'><strong>19</strong></span> <span class='ocrx_word' id='word_1_364' title='bbox 507 2695 665 2728; x_wconf 88' lang='lat' dir='ltr'><strong>Rodanus</strong></span> <span class='ocrx_word' id='word_1_365' title='bbox 684 2705 844 2737; x_wconf 79' lang='lat' dir='ltr'><strong>suprasc.</strong></span> <span class='ocrx_word' id='word_1_366' title='bbox 868 2694 885 2725; x_wconf 91' lang='lat' dir='ltr'><strong>h</strong></span> <span class='ocrx_word' id='word_1_367' title='bbox 906 2694 947 2725; x_wconf 90' lang='lat' dir='ltr'><strong>B.</strong></span> <span class='ocrx_word' id='word_1_368' title='bbox 1087 2692 1127 2726; x_wconf 75' lang='lat'><strong>21</strong></span> <span class='ocrx_word' id='word_1_369' title='bbox 1156 2697 1285 2724; x_wconf 83' lang='lat' dir='ltr'><strong>tantam</strong></span> <span class='ocrx_word' id='word_1_370' title='bbox 1305 2692 1369 2724; x_wconf 90' lang='lat' dir='ltr'><strong>sibi</strong></span> <span class='ocrx_word' id='word_1_371' title='bbox 1389 2701 1458 2723; x_wconf 86' lang='lat' dir='ltr'><strong>arr.</strong></span> <span class='ocrx_word' id='word_1_372' title='bbox 1487 2691 1533 2722; x_wconf 90' lang='lat' dir='ltr'><strong>D.</strong></span> 
     </span>
     <span class='ocr_line' id='line_1_44' title="bbox 170 2741 1653 2788; baseline -0.001 -14"><span class='ocrx_word' id='word_1_373' title='bbox 170 2744 210 2775; x_wconf 68' lang='lat'><strong>2¹2</strong></span> <span class='ocrx_word' id='word_1_374' title='bbox 240 2743 374 2785; x_wconf 87' lang='lat' dir='ltr'><strong>utrique</strong></span> <span class='ocrx_word' id='word_1_375' title='bbox 400 2744 430 2776; x_wconf 82' lang='lat' dir='ltr'><strong>b.</strong></span> <span class='ocrx_word' id='word_1_376' title='bbox 579 2746 775 2788; x_wconf 87' lang='lat' dir='ltr'><strong>(conloquio</strong></span> <span class='ocrx_word' id='word_1_377' title='bbox 794 2745 862 2777; x_wconf 90' lang='lat' dir='ltr'><strong>AB</strong></span> <span class='ocrx_word' id='word_1_378' title='bbox 876 2743 950 2787; x_wconf 84' lang='lat' dir='ltr'><strong>Cf)</strong></span> <span class='ocrx_word' id='word_1_379' title='bbox 970 2742 1127 2785; x_wconf 90' lang='lat' dir='ltr'><strong>colloquii</strong></span> <span class='ocrx_word' id='word_1_380' title='bbox 1148 2743 1180 2775; x_wconf 84' lang='lat' dir='ltr'><strong>b.</strong></span> <span class='ocrx_word' id='word_1_381' title='bbox 1320 2741 1503 2784; x_wconf 87' lang='lat' dir='ltr'><strong>deligeret]</strong></span> <span class='ocrx_word' id='word_1_382' title='bbox 1523 2741 1653 2774; x_wconf 89' lang='lat' dir='ltr'><strong>diceret</strong></span> 
     </span>
     <span class='ocr_line' id='line_1_45' title="bbox 171 2793 1652 2838; baseline -0.004 -9"><span class='ocrx_word' id='word_1_383' title='bbox 171 2804 205 2824; x_wconf 77' lang='lat'><strong>²1-</strong></span> <span class='ocrx_word' id='word_1_384' title='bbox 243 2793 281 2824; x_wconf 88' lang='lat' dir='ltr'><strong>l’-</strong></span> <span class='ocrx_word' id='word_1_385' title='bbox 304 2795 357 2825; x_wconf 79' lang='lat'><strong>55·</strong></span> <span class='ocrx_word' id='word_1_386' title='bbox 531 2796 573 2830; x_wconf 71' lang='lat'><strong>20</strong></span> <span class='ocrx_word' id='word_1_387' title='bbox 601 2796 678 2838; x_wconf 80' lang='lat' dir='ltr'><strong>ipsi]</strong></span> <span class='ocrx_word' id='word_1_388' title='bbox 699 2797 730 2828; x_wconf 86' lang='lat' dir='ltr'><strong>ei</strong></span> <span class='ocrx_word' id='word_1_389' title='bbox 750 2797 781 2827; x_wconf 80' lang='lat' dir='ltr'><strong>b.</strong></span> <span class='ocrx_word' id='word_1_390' title='bbox 960 2795 1002 2826; x_wconf 77' lang='lat'><strong>29</strong></span> <span class='ocrx_word' id='word_1_391' title='bbox 1023 2794 1215 2825; x_wconf 87' lang='lat' dir='ltr'><strong>molimento</strong></span> <span class='ocrx_word' id='word_1_392' title='bbox 1234 2793 1418 2833; x_wconf 58' lang='lat' dir='ltr'><strong>Faernus,</strong></span> <span class='ocrx_word' id='word_1_393' title='bbox 1439 2793 1652 2824; x_wconf 85' lang='lat' dir='ltr'><strong>emolimento</strong></span> 
     </span>
    </p>
   </div>
   <div class='ocr_carea' id='block_1_11' title="bbox 172 2845 1099 2889">
    <p class='ocr_par' dir='ltr' id='par_1_13' title="bbox 172 2845 1099 2889">
     <span class='ocr_line' id='line_1_46' title="bbox 172 2845 1099 2889; baseline 0 -14"><span class='ocrx_word' id='word_1_394' title='bbox 172 2856 216 2875; x_wconf 82' lang='lat' dir='ltr'><strong>m.</strong></span> <span class='ocrx_word' id='word_1_395' title='bbox 238 2855 304 2876; x_wconf 78' lang='lat' dir='ltr'><strong>sec.</strong></span> <span class='ocrx_word' id='word_1_396' title='bbox 326 2856 347 2876; x_wconf 94' lang='lat' dir='ltr'><strong>u</strong></span> <span class='ocrx_word' id='word_1_397' title='bbox 364 2855 469 2888; x_wconf 79' lang='lat' dir='ltr'><strong>super</strong></span> <span class='ocrx_word' id='word_1_398' title='bbox 486 2846 679 2889; x_wconf 60' lang='lat' dir='ltr'><strong>ipos-ilas,</strong></span> <span class='ocrx_word' id='word_1_399' title='bbox 706 2846 933 2878; x_wconf 83' lang='lat' dir='ltr'><strong>emolumento</strong></span> <span class='ocrx_word' id='word_1_400' title='bbox 952 2845 1099 2886; x_wconf 63' lang='lat' dir='ltr'><strong>reliqus.</strong></span> 
     </span>
    </p>
   </div>
   <div class='ocr_carea' id='block_1_12' title="bbox 1367 2904 1450 2944">
    <p class='ocr_par' dir='ltr' id='par_1_14' title="bbox 1367 2904 1450 2944">
     <span class='ocr_line' id='line_1_47' title="bbox 1367 2904 1450 2944; baseline 0.012 -1"><span class='ocrx_word' id='word_1_401' title='bbox 1367 2904 1450 2944; x_wconf 67' lang='lat'><strong>18*</strong></span> 
     </span>
    </p>
   </div>
  </div>
 </body>
</html>
