1835 3240
719 172 1120 214 ——25—

178 302 247 342 pro
276 285 490 327 indicatiuo
522 283 582 337 (2,
613 283 647 324 1.
693 284 761 336 13,
786 285 827 326 7.
860 285 931 336 22,
955 284 996 326 6.
1030 285 1102 335 27,
1126 284 1167 325 6.
1201 283 1270 335 32,
1297 284 1339 324 6.
1374 285 1442 336 33,
1469 286 1508 327 5.
1543 286 1612 338 35,
1636 288 1663 330 2

177 361 217 395 et
237 352 277 393 3.
312 351 381 402 37,
408 352 446 392 1.
481 351 550 402 38,
577 352 619 405 1)
652 360 691 393 et
720 354 759 393 in
794 354 866 394 hoc
897 367 1049 406 quoque
1072 366 1219 406 genere
1242 352 1663 406 plusquamperfectum

176 435 246 475 pro
276 420 505 474 imperfecto
535 421 576 470 2,
601 420 642 459 3.
677 418 717 470 3,
742 418 783 460 8.
820 419 887 470 11,
912 420 954 461 2.
991 419 1060 469 13,
1089 420 1129 459 2.
1167 418 1234 469 19,
1260 419 1300 460 7.
1334 419 1404 469 22,
1429 420 1455 461 2
1476 420 1535 460 bis
1560 429 1599 461 et
1620 422 1661 462 3.

176 486 245 536 37,
278 488 320 528 2.
363 486 494 541 Atque
524 487 558 528 is
583 488 859 528 coniunctiuus
883 487 999 527 etiam
1023 502 1238 541 pronomen
1262 488 1406 538 traxit,
1442 495 1483 527 ut
1505 489 1665 529 reflexi-

174 569 265 595 uum
296 569 364 609 pro
388 555 697 595 demonstratiuo
721 562 957 609 poneretur,
992 569 1026 594 e.
1051 555 1121 603 22,
1147 553 1173 594 6
1208 556 1566 610 ‘principibusque,
1601 557 1665 608 qui

174 622 247 663 sibi
279 622 469 663 contrarii
501 622 691 673 fuissent,
726 622 986 672 interfectis',
1022 622 1280 676 similiterque
1313 638 1348 664 c.
1380 624 1451 673 28,
1484 623 1513 663 2
1541 625 1666 664 corri-

175 691 344 744 gendum
377 691 472 731 suit:
510 688 840 731 ‘Vrsaonensium
874 689 1048 739 ciuitati,
1083 691 1147 743 qui
1180 692 1241 731 sui
1278 691 1447 732 fuissent
1469 693 1663 742 fautores,

174 766 289 800 antea
329 758 482 799 litteras
524 757 716 798 miserat’.
782 756 1050 810 Quamobrem
1092 759 1250 809 dubito,
1295 766 1424 799 utrum
1466 774 1500 799 e.
1536 759 1605 809 37,
1640 758 1665 799 3

175 826 295 867 uerba
329 826 446 879 ‘quod
474 826 657 880 imparati
687 840 708 867 a
740 823 905 866 Carteia
936 826 1103 880 profecti
1134 827 1222 868 sine
1254 841 1354 880 aqua
1377 827 1558 868 fuissent'
1580 827 1666 881 ipse

173 895 345 949 scriptor
365 894 420 934 ita
441 894 640 948 posuerit,
674 909 725 935 an
747 894 999 934 librariorum
1022 908 1160 935 errore
1186 896 1314 948 ‘quod'
1344 903 1383 935 et
1407 897 1552 948 ‘quom’
1576 909 1665 949 par-

174 963 318 1003 ticulae
357 969 602 1017 permutatae
643 962 738 1004 sint.
791 960 908 1017 Apud
939 960 1157 1004 Caesarem
1189 963 1342 1016 quidem
1374 963 1411 1003 b.
1447 961 1552 1004 Gall.
1587 961 1662 1013 IV,

175 1030 215 1080 1,
249 1029 275 1070 9
305 1037 344 1071 et
372 1031 410 1070 b.
445 1030 522 1070 ciu.
547 1029 625 1081 ΙΙΙ,
659 1029 714 1071 26
746 1038 851 1070 extr.
887 1045 935 1071 ne
968 1031 1068 1071 hanc
1097 1046 1167 1085 pro
1194 1031 1261 1071 illa
1283 1045 1494 1085 ponerem,
1528 1030 1665 1071 titulus

172 1098 366 1138 Anconae
387 1098 427 1138 in
450 1112 546 1139 areu
568 1098 737 1139 Traiani
759 1098 945 1153 scriptuS,
972 1113 1084 1152 quem
1107 1100 1154 1139 ad
1173 1098 1343 1153 priorem
1358 1100 1486 1140 locum
1501 1096 1666 1139 Schnei-

175 1167 291 1207 derus
334 1166 682 1217 commemorauit,
727 1181 788 1208 me
825 1182 904 1207 non
939 1167 1142 1208 deterruit.
1206 1166 1313 1207 Nam
1345 1167 1383 1206 b.
1414 1167 1506 1207 Afr.
1535 1165 1605 1214 87,
1643 1166 1664 1206 1

172 1234 214 1274 in
244 1234 304 1274 his
335 1235 492 1275 uerbis:
530 1239 632 1275 ‘cum
656 1235 703 1275 ab
726 1235 867 1276 incolis
896 1250 973 1276 non
996 1235 1273 1290 reciperentur
1294 1235 1406 1285 ideo,
1441 1236 1541 1288 quod
1566 1236 1666 1274 fama

173 1303 220 1343 de
243 1303 407 1343 uictoria
430 1301 619 1344 Caesaris
642 1303 1020 1357 praecucurrisset',
1055 1311 1163 1344 recte
1189 1304 1348 1358 ponitur
1371 1302 1664 1352 coniunctiuus,

174 1377 217 1410 ut
246 1370 398 1411 incolas
430 1371 530 1411 hanc
564 1384 721 1412 causam
755 1372 951 1425 equitibus
976 1372 1145 1413 edidisse
1169 1372 1478 1412 demonstretur.
1524 1368 1603 1411 Sed
1626 1376 1668 1410 ut

176 1439 224 1479 ad
245 1438 386 1478 bellum
412 1438 676 1492 Hispaniense
699 1446 970 1488 reuertamur,
1006 1441 1120 1493 longe
1152 1439 1316 1493 plurima
1339 1439 1378 1478 in
1402 1440 1582 1479 oratione
1604 1438 1666 1478 hic

174 1506 276 1546 liber
307 1505 422 1546 habet
451 1507 689 1560 peculiaria,
725 1507 837 1547 ualde
867 1507 1017 1560 quidem
1051 1507 1118 1547 illa
1145 1507 1428 1548 memorabilia.
1477 1504 1667 1547 ‘Clancu-

173 1574 266 1614 lum'
287 1574 455 1628 legimus
487 1588 522 1613 c.
549 1572 618 1623 32,
643 1574 684 1624 7,
719 1582 762 1614 ut
792 1575 892 1628 apud
914 1573 1098 1614 Plautum
1123 1582 1162 1614 et
1186 1575 1437 1624 Terentium,
1475 1574 1666 1629 ‘pelagus'

173 1641 245 1692 40,
269 1640 321 1692 8,
356 1655 431 1694 quo
464 1642 655 1682 uocabulo
682 1650 840 1696 praeter
860 1640 1023 1682 Vitruu.
1049 1639 1103 1691 ΙΙ,
1128 1640 1169 1692 8,
1198 1642 1249 1682 14
1281 1647 1420 1696 poetae
1444 1650 1478 1682 et
1502 1642 1668 1696 scripto-

173 1723 239 1750 res
268 1709 470 1750 inserioris
502 1710 644 1750 aetatis
674 1711 732 1750 usi
767 1716 881 1750 sunt:
918 1725 996 1750 non
1028 1709 1154 1763 magis
1189 1709 1444 1750 ‘excellentia
1466 1711 1592 1760 loca',
1626 1717 1669 1750 ut

174 1777 237 1818 hic
259 1776 299 1826 8,
325 1776 352 1817 4
374 1785 413 1818 et
434 1775 474 1817 6.
509 1777 580 1825 24,
604 1777 647 1817 4.
681 1777 752 1828 28,
777 1779 801 1817 4
819 1810 828 1828 ,
863 1778 924 1831 qui
958 1776 1167 1818 Ciceronis
1199 1785 1330 1819 aetate
1357 1778 1531 1828 dixerit,
1565 1778 1663 1818 seio.

174 1844 316 1899 Neque
350 1846 448 1899 apud
482 1846 580 1886 alios
611 1846 828 1900 scriptores
855 1845 1070 1888 ‘loricatos’
1093 1847 1149 1886 ita
1170 1846 1304 1902 legere
1327 1846 1509 1896 memini,
1542 1852 1580 1885 ut
1605 1845 1667 1886 hic

172 1913 216 1963 4,
250 1914 277 1953 2
308 1921 347 1954 et
378 1913 403 1954 3
437 1913 655 1962 ‘loricatos,
690 1915 798 1955 uiros
827 1916 968 1965 fortes,
1005 1930 1091 1955 cum
1114 1916 1289 1968 equitatu
1311 1922 1401 1955 ante
1424 1913 1666 1969 praemisit'3

176 1980 245 2031 13,
278 1981 302 2021 5
336 1982 494 2023 ‘missos
522 1984 654 2024 facere
676 1983 888 2034 loricatos,
923 1983 986 2036 qui
1008 1983 1195 2036 praesidii
1218 1998 1336 2024 eausa
1359 1982 1575 2037 praepositi
1600 1997 1668 2036 op-

174 2049 263 2104 pido
294 2064 317 2090 a
345 2049 535 2104 Pompeio
568 2058 724 2102 essent,
760 2051 963 2102 orabant'3
1005 2049 1075 2101 20,
1107 2051 1134 2091 2
1168 2052 1373 2092 ‘loricatus
1405 2064 1505 2091 unus
1535 2064 1586 2091 ex
1612 2051 1668 2091 le-

174 2117 292 2171 gione
333 2119 548 2160 uernacula
577 2120 624 2160 ad
657 2134 728 2160 nos
760 2120 985 2174 transfugit'
1019 2127 1058 2161 et
1086 2121 1121 2174 ξ.
1154 2119 1180 2159 4
1218 2120 1488 2160 ‘centuriones
1511 2119 1668 2160 loricati

175 2193 265 2227 octo
296 2187 345 2227 ad
374 2184 589 2228 Caesarem
626 2188 925 2242 transfugerunt
948 2202 1000 2229 ex
1021 2188 1178 2242 legione
1200 2188 1444 2229 uernacula'.
1491 2186 1666 2228 Verbum

178 2254 484 2308 ‘depostulare',
519 2257 619 2309 quod
654 2271 687 2296 c.
725 2256 747 2296 1
781 2264 887 2298 extr.
923 2257 1111 2311 scriptum
1145 2263 1228 2307 est,
1272 2270 1350 2297 non
1389 2256 1545 2297 uidetur
1575 2256 1668 2296 alibi

175 2322 361 2376 reperiri.
409 2321 632 2364 ‘Grumum'
664 2338 716 2365 ex
746 2323 857 2365 Attio
889 2325 1043 2365 notauit
1064 2323 1249 2376 Nonius,
1282 2325 1354 2365 hac
1383 2331 1511 2365 aetate
1535 2324 1595 2364 hic
1623 2323 1665 2374 8,

175 2389 216 2431 6.
250 2390 323 2441 24,
347 2391 372 2432 3
395 2398 435 2432 et
455 2392 557 2446 apud
579 2391 802 2433 Vitruuium
826 2390 882 2443 II,
909 2392 948 2444 1,
975 2393 1000 2434 5
1031 2393 1191 2447 legitur.
1237 2390 1369 2445 ‘Quis'
1403 2407 1473 2447 pro
1498 2391 1667 2446 ‘quibus’

174 2459 300 2499 forma
329 2459 376 2499 ab
409 2460 698 2514 antiquioribus
722 2458 921 2502 Cicerone
944 2468 1133 2515 usurpata
1155 2469 1195 2502 et
1216 2461 1262 2501 ab
1290 2460 1522 2514 antiquariis
1546 2468 1585 2501 et
1606 2474 1668 2501 re-

176 2528 416 2569 centioribus
447 2529 569 2570 relata
595 2529 717 2570 semel
740 2529 907 2582 positum
931 2536 990 2569 est
1012 2543 1046 2569 c.
1071 2528 1125 2569 23
1149 2537 1256 2570 extr.
1300 2528 1421 2582 Vulgi
1444 2543 1665 2570 sermonem

174 2596 325 2637 redolet
355 2597 496 2637 creber
525 2611 619 2638 usus
654 2597 765 2638 uerbi
794 2597 910 2651 paulo
941 2597 1184 2651 pinguioris,
1228 2598 1330 2651 quod
1363 2605 1423 2638 est
1457 2595 1662 2652 ‘iugulare'

179 2662 266 2715 (15,
290 2662 331 2704 6.
367 2663 436 2715 18,
460 2664 486 2705 4
508 2673 547 2706 et
568 2665 608 2707 5.
645 2665 713 2716 19,
738 2665 779 2705 3.
812 2664 884 2716 20,
909 2665 950 2706 3.
983 2665 1053 2716 22,
1081 2665 1100 2706 1
1126 2672 1165 2705 et
1187 2664 1211 2705 3
1234 2673 1274 2706 et
1293 2665 1335 2705 4.
1369 2665 1439 2715 27,
1465 2664 1504 2705 6.
1531 2665 1600 2714 33,
1622 2663 1662 2705 5.

182 2728 250 2780 35,
273 2731 323 2771 4:
361 2733 659 2786 ‘iugulationem
684 2733 831 2774 facere'
865 2733 934 2784 16,
966 2732 990 2773 5
1013 2741 1053 2774 et
1073 2732 1115 2773 6.
1149 2732 1220 2784 22,
1244 2733 1314 2785 6):
1348 2734 1441 2774 item
1464 2734 1561 2774 haec
1585 2732 1667 2772 uul-

179 2798 290 2851 garia
320 2813 408 2840 esse
439 2801 635 2842 arbitror:
673 2807 731 2842 ‘ut
760 2801 875 2842 sileat
899 2802 1062 2842 uerbum
1095 2803 1238 2843 facere'
1263 2801 1304 2854 3,
1329 2802 1378 2852 73
1416 2802 1583 2855 ‘signum
1608 2801 1667 2839 fu-

180 2880 253 2919 gae
287 2867 510 2909 ostendere'
546 2868 613 2920 18,
646 2869 697 2921 53
735 2875 804 2910 ‘ex
835 2870 1045 2912 auersione
1077 2871 1228 2925 legatos
1250 2870 1487 2924 iugularu11t⁷
1512 2870 1584 2909 hoc
1607 2875 1668 2909 est
