1835 3240
88 157 170 200 510
649 157 723 199 DE
755 157 943 200 BELLO
977 156 1154 201 CIVILI

164 277 398 326 peruenerat
421 278 536 324 atque
557 284 641 311 eam
664 285 735 312 sua
763 277 902 324 sponte
932 285 1092 312 uacuam
1124 280 1385 328 occupauerat
1413 274 1644 328 delectuque

165 338 297 378 habito
320 339 414 379 duas
436 339 613 393 legiones
647 339 835 378 effecerat
865 339 1060 380 hominum
1092 348 1131 381 et
1151 341 1326 381 locorum
1347 343 1487 383 notitia
1511 350 1549 383 et
1571 356 1644 384 usu

164 406 248 446 eius
270 407 495 460 prouinciae
519 413 655 445 nactus
678 405 807 445 aditus
830 407 876 446 ad
899 421 945 447 ea
968 409 1160 458 conanda,
1186 409 1286 461 quod
1306 412 1439 462 paucis
1462 419 1553 451 ante
1575 425 1643 451 an-

116 471 141 513 3
164 474 224 514 nis
248 489 298 514 ex
313 481 495 528 praetura
518 487 602 513 eam
625 474 865 526 prouinciam
882 476 1119 516 obtinuerat.
1155 475 1230 516 Hic
1253 477 1474 518 uenientem
1488 478 1641 519 Vticam

163 543 329 582 nauibus
351 540 599 581 Tuberonem
631 550 745 595 portu
777 550 891 597 atque
923 544 1059 597 oppido
1092 545 1271 597 prohibet
1301 559 1425 597 neque
1447 546 1638 586 adfectum

166 609 388 650 ualetudine
410 609 528 648 filium
552 622 754 663 exponere
776 612 815 651 in
839 618 981 652 terram
1004 612 1152 666 patitur
1167 643 1176 660 ,
1212 613 1280 653 sed
1303 613 1465 653 sublatis
1486 614 1642 655 ancoris

162 678 357 717 excedere
381 690 427 715 eo
450 676 535 716 loco
558 678 677 731 cogit.

84 744 141 789 32
277 743 349 783 His
372 744 489 784 rebus
511 746 700 786 confectis
725 745 902 798 Caesar,
935 755 977 788 ut
997 748 1186 801 reliquum
1213 754 1361 801 tempus
1385 761 1405 787 a
1428 747 1563 788 labore
1584 749 1644 788 in-

162 812 461 862 termitteretur,
486 813 628 853 milites
650 814 689 854 in
712 816 893 868 proxima
905 817 1115 869 municipia
1130 816 1306 866 deducit,
1332 816 1417 870 ipse
1439 816 1487 856 ad
1508 815 1643 856 urbem

113 880 140 920 2
161 879 435 933 proficiscitur.
487 877 638 921 Coacto
677 890 815 923 senatu
854 884 1018 924 iniurias
1058 883 1306 924 inimicorum
1348 891 1643 924 commemorat.

159 946 288 988 Docet
308 961 351 987 se
374 948 519 988 nullum
543 951 904 991 extraordinarium
929 952 1114 991 honorem
1138 952 1348 1005 appetisse,
1373 953 1441 992 sed
1459 958 1644 1005 expecta-

161 1023 201 1056 to
223 1016 396 1069 legitimo
420 1023 594 1069 tempore
617 1020 842 1059 consulatus
866 1034 912 1060 eo
935 1021 1057 1060 fuisse
1080 1026 1322 1070 contentum,
1348 1020 1448 1072 quod
1463 1019 1643 1059 omnibus

114 1084 138 1125 3
161 1084 313 1124 ciuibus
336 1091 502 1136 pateret.
560 1083 702 1125 Latum
727 1087 773 1126 ab
794 1095 827 1127 X
851 1088 1018 1128 tribunis
1040 1087 1161 1141 plebis
1185 1088 1546 1127 contradicentibus
1568 1086 1643 1126 ini-

159 1152 293 1201 micis,
332 1150 487 1191 Catone
511 1167 606 1193 uero
630 1154 821 1195 acerrime
843 1163 1090 1209 repugnante
1113 1162 1151 1195 et
1172 1156 1335 1208 pristina
1359 1155 1643 1194 consuetudine

160 1220 314 1259 dicendi
336 1233 444 1259 mora
468 1221 550 1259 dies
574 1221 827 1271 extrahente,
852 1230 893 1262 ut
914 1223 974 1262 sui
997 1223 1098 1262 ratio
1112 1222 1286 1262 absentis
1310 1223 1535 1271 haberetur,
1560 1221 1644 1275 ipso

159 1287 320 1326 consule
343 1286 557 1340 Pompeio,
584 1288 645 1340 qui
670 1289 700 1328 si
724 1289 1010 1342 improbasset,
1048 1304 1118 1330 cur
1148 1290 1241 1330 ferri
1273 1303 1413 1343 passus
1444 1290 1580 1329 esset?
1610 1289 1643 1329 si

109 1354 133 1394 4
157 1354 388 1408 probasset,
423 1368 493 1394 cur
524 1369 566 1395 se
601 1356 653 1395 uti
689 1357 815 1410 populi
840 1357 1029 1397 beneficio
1052 1358 1346 1411 prohibuisset?
1406 1355 1643 1397 Patientiam

157 1423 340 1476 proponit
360 1436 486 1469 suam,
512 1438 598 1462 cnm
623 1424 667 1463 de
692 1425 933 1466 exercitibus
948 1426 1187 1466 dimittendis
1209 1425 1311 1465 ultro
1334 1425 1641 1478 postulauisset3

110 1488 134 1529 5
157 1490 197 1530 in
220 1505 293 1543 quo
317 1490 505 1530 iacturam
531 1491 731 1545 dignitatis
754 1501 869 1546 atquc
893 1494 1052 1534 honoris
1074 1495 1157 1547 ipse
1181 1495 1354 1533 facturus
1373 1499 1493 1533 esset.
1519 1492 1643 1532 Acer-

156 1557 315 1598 bitatem
340 1558 586 1598 inimicorum
612 1561 748 1610 docet,
776 1562 838 1614 qui
856 1593 865 1611 ‚
892 1563 991 1618 qued
1015 1563 1060 1603 ab
1085 1562 1208 1602 altero
1231 1561 1502 1616 postularent,
1540 1561 1581 1600 in
1603 1573 1645 1600 se

155 1634 389 1666 recusarent
413 1634 528 1680 atque
551 1629 681 1668 omnia
704 1630 931 1682 permisceri
955 1630 1137 1679 mallent,
1163 1644 1276 1683 quam
1300 1629 1502 1683 imperium
1527 1641 1643 1668 exer-

110 1691 136 1732 6
159 1694 337 1747 citusque
371 1696 582 1736 dimittere.
635 1695 826 1737 Iniuriam
859 1698 897 1737 in
928 1698 1140 1752 eripiendis
1172 1698 1391 1751 legionibus
1424 1697 1639 1750 praedicat,

158 1763 430 1803 crudelitatem
463 1771 501 1804 et
532 1765 782 1805 insolentiam
815 1766 855 1805 in
888 1766 1256 1806 circumscribendis
1289 1766 1456 1806 tribunis
1493 1764 1639 1818 plebis3

157 1829 408 1871 condiciones
432 1846 452 1871 a
476 1846 518 1872 se
541 1832 665 1883 latas,
701 1833 874 1886 expetita
908 1834 1099 1887 colloquia
1133 1842 1171 1875 et
1193 1836 1386 1888 denegata
1408 1845 1643 1873 commemo-

109 1896 135 1938 7
157 1904 232 1938 rat.
269 1896 351 1937 Pro
374 1899 513 1951 quibus
536 1901 653 1941 rebus
679 1901 859 1941 hortatur
880 1915 924 1941 ac
947 1903 1133 1956 postulat,
1158 1911 1201 1943 ut
1222 1901 1497 1955 rempublicam
1520 1899 1644 1940 susci-

157 1966 266 2019 piant
287 1972 403 2021 atque
426 1981 501 2006 una
524 1981 655 2008 secum
679 1970 968 2010 administrent.
1004 1967 1075 2010 Sin
1099 1971 1239 2010 timore
1258 1970 1475 2022 defugiant,
1500 1967 1576 2007 illis
1599 1980 1643 2007 se

110 2033 136 2074 8
158 2034 271 2074 oneri
293 2048 370 2074 non
393 2036 561 2074 futurum
587 2044 626 2076 et
648 2051 718 2090 per
738 2051 780 2077 se
803 2038 1080 2091 rempublicam
1104 2039 1478 2078 administraturum.
1513 2033 1642 2088 Lega-

159 2109 219 2142 tos
242 2103 289 2141 ad
310 2100 540 2156 Pompeium
564 2105 610 2144 de
633 2106 917 2159 compositione
940 2106 1037 2145 mitti
1062 2114 1269 2159 oportere:
1304 2119 1431 2158 neque
1453 2119 1496 2145 se
1518 2105 1643 2143 refor-

157 2169 320 2221 midare,
348 2172 449 2224 qnod
471 2171 511 2211 in
535 2180 676 2212 senatu
696 2171 908 2227 Pompeius
931 2174 1044 2227 paulo
1067 2181 1158 2214 ante
1182 2174 1376 2223 dixisset,
1401 2173 1450 2213 ad
1471 2186 1566 2225 quos
1589 2171 1643 2211 le-

305 2342 318 2374 1
342 2342 536 2385 dilectuque
555 2354 589 2375 a.
747 2345 768 2379 2
787 2345 908 2376 notitia
927 2348 1064 2376 omflm.
1080 2354 1139 2386 pr.
1160 2345 1191 2385 b,
1211 2346 1275 2385 qui
1292 2343 1450 2375 noticiam
1471 2345 1504 2374 1'11
1523 2352 1641 2383 marg.

157 2394 316 2425 habetet
333 2395 459 2426 deinde
480 2406 587 2427 usum.
778 2398 795 2429 5
814 2396 986 2428 adfectum
1005 2406 1040 2428 a.
1215 2396 1232 2427 6
1253 2394 1485 2426 ualetudinem
1504 2404 1536 2433 a,
1559 2394 1644 2424 nali-

159 2445 275 2476 tudine
299 2446 393 2477 ‘'mss.
413 2450 455 2477 ut
472 2445 629 2488 semper'.
796 2452 889 2478 terra
908 2457 927 2478 α
941 2448 971 2479 b.
1137 2446 1272 2477 ancoris
1292 2445 1357 2487 (a),
1380 2456 1446 2476 non
1467 2445 1639 2476 anchoris.

306 2496 344 2528 10
364 2497 498 2539 coacto]
520 2503 551 2529 et
571 2503 646 2529 acto
666 2509 684 2528 [ι
699 2499 715 2529 b
729 2509 757 2530 (κ
926 2499 961 2531 11
984 2503 1164 2541 expectato
1183 2508 1218 2529 α.
1400 2498 1439 2530 13
1459 2498 1498 2529 ab
1519 2497 1642 2529 octrib.

159 2548 206 2590 pl.
226 2559 260 2580 a.
405 2548 443 2580 14
464 2549 625 2581 Catonem
647 2567 689 2572 —
708 2556 954 2592 repugnantem
971 2569 1014 2573 —-
1034 2550 1271 2582 extrahentem
1291 2561 1311 2581 α
1326 2551 1357 2582 b.
1525 2551 1565 2582 ¹16
1584 2561 1645 2582 cur

160 2599 234 2631 fieri
255 2600 286 2631 b.
428 2601 455 2631 si
476 2602 655 2642 probasset
674 2612 693 2633 a
715 2603 811 2633 ίηιεε.
832 2603 877 2643 δ’,
899 2603 949 2634 sin
970 2603 1152 2644 probasset
1169 2602 1284 2633 Aldus
1307 2612 1340 2634 ll.
1486 2603 1523 2634 17
1543 2613 1644 2634 cursu

159 2651 211 2682 uti
227 2661 262 2683 α.
437 2652 475 2683 19
496 2651 611 2693 atque]
632 2657 664 2683 et
685 2653 716 2683 b.
901 2654 943 2688 20
963 2653 1042 2695 quid
1062 2653 1148 2694 quod
1168 2653 1208 2684 ab
1229 2653 1412 2684 alterorum
1432 2663 1451 2684 α
1467 2654 1498 2685 b.

160 2703 204 2736 22
221 2702 412 2742 legionibus
430 2703 556 2743 Aldus,
579 2704 710 2743 legibus
730 2704 832 2736 codd.
973 2706 1015 2738 24
1034 2705 1249 2736 conditiones
1269 2704 1334 2746 (a).
1490 2706 1643 2748 expetita

161 2764 182 2785 a
196 2755 213 2785 b
233 2754 279 2795 (is
298 2755 435 2797 exped.)
456 2765 483 2795 c,
506 2759 539 2786 et
564 2756 714 2796 expetita
735 2766 769 2787 u.
935 2757 976 2789 25
996 2756 1155 2787 hortatur
1173 2767 1192 2788 α
1208 2757 1225 2787 b
1239 2756 1300 2797 cd,
1323 2761 1451 2788 oratu.
1608 2762 1646 2788 ut

161 2807 210 2838 ab
223 2807 283 2847 cd,
304 2818 372 2839 om.
394 2818 428 2838 u.
570 2807 612 2840 26
632 2807 702 2838 sint
719 2817 753 2839 a.
913 2806 955 2840 20
974 2806 1155 2850 Pompeius
1173 2808 1274 2850 paulo
1295 2813 1373 2841 ante
1391 2819 1413 2841 α
1431 2808 1641 2851 Stephanus,

161 2858 262 2900 paulo
281 2863 359 2889 ante
380 2857 559 2901 Pompeius
578 2857 738 2899 reliquae
756 2857 834 2889 edd.

1678 890 1719 924 10

1679 1228 1718 1260 15

1675 1565 1718 1600 20
