<?xml version="1.0" encoding="UTF-8"?>
<!DOCTYPE html PUBLIC "-//W3C//DTD XHTML 1.0 Transitional//EN"
    "http://www.w3.org/TR/xhtml1/DTD/xhtml1-transitional.dtd">
<html xmlns="http://www.w3.org/1999/xhtml" xml:lang="en" lang="en">
 <head>
  <title>
</title>
<meta http-equiv="Content-Type" content="text/html;charset=utf-8" />
  <meta name='ocr-system' content='tesseract 3.04.00' />
  <meta name='ocr-capabilities' content='ocr_page ocr_carea ocr_par ocr_line ocrx_word'/>
</head>
<body>
  <div class='ocr_page' id='page_1' title='image "./commentarii00caesuoft_0382.png"; bbox 0 0 1835 3240; ppageno 0'>
   <div class='ocr_carea' id='block_1_1' title="bbox 77 156 1190 200">
    <p class='ocr_par' dir='ltr' id='par_1_1' title="bbox 77 156 1190 200">
     <span class='ocr_line' id='line_1_1' title="bbox 77 156 1190 200; baseline 0.001 -1"><span class='ocrx_word' id='word_1_1' title='bbox 77 157 166 199; x_wconf 54' lang='lat'>*372</span> <span class='ocrx_word' id='word_1_2' title='bbox 614 157 687 199; x_wconf 87' lang='lat' dir='ltr'>DE</span> <span class='ocrx_word' id='word_1_3' title='bbox 720 156 908 199; x_wconf 90' lang='lat' dir='ltr'>BELLO</span> <span class='ocrx_word' id='word_1_4' title='bbox 942 156 1190 200; x_wconf 88' lang='lat' dir='ltr'><strong>GALLICO</strong></span> 
     </span>
    </p>
   </div>
   <div class='ocr_carea' id='block_1_2' title="bbox 80 268 1638 1474">
    <p class='ocr_par' dir='ltr' id='par_1_2' title="bbox 98 268 1636 595">
     <span class='ocr_line' id='line_1_2' title="bbox 98 268 1636 326; baseline 0.003 -17"><span class='ocrx_word' id='word_1_5' title='bbox 98 268 139 324; x_wconf 67' lang='grc'>16</span> <span class='ocrx_word' id='word_1_6' title='bbox 160 270 915 323; x_wconf 82' lang='lat' dir='ltr'>constipauerantrecessumqueprimis</span> <span class='ocrx_word' id='word_1_7' title='bbox 930 270 1053 310; x_wconf 89' lang='lat' dir='ltr'>ultimi</span> <span class='ocrx_word' id='word_1_8' title='bbox 1076 286 1153 311; x_wconf 89' lang='lat' dir='ltr'>non</span> <span class='ocrx_word' id='word_1_9' title='bbox 1176 271 1331 312; x_wconf 89' lang='lat' dir='ltr'>dabant.</span> <span class='ocrx_word' id='word_1_10' title='bbox 1364 271 1527 313; x_wconf 84' lang='lat' dir='ltr'>Paulum</span> <span class='ocrx_word' id='word_1_11' title='bbox 1552 273 1636 326; x_wconf 91' lang='lat' dir='ltr'>qui-</span> 
     </span>
     <span class='ocr_line' id='line_1_3' title="bbox 158 337 1634 395; baseline 0.003 -18"><span class='ocrx_word' id='word_1_12' title='bbox 158 337 242 378; x_wconf 90' lang='lat' dir='ltr'>dem</span> <span class='ocrx_word' id='word_1_13' title='bbox 265 338 486 378; x_wconf 88' lang='lat' dir='ltr'>intermissa</span> <span class='ocrx_word' id='word_1_14' title='bbox 511 339 661 378; x_wconf 85' lang='lat' dir='ltr'>ssamma</span> <span class='ocrx_word' id='word_1_15' title='bbox 683 346 722 378; x_wconf 86' lang='lat' dir='ltr'>et</span> <span class='ocrx_word' id='word_1_16' title='bbox 744 338 908 390; x_wconf 88' lang='lat' dir='ltr'>quodam</span> <span class='ocrx_word' id='word_1_17' title='bbox 930 338 1016 377; x_wconf 88' lang='lat' dir='ltr'>loeo</span> <span class='ocrx_word' id='word_1_18' title='bbox 1038 340 1137 378; x_wconf 90' lang='lat' dir='ltr'>turri</span> <span class='ocrx_word' id='word_1_19' title='bbox 1160 341 1294 379; x_wconf 80' lang='lat' dir='ltr'>adacta</span> <span class='ocrx_word' id='word_1_20' title='bbox 1319 348 1359 380; x_wconf 88' lang='lat' dir='ltr'>et</span> <span class='ocrx_word' id='word_1_21' title='bbox 1379 341 1634 395; x_wconf 73' lang='lat' dir='ltr'>contingente</span> 
     </span>
     <span class='ocr_line' id='line_1_4' title="bbox 159 405 1634 458; baseline 0.002 -12"><span class='ocrx_word' id='word_1_22' title='bbox 159 406 300 446; x_wconf 90' lang='lat' dir='ltr'>uallum</span> <span class='ocrx_word' id='word_1_23' title='bbox 325 406 465 446; x_wconf 89' lang='lat' dir='ltr'>tertiae</span> <span class='ocrx_word' id='word_1_24' title='bbox 479 405 650 445; x_wconf 76' lang='lat' dir='ltr'>cohortis</span> <span class='ocrx_word' id='word_1_25' title='bbox 674 405 927 444; x_wconf 75' lang='lat' dir='ltr'>centuriones</span> <span class='ocrx_word' id='word_1_26' title='bbox 951 419 1003 445; x_wconf 86' lang='lat' dir='ltr'>ex</span> <span class='ocrx_word' id='word_1_27' title='bbox 1025 419 1086 455; x_wconf 87' lang='lat' dir='ltr'>eo,</span> <span class='ocrx_word' id='word_1_28' title='bbox 1113 420 1186 458; x_wconf 89' lang='lat' dir='ltr'>quo</span> <span class='ocrx_word' id='word_1_29' title='bbox 1209 407 1379 458; x_wconf 86' lang='lat' dir='ltr'>stabant,</span> <span class='ocrx_word' id='word_1_30' title='bbox 1404 410 1489 448; x_wconf 89' lang='lat' dir='ltr'>loco</span> <span class='ocrx_word' id='word_1_31' title='bbox 1502 422 1634 448; x_wconf 88' lang='lat' dir='ltr'>reces-</span> 
     </span>
     <span class='ocr_line' id='line_1_5' title="bbox 158 473 1634 526; baseline 0.002 -14"><span class='ocrx_word' id='word_1_32' title='bbox 158 480 296 513; x_wconf 90' lang='lat' dir='ltr'>serunt</span> <span class='ocrx_word' id='word_1_33' title='bbox 317 487 485 525; x_wconf 86' lang='lat' dir='ltr'>suosque</span> <span class='ocrx_word' id='word_1_34' title='bbox 508 485 642 511; x_wconf 85' lang='lat' dir='ltr'>omnes</span> <span class='ocrx_word' id='word_1_35' title='bbox 665 479 936 520; x_wconf 83' lang='lat' dir='ltr'>remouerunt,</span> <span class='ocrx_word' id='word_1_36' title='bbox 967 480 1063 513; x_wconf 90' lang='lat' dir='ltr'>nutu</span> <span class='ocrx_word' id='word_1_37' title='bbox 1085 473 1324 526; x_wconf 86' lang='lat' dir='ltr'>uocibusque</span> <span class='ocrx_word' id='word_1_38' title='bbox 1347 475 1496 525; x_wconf 89' lang='lat' dir='ltr'>hostes,</span> <span class='ocrx_word' id='word_1_39' title='bbox 1520 476 1552 516; x_wconf 89' lang='lat' dir='ltr'>si</span> <span class='ocrx_word' id='word_1_40' title='bbox 1576 476 1634 515; x_wconf 94' lang='lat' dir='ltr'>in-</span> 
     </span>
     <span class='ocr_line' id='line_1_6' title="bbox 157 541 1631 595; baseline 0.002 -15"><span class='ocrx_word' id='word_1_41' title='bbox 157 541 279 580; x_wconf 90' lang='lat' dir='ltr'>troire</span> <span class='ocrx_word' id='word_1_42' title='bbox 302 541 471 589; x_wconf 82' lang='lat' dir='ltr'>uellent,</span> <span class='ocrx_word' id='word_1_43' title='bbox 509 553 653 579; x_wconf 83' lang='lat' dir='ltr'>uocare</span> <span class='ocrx_word' id='word_1_44' title='bbox 675 547 914 593; x_wconf 77' lang='lat' dir='ltr'>coeperunt3</span> <span class='ocrx_word' id='word_1_45' title='bbox 952 555 1114 593; x_wconf 91' lang='lat' dir='ltr'>quorum</span> <span class='ocrx_word' id='word_1_46' title='bbox 1139 541 1318 595; x_wconf 79' lang='lat' dir='ltr'>progredi</span> <span class='ocrx_word' id='word_1_47' title='bbox 1341 555 1459 582; x_wconf 85' lang='lat' dir='ltr'>ausus</span> <span class='ocrx_word' id='word_1_48' title='bbox 1481 550 1541 583; x_wconf 81' lang='lat' dir='ltr'>est</span> <span class='ocrx_word' id='word_1_49' title='bbox 1564 557 1631 583; x_wconf 91' lang='lat' dir='ltr'>ne-</span> 
     </span>
    </p>

    <p class='ocr_par' dir='ltr' id='par_1_3' title="bbox 108 606 1633 662">
     <span class='ocr_line' id='line_1_7' title="bbox 108 606 1633 662; baseline 0 -14"><span class='ocrx_word' id='word_1_50' title='bbox 108 607 134 648; x_wconf 93' lang='lat'>7</span> <span class='ocrx_word' id='word_1_51' title='bbox 157 623 235 647; x_wconf 88' lang='lat' dir='ltr'>mo.</span> <span class='ocrx_word' id='word_1_52' title='bbox 280 607 381 647; x_wconf 90' lang='lat' dir='ltr'>Tum</span> <span class='ocrx_word' id='word_1_53' title='bbox 405 621 454 647; x_wconf 83' lang='lat' dir='ltr'>ex</span> <span class='ocrx_word' id='word_1_54' title='bbox 479 606 583 646; x_wconf 90' lang='lat' dir='ltr'>omni</span> <span class='ocrx_word' id='word_1_55' title='bbox 617 614 726 660; x_wconf 83' lang='lat' dir='ltr'>parte</span> <span class='ocrx_word' id='word_1_56' title='bbox 748 608 938 661; x_wconf 81' lang='lat' dir='ltr'>lapidibus</span> <span class='ocrx_word' id='word_1_57' title='bbox 962 609 1152 648; x_wconf 87' lang='lat' dir='ltr'>coniectis</span> <span class='ocrx_word' id='word_1_58' title='bbox 1176 609 1396 658; x_wconf 85' lang='lat' dir='ltr'>deturbati,</span> <span class='ocrx_word' id='word_1_59' title='bbox 1435 609 1633 662; x_wconf 83' lang='lat' dir='ltr'>turrisque</span> 
     </span>
    </p>

    <p class='ocr_par' dir='ltr' id='par_1_4' title="bbox 80 672 1634 798">
     <span class='ocr_line' id='line_1_8' title="bbox 80 672 1634 730; baseline -0.002 -11"><span class='ocrx_word' id='word_1_60' title='bbox 80 674 141 719; x_wconf 80' lang='lat'>44</span> <span class='ocrx_word' id='word_1_61' title='bbox 162 676 314 716; x_wconf 77' lang='lat' dir='ltr'>succisa</span> <span class='ocrx_word' id='word_1_62' title='bbox 338 681 412 714; x_wconf 88' lang='lat' dir='ltr'>est.</span> <span class='ocrx_word' id='word_1_63' title='bbox 457 672 586 713; x_wconf 91' lang='lat' dir='ltr'>Erant</span> <span class='ocrx_word' id='word_1_64' title='bbox 606 674 647 714; x_wconf 89' lang='lat' dir='ltr'>in</span> <span class='ocrx_word' id='word_1_65' title='bbox 671 689 714 715; x_wconf 88' lang='lat' dir='ltr'>ea</span> <span class='ocrx_word' id='word_1_66' title='bbox 738 675 894 728; x_wconf 81' lang='lat' dir='ltr'>legione</span> <span class='ocrx_word' id='word_1_67' title='bbox 918 676 1130 716; x_wconf 79' lang='lat' dir='ltr'>fortissumi</span> <span class='ocrx_word' id='word_1_68' title='bbox 1154 676 1244 725; x_wconf 89' lang='lat' dir='ltr'>uiri,</span> <span class='ocrx_word' id='word_1_69' title='bbox 1270 677 1537 726; x_wconf 79' lang='lat' dir='ltr'>centuriones,</span> <span class='ocrx_word' id='word_1_70' title='bbox 1571 678 1634 730; x_wconf 92' lang='lat' dir='ltr'>qui</span> 
     </span>
     <span class='ocr_line' id='line_1_9' title="bbox 156 741 1631 798; baseline 0.001 -16"><span class='ocrx_word' id='word_1_71' title='bbox 156 743 289 796; x_wconf 91' lang='lat' dir='ltr'>primis</span> <span class='ocrx_word' id='word_1_72' title='bbox 313 741 514 781; x_wconf 87' lang='lat' dir='ltr'>ordinibus</span> <span class='ocrx_word' id='word_1_73' title='bbox 537 743 911 798; x_wconf 80' lang='lat' dir='ltr'>adpropinquarent,</span> <span class='ocrx_word' id='word_1_74' title='bbox 936 743 1053 783; x_wconf 87' lang='lat' dir='ltr'>Titus</span> <span class='ocrx_word' id='word_1_75' title='bbox 1078 743 1190 784; x_wconf 90' lang='lat' dir='ltr'>Pulio</span> <span class='ocrx_word' id='word_1_76' title='bbox 1213 743 1417 784; x_wconf 87' lang='lat' dir='ltr'>etLucius</span> <span class='ocrx_word' id='word_1_77' title='bbox 1430 743 1631 784; x_wconf 79' lang='lat' dir='ltr'>Vorenus.</span> 
     </span>
    </p>

    <p class='ocr_par' dir='ltr' id='par_1_5' title="bbox 107 809 1633 864">
     <span class='ocr_line' id='line_1_10' title="bbox 107 809 1633 864; baseline -0.001 -13"><span class='ocrx_word' id='word_1_78' title='bbox 107 811 134 852; x_wconf 79' lang='lat'>2</span> <span class='ocrx_word' id='word_1_79' title='bbox 157 810 206 850; x_wconf 90' lang='lat' dir='ltr'>Hi</span> <span class='ocrx_word' id='word_1_80' title='bbox 221 816 426 864; x_wconf 88' lang='lat' dir='ltr'>perpetuas</span> <span class='ocrx_word' id='word_1_81' title='bbox 451 809 553 849; x_wconf 90' lang='lat' dir='ltr'>inter</span> <span class='ocrx_word' id='word_1_82' title='bbox 574 824 616 849; x_wconf 90' lang='lat' dir='ltr'>se</span> <span class='ocrx_word' id='word_1_83' title='bbox 630 812 925 851; x_wconf 86' lang='lat' dir='ltr'>controuersias</span> <span class='ocrx_word' id='word_1_84' title='bbox 950 811 1159 860; x_wconf 88' lang='lat' dir='ltr'>habebant,</span> <span class='ocrx_word' id='word_1_85' title='bbox 1185 812 1339 864; x_wconf 86' lang='lat' dir='ltr'>quinam</span> <span class='ocrx_word' id='word_1_86' title='bbox 1354 812 1633 859; x_wconf 83' lang='lat' dir='ltr'>anteferretur,</span> 
     </span>
    </p>

    <p class='ocr_par' dir='ltr' id='par_1_6' title="bbox 108 875 1638 1068">
     <span class='ocr_line' id='line_1_11' title="bbox 108 875 1638 930; baseline 0.001 -13"><span class='ocrx_word' id='word_1_87' title='bbox 108 875 133 917; x_wconf 88' lang='grc'><strong>3</strong></span> <span class='ocrx_word' id='word_1_88' title='bbox 155 878 411 930; x_wconf 89' lang='lat' dir='ltr'>omnibusque</span> <span class='ocrx_word' id='word_1_89' title='bbox 434 877 548 917; x_wconf 88' lang='lat' dir='ltr'>annis</span> <span class='ocrx_word' id='word_1_90' title='bbox 571 877 616 917; x_wconf 91' lang='lat' dir='ltr'>de</span> <span class='ocrx_word' id='word_1_91' title='bbox 640 878 735 918; x_wconf 85' lang='lat' dir='ltr'>locis</span> <span class='ocrx_word' id='word_1_92' title='bbox 759 879 922 918; x_wconf 90' lang='lat' dir='ltr'>summis</span> <span class='ocrx_word' id='word_1_93' title='bbox 946 879 1207 920; x_wconf 82' lang='lat' dir='ltr'>simultatibus</span> <span class='ocrx_word' id='word_1_94' title='bbox 1231 879 1532 920; x_wconf 83' lang='lat' dir='ltr'>contendebant.</span> <span class='ocrx_word' id='word_1_95' title='bbox 1570 877 1638 918; x_wconf 82' lang='lat' dir='ltr'>Ex</span> 
     </span>
     <span class='ocr_line' id='line_1_12' title="bbox 155 944 1632 1000; baseline 0.001 -15"><span class='ocrx_word' id='word_1_96' title='bbox 155 946 216 986; x_wconf 91' lang='lat' dir='ltr'>his</span> <span class='ocrx_word' id='word_1_97' title='bbox 230 944 358 994; x_wconf 87' lang='lat' dir='ltr'>Pulio,</span> <span class='ocrx_word' id='word_1_98' title='bbox 384 960 470 985; x_wconf 88' lang='lat' dir='ltr'>cum</span> <span class='ocrx_word' id='word_1_99' title='bbox 484 959 689 985; x_wconf 85' lang='lat' dir='ltr'>acerrume</span> <span class='ocrx_word' id='word_1_100' title='bbox 712 946 756 986; x_wconf 88' lang='lat' dir='ltr'>ad</span> <span class='ocrx_word' id='word_1_101' title='bbox 781 946 1018 987; x_wconf 88' lang='lat' dir='ltr'>munitiones</span> <span class='ocrx_word' id='word_1_102' title='bbox 1041 955 1299 1000; x_wconf 81' lang='lat' dir='ltr'>pugnaretur,</span> <span class='ocrx_word' id='word_1_103' title='bbox 1328 947 1433 1000; x_wconf 87' lang='lat' dir='ltr'>‘quid</span> <span class='ocrx_word' id='word_1_104' title='bbox 1449 946 1632 996; x_wconf 85' lang='lat' dir='ltr'>dubitas&#39;,</span> 
     </span>
     <span class='ocr_line' id='line_1_13' title="bbox 153 1012 1634 1068; baseline 0 -15"><span class='ocrx_word' id='word_1_105' title='bbox 153 1013 301 1066; x_wconf 85' lang='lat' dir='ltr'>inquit,</span> <span class='ocrx_word' id='word_1_106' title='bbox 330 1012 537 1054; x_wconf 80' lang='lat' dir='ltr'>‘Vorene?</span> <span class='ocrx_word' id='word_1_107' title='bbox 568 1021 635 1053; x_wconf 90' lang='lat' dir='ltr'>aut</span> <span class='ocrx_word' id='word_1_108' title='bbox 664 1028 777 1066; x_wconf 89' lang='lat' dir='ltr'>quem</span> <span class='ocrx_word' id='word_1_109' title='bbox 809 1015 936 1054; x_wconf 88' lang='lat' dir='ltr'>locum</span> <span class='ocrx_word' id='word_1_110' title='bbox 968 1022 1058 1055; x_wconf 86' lang='lat' dir='ltr'>tuae</span> <span class='ocrx_word' id='word_1_111' title='bbox 1088 1015 1310 1068; x_wconf 86' lang='lat' dir='ltr'>probandae</span> <span class='ocrx_word' id='word_1_112' title='bbox 1334 1015 1491 1054; x_wconf 87' lang='lat' dir='ltr'>uirtutis</span> <span class='ocrx_word' id='word_1_113' title='bbox 1514 1027 1634 1067; x_wconf 85' lang='lat' dir='ltr'>expe-</span> 
     </span>
    </p>

    <p class='ocr_par' dir='ltr' id='par_1_7' title="bbox 106 1080 1637 1204">
     <span class='ocr_line' id='line_1_14' title="bbox 106 1080 1636 1123; baseline -0.001 -3"><span class='ocrx_word' id='word_1_114' title='bbox 106 1080 131 1120; x_wconf 90' lang='grc'>4</span> <span class='ocrx_word' id='word_1_115' title='bbox 155 1082 267 1121; x_wconf 82' lang='lat' dir='ltr'>ctas?</span> <span class='ocrx_word' id='word_1_116' title='bbox 290 1080 350 1120; x_wconf 85' lang='lat' dir='ltr'>hic</span> <span class='ocrx_word' id='word_1_117' title='bbox 373 1081 454 1121; x_wconf 92' lang='lat' dir='ltr'>dies</span> <span class='ocrx_word' id='word_1_118' title='bbox 478 1082 523 1121; x_wconf 89' lang='lat' dir='ltr'>de</span> <span class='ocrx_word' id='word_1_119' title='bbox 545 1082 691 1122; x_wconf 88' lang='lat' dir='ltr'>nostris</span> <span class='ocrx_word' id='word_1_120' title='bbox 715 1083 998 1123; x_wconf 82' lang='lat' dir='ltr'>controuersiis</span> <span class='ocrx_word' id='word_1_121' title='bbox 1021 1083 1236 1123; x_wconf 85' lang='lat' dir='ltr'>iudicabit&#39;.</span> <span class='ocrx_word' id='word_1_122' title='bbox 1273 1082 1382 1122; x_wconf 85' lang='lat' dir='ltr'>Haec</span> <span class='ocrx_word' id='word_1_123' title='bbox 1404 1096 1488 1122; x_wconf 87' lang='lat' dir='ltr'>cum</span> <span class='ocrx_word' id='word_1_124' title='bbox 1512 1081 1636 1120; x_wconf 79' lang='lat' dir='ltr'>dixis-</span> 
     </span>
     <span class='ocr_line' id='line_1_15' title="bbox 154 1150 1637 1204; baseline 0.001 -16"><span class='ocrx_word' id='word_1_125' title='bbox 154 1156 239 1198; x_wconf 83' lang='lat' dir='ltr'>set,</span> <span class='ocrx_word' id='word_1_126' title='bbox 265 1150 439 1202; x_wconf 80' lang='lat' dir='ltr'>procedit</span> <span class='ocrx_word' id='word_1_127' title='bbox 469 1157 586 1190; x_wconf 70' lang='lat' dir='ltr'>extra</span> <span class='ocrx_word' id='word_1_128' title='bbox 609 1151 845 1190; x_wconf 80' lang='lat' dir='ltr'>munitiones</span> <span class='ocrx_word' id='word_1_129' title='bbox 868 1164 1020 1204; x_wconf 86' lang='lat' dir='ltr'>quaque</span> <span class='ocrx_word' id='word_1_130' title='bbox 1041 1164 1133 1203; x_wconf 87' lang='lat' dir='ltr'>pars</span> <span class='ocrx_word' id='word_1_131' title='bbox 1158 1151 1325 1191; x_wconf 90' lang='lat' dir='ltr'>hostium</span> <span class='ocrx_word' id='word_1_132' title='bbox 1349 1150 1637 1190; x_wconf 74' lang='lat' dir='ltr'>confertissima</span> 
     </span>
    </p>

    <p class='ocr_par' dir='ltr' id='par_1_8' title="bbox 107 1215 1634 1271">
     <span class='ocr_line' id='line_1_16' title="bbox 107 1215 1634 1271; baseline 0 -14"><span class='ocrx_word' id='word_1_133' title='bbox 107 1215 131 1257; x_wconf 88' lang='lat'>5</span> <span class='ocrx_word' id='word_1_134' title='bbox 154 1224 215 1257; x_wconf 87' lang='lat' dir='ltr'>est</span> <span class='ocrx_word' id='word_1_135' title='bbox 237 1216 320 1256; x_wconf 80' lang='lat' dir='ltr'>uisa</span> <span class='ocrx_word' id='word_1_136' title='bbox 345 1217 543 1271; x_wconf 87' lang='lat' dir='ltr'>inrumpit.</span> <span class='ocrx_word' id='word_1_137' title='bbox 596 1217 663 1258; x_wconf 88' lang='lat' dir='ltr'>Ne</span> <span class='ocrx_word' id='word_1_138' title='bbox 685 1216 871 1258; x_wconf 81' lang='lat' dir='ltr'>Vorenus</span> <span class='ocrx_word' id='word_1_139' title='bbox 904 1218 1055 1270; x_wconf 86' lang='lat' dir='ltr'>quidem</span> <span class='ocrx_word' id='word_1_140' title='bbox 1087 1225 1165 1258; x_wconf 91' lang='lat' dir='ltr'>tum</span> <span class='ocrx_word' id='word_1_141' title='bbox 1196 1232 1284 1258; x_wconf 88' lang='lat' dir='ltr'>sese</span> <span class='ocrx_word' id='word_1_142' title='bbox 1316 1218 1419 1257; x_wconf 89' lang='lat' dir='ltr'>uallo</span> <span class='ocrx_word' id='word_1_143' title='bbox 1442 1217 1634 1266; x_wconf 87' lang='lat' dir='ltr'>continet,</span> 
     </span>
    </p>

    <p class='ocr_par' dir='ltr' id='par_1_9' title="bbox 105 1282 1637 1474">
     <span class='ocr_line' id='line_1_17' title="bbox 105 1282 1636 1338; baseline -0.001 -14"><span class='ocrx_word' id='word_1_144' title='bbox 105 1282 132 1323; x_wconf 83' lang='grc'><strong>6</strong></span> <span class='ocrx_word' id='word_1_145' title='bbox 153 1285 220 1324; x_wconf 91' lang='lat' dir='ltr'>sed</span> <span class='ocrx_word' id='word_1_146' title='bbox 244 1285 414 1324; x_wconf 90' lang='lat' dir='ltr'>omnium</span> <span class='ocrx_word' id='word_1_147' title='bbox 438 1286 588 1325; x_wconf 85' lang='lat' dir='ltr'>ueritus</span> <span class='ocrx_word' id='word_1_148' title='bbox 611 1285 946 1325; x_wconf 80' lang='lat' dir='ltr'>existimationem</span> <span class='ocrx_word' id='word_1_149' title='bbox 970 1285 1236 1338; x_wconf 85' lang='lat' dir='ltr'>subsequitur.</span> <span class='ocrx_word' id='word_1_150' title='bbox 1293 1283 1487 1324; x_wconf 86' lang='lat' dir='ltr'>Mediocri</span> <span class='ocrx_word' id='word_1_151' title='bbox 1510 1284 1636 1337; x_wconf 83' lang='lat' dir='ltr'>spatio</span> 
     </span>
     <span class='ocr_line' id='line_1_18' title="bbox 152 1350 1637 1406; baseline -0.001 -15"><span class='ocrx_word' id='word_1_152' title='bbox 152 1352 290 1392; x_wconf 88' lang='lat' dir='ltr'>relicto</span> <span class='ocrx_word' id='word_1_153' title='bbox 313 1350 426 1391; x_wconf 93' lang='lat' dir='ltr'>Pulio</span> <span class='ocrx_word' id='word_1_154' title='bbox 459 1353 576 1406; x_wconf 90' lang='lat' dir='ltr'>pilum</span> <span class='ocrx_word' id='word_1_155' title='bbox 608 1352 647 1392; x_wconf 91' lang='lat' dir='ltr'>in</span> <span class='ocrx_word' id='word_1_156' title='bbox 680 1353 811 1392; x_wconf 89' lang='lat' dir='ltr'>hostes</span> <span class='ocrx_word' id='word_1_157' title='bbox 842 1352 1005 1392; x_wconf 92' lang='lat' dir='ltr'>inmittit</span> <span class='ocrx_word' id='word_1_158' title='bbox 1037 1359 1152 1405; x_wconf 80' lang='lat' dir='ltr'>atque</span> <span class='ocrx_word' id='word_1_159' title='bbox 1175 1367 1293 1392; x_wconf 89' lang='lat' dir='ltr'>unum</span> <span class='ocrx_word' id='word_1_160' title='bbox 1315 1366 1367 1392; x_wconf 83' lang='lat' dir='ltr'>ex</span> <span class='ocrx_word' id='word_1_161' title='bbox 1389 1351 1637 1391; x_wconf 89' lang='lat' dir='ltr'>multitudine</span> 
     </span>
     <span class='ocr_line' id='line_1_19' title="bbox 151 1418 1637 1474; baseline -0.001 -15"><span class='ocrx_word' id='word_1_162' title='bbox 151 1426 449 1473; x_wconf 83' lang='lat' dir='ltr'>procurrentem</span> <span class='ocrx_word' id='word_1_163' title='bbox 491 1419 646 1473; x_wconf 79' lang='lat' dir='ltr'>traicit3</span> <span class='ocrx_word' id='word_1_164' title='bbox 690 1434 765 1473; x_wconf 89' lang='lat' dir='ltr'>quo</span> <span class='ocrx_word' id='word_1_165' title='bbox 803 1433 994 1474; x_wconf 88' lang='lat' dir='ltr'>percusso</span> <span class='ocrx_word' id='word_1_166' title='bbox 1034 1427 1073 1460; x_wconf 88' lang='lat' dir='ltr'>et</span> <span class='ocrx_word' id='word_1_167' title='bbox 1105 1420 1331 1460; x_wconf 76' lang='lat' dir='ltr'>exanimato</span> <span class='ocrx_word' id='word_1_168' title='bbox 1371 1419 1474 1459; x_wconf 89' lang='lat' dir='ltr'>hunc</span> <span class='ocrx_word' id='word_1_169' title='bbox 1515 1418 1637 1459; x_wconf 84' lang='lat' dir='ltr'>scutis</span> 
     </span>
    </p>
   </div>
   <div class='ocr_carea' id='block_1_3' title="bbox 146 1556 1657 2878">
    <p class='ocr_par' dir='ltr' id='par_1_10' title="bbox 146 1556 1657 2878">
     <span class='ocr_line' id='line_1_20' title="bbox 298 1556 1637 1601; baseline -0.002 -12"><span class='ocrx_word' id='word_1_170' title='bbox 298 1557 312 1589; x_wconf 70' lang='lat' dir='ltr'>‘l</span> <span class='ocrx_word' id='word_1_171' title='bbox 335 1557 571 1599; x_wconf 84' lang='lat' dir='ltr'>constiparant</span> <span class='ocrx_word' id='word_1_172' title='bbox 590 1558 621 1590; x_wconf 84' lang='lat' dir='ltr'>b.</span> <span class='ocrx_word' id='word_1_173' title='bbox 786 1558 912 1600; x_wconf 81' lang='lat' dir='ltr'>palium</span> <span class='ocrx_word' id='word_1_174' title='bbox 928 1560 1077 1601; x_wconf 70' lang='lat' dir='ltr'>punctis</span> <span class='ocrx_word' id='word_1_175' title='bbox 1094 1561 1220 1589; x_wconf 77' lang='lat' dir='ltr'>notata</span> <span class='ocrx_word' id='word_1_176' title='bbox 1235 1558 1360 1599; x_wconf 79' lang='lat' dir='ltr'>priore</span> <span class='ocrx_word' id='word_1_177' title='bbox 1380 1556 1389 1588; x_wconf 88' lang='lat' dir='ltr'>l</span> <span class='ocrx_word' id='word_1_178' title='bbox 1408 1560 1443 1588; x_wconf 80' lang='lat' dir='ltr'>et</span> <span class='ocrx_word' id='word_1_179' title='bbox 1459 1559 1542 1588; x_wconf 79' lang='lat' dir='ltr'>ante</span> <span class='ocrx_word' id='word_1_180' title='bbox 1559 1565 1637 1587; x_wconf 84' lang='lat' dir='ltr'>eam</span> 
     </span>
     <span class='ocr_line' id='line_1_21' title="bbox 151 1608 1636 1650; baseline 0 -12"><span class='ocrx_word' id='word_1_181' title='bbox 151 1619 172 1639; x_wconf 90' lang='lat' dir='ltr'>u</span> <span class='ocrx_word' id='word_1_182' title='bbox 190 1618 258 1639; x_wconf 81' lang='lat' dir='ltr'>see.</span> <span class='ocrx_word' id='word_1_183' title='bbox 278 1618 324 1639; x_wconf 86' lang='lat' dir='ltr'>m.</span> <span class='ocrx_word' id='word_1_184' title='bbox 344 1618 506 1649; x_wconf 72' lang='lat' dir='ltr'>suprasc.</span> <span class='ocrx_word' id='word_1_185' title='bbox 527 1608 569 1640; x_wconf 93' lang='lat' dir='ltr'>B.</span> <span class='ocrx_word' id='word_1_186' title='bbox 722 1610 744 1643; x_wconf 81' lang='lat'>2</span> <span class='ocrx_word' id='word_1_187' title='bbox 762 1611 999 1650; x_wconf 86' lang='lat' dir='ltr'>contingentes</span> <span class='ocrx_word' id='word_1_188' title='bbox 1018 1611 1035 1641; x_wconf 85' lang='lat' dir='ltr'>b</span> <span class='ocrx_word' id='word_1_189' title='bbox 1051 1620 1079 1640; x_wconf 84' lang='lat' dir='ltr'>c.</span> <span class='ocrx_word' id='word_1_190' title='bbox 1245 1609 1264 1641; x_wconf 87' lang='lat'><strong>3</strong></span> <span class='ocrx_word' id='word_1_191' title='bbox 1282 1608 1535 1640; x_wconf 87' lang='lat' dir='ltr'>centuriomucs</span> <span class='ocrx_word' id='word_1_192' title='bbox 1553 1610 1636 1639; x_wconf 77' lang='lat' dir='ltr'>aute</span> 
     </span>
     <span class='ocr_line' id='line_1_22' title="bbox 154 1658 1635 1703; baseline -0.002 -11"><span class='ocrx_word' id='word_1_193' title='bbox 154 1670 247 1692; x_wconf 83' lang='lat' dir='ltr'>corr.</span> <span class='ocrx_word' id='word_1_194' title='bbox 266 1660 307 1692; x_wconf 90' lang='lat' dir='ltr'>B.</span> <span class='ocrx_word' id='word_1_195' title='bbox 448 1661 467 1692; x_wconf 87' lang='lat'>4</span> <span class='ocrx_word' id='word_1_196' title='bbox 487 1671 566 1692; x_wconf 90' lang='lat' dir='ltr'>suos</span> <span class='ocrx_word' id='word_1_197' title='bbox 585 1671 715 1702; x_wconf 90' lang='lat' dir='ltr'>omnes,</span> <span class='ocrx_word' id='word_1_198' title='bbox 735 1661 860 1694; x_wconf 64' lang='lat' dir='ltr'>addito</span> <span class='ocrx_word' id='word_1_199' title='bbox 879 1672 942 1703; x_wconf 82' lang='lat' dir='ltr'>que</span> <span class='ocrx_word' id='word_1_200' title='bbox 962 1663 1029 1693; x_wconf 77' lang='lat' dir='ltr'>int.</span> <span class='ocrx_word' id='word_1_201' title='bbox 1050 1671 1157 1700; x_wconf 61' lang='lat' dir='ltr'>net-s„</span> <span class='ocrx_word' id='word_1_202' title='bbox 1183 1660 1222 1693; x_wconf 89' lang='lat' dir='ltr'>C.</span> <span class='ocrx_word' id='word_1_203' title='bbox 1357 1658 1376 1691; x_wconf 87' lang='grc'>7</span> <span class='ocrx_word' id='word_1_204' title='bbox 1395 1659 1528 1690; x_wconf 83' lang='lat' dir='ltr'>succisa</span> <span class='ocrx_word' id='word_1_205' title='bbox 1548 1668 1635 1699; x_wconf 78' lang='lat' dir='ltr'>ego,</span> 
     </span>
     <span class='ocr_line' id='line_1_23' title="bbox 150 1710 1633 1753; baseline -0.001 -10"><span class='ocrx_word' id='word_1_206' title='bbox 150 1721 318 1743; x_wconf 85' lang='lat' dir='ltr'>succensa</span> <span class='ocrx_word' id='word_1_207' title='bbox 337 1711 437 1743; x_wconf 80' lang='lat' dir='ltr'>codd.</span> <span class='ocrx_word' id='word_1_208' title='bbox 459 1715 496 1744; x_wconf 75' lang='lat' dir='ltr'>et</span> <span class='ocrx_word' id='word_1_209' title='bbox 509 1712 587 1744; x_wconf 81' lang='lat' dir='ltr'>edd.</span> <span class='ocrx_word' id='word_1_210' title='bbox 607 1713 646 1744; x_wconf 89' lang='lat' dir='ltr'>P.</span> <span class='ocrx_word' id='word_1_211' title='bbox 667 1713 723 1745; x_wconf 89' lang='lat'>81.</span> <span class='ocrx_word' id='word_1_212' title='bbox 865 1712 1054 1745; x_wconf 83' lang='lat' dir='ltr'>fortissumi</span> <span class='ocrx_word' id='word_1_213' title='bbox 1072 1713 1156 1743; x_wconf 81' lang='lat' dir='ltr'>BD.</span> <span class='ocrx_word' id='word_1_214' title='bbox 1276 1711 1331 1753; x_wconf 94' lang='lat' dir='ltr'>qui</span> <span class='ocrx_word' id='word_1_215' title='bbox 1351 1710 1468 1753; x_wconf 87' lang='lat' dir='ltr'>primis</span> <span class='ocrx_word' id='word_1_216' title='bbox 1487 1711 1516 1742; x_wconf 93' lang='lat' dir='ltr'><em>B</em></span> <span class='ocrx_word' id='word_1_217' title='bbox 1537 1712 1633 1742; x_wconf 62' lang='lat' dir='ltr'>‘ms-s.</span> 
     </span>
     <span class='ocr_line' id='line_1_24' title="bbox 146 1761 1634 1805; baseline -0.001 -11"><span class='ocrx_word' id='word_1_218' title='bbox 146 1763 336 1805; x_wconf 74' lang='lat' dir='ltr'>plerz&#39;qzte&#39;,</span> <span class='ocrx_word' id='word_1_219' title='bbox 359 1763 414 1805; x_wconf 84' lang='lat' dir='ltr'>qut</span> <span class='ocrx_word' id='word_1_220' title='bbox 434 1763 499 1794; x_wconf 87' lang='lat' dir='ltr'>iam</span> <span class='ocrx_word' id='word_1_221' title='bbox 519 1764 636 1805; x_wconf 89' lang='lat' dir='ltr'>primis</span> <span class='ocrx_word' id='word_1_222' title='bbox 655 1774 718 1796; x_wconf 78' lang='lat' dir='ltr'>eu.</span> <span class='ocrx_word' id='word_1_223' title='bbox 892 1764 912 1796; x_wconf 90' lang='lat'>8</span> <span class='ocrx_word' id='word_1_224' title='bbox 931 1764 1239 1805; x_wconf 83' lang='lat' dir='ltr'>adpropinquarent</span> <span class='ocrx_word' id='word_1_225' title='bbox 1257 1762 1299 1794; x_wconf 88' lang='lat' dir='ltr'>B.</span> <span class='ocrx_word' id='word_1_226' title='bbox 1465 1761 1564 1794; x_wconf 85' lang='lat' dir='ltr'>Titus</span> <span class='ocrx_word' id='word_1_227' title='bbox 1583 1762 1634 1801; x_wconf 86' lang='lat' dir='ltr'>B,</span> 
     </span>
     <span class='ocr_line' id='line_1_25' title="bbox 153 1811 1637 1854; baseline -0.001 -10"><span class='ocrx_word' id='word_1_228' title='bbox 153 1812 194 1845; x_wconf 92' lang='lat' dir='ltr'>T.</span> <span class='ocrx_word' id='word_1_229' title='bbox 214 1824 248 1845; x_wconf 79' lang='lat' dir='ltr'>u.</span> <span class='ocrx_word' id='word_1_230' title='bbox 403 1812 500 1844; x_wconf 82' lang='lat' dir='ltr'>Pullo</span> <span class='ocrx_word' id='word_1_231' title='bbox 520 1813 635 1854; x_wconf 64' lang='lat' dir='ltr'>codd„</span> <span class='ocrx_word' id='word_1_232' title='bbox 657 1812 763 1845; x_wconf 87' lang='lat' dir='ltr'>Putfio</span> <span class='ocrx_word' id='word_1_233' title='bbox 783 1813 896 1845; x_wconf 75' lang='lat' dir='ltr'>Aldus</span> <span class='ocrx_word' id='word_1_234' title='bbox 914 1825 949 1845; x_wconf 85' lang='lat' dir='ltr'>u.</span> <span class='ocrx_word' id='word_1_235' title='bbox 971 1814 1054 1846; x_wconf 66' lang='lat' dir='ltr'><em>l‘id.</em></span> <span class='ocrx_word' id='word_1_236' title='bbox 1076 1814 1104 1844; x_wconf 86' lang='lat' dir='ltr'>b.</span> <span class='ocrx_word' id='word_1_237' title='bbox 1124 1815 1194 1844; x_wconf 77' lang='lat' dir='ltr'>eiu.</span> <span class='ocrx_word' id='word_1_238' title='bbox 1214 1813 1278 1853; x_wconf 87' lang='lat' dir='ltr'>III,</span> <span class='ocrx_word' id='word_1_239' title='bbox 1299 1813 1355 1850; x_wconf 84' lang='lat'>67,</span> <span class='ocrx_word' id='word_1_240' title='bbox 1376 1814 1409 1845; x_wconf 89' lang='lat'>5.</span> <span class='ocrx_word' id='word_1_241' title='bbox 1570 1811 1637 1843; x_wconf 94' lang='lat' dir='ltr'>Lu-</span> 
     </span>
     <span class='ocr_line' id='line_1_26' title="bbox 153 1861 1636 1904; baseline 0 -9"><span class='ocrx_word' id='word_1_242' title='bbox 153 1864 226 1896; x_wconf 86' lang='lat' dir='ltr'>cius</span> <span class='ocrx_word' id='word_1_243' title='bbox 244 1864 295 1904; x_wconf 77' lang='lat' dir='ltr'>B,</span> <span class='ocrx_word' id='word_1_244' title='bbox 316 1863 356 1895; x_wconf 90' lang='lat' dir='ltr'>L.</span> <span class='ocrx_word' id='word_1_245' title='bbox 377 1874 412 1896; x_wconf 81' lang='lat' dir='ltr'>u.</span> <span class='ocrx_word' id='word_1_246' title='bbox 626 1863 780 1896; x_wconf 89' lang='lat' dir='ltr'>Vorenus</span> <span class='ocrx_word' id='word_1_247' title='bbox 799 1865 857 1896; x_wconf 86' lang='lat' dir='ltr'>Be</span> <span class='ocrx_word' id='word_1_248' title='bbox 875 1868 910 1896; x_wconf 77' lang='lat' dir='ltr'>et</span> <span class='ocrx_word' id='word_1_249' title='bbox 926 1867 978 1896; x_wconf 71' lang='lat' dir='ltr'>sic</span> <span class='ocrx_word' id='word_1_250' title='bbox 998 1865 1071 1896; x_wconf 77' lang='lat' dir='ltr'>‘uel</span> <span class='ocrx_word' id='word_1_251' title='bbox 1090 1863 1243 1895; x_wconf 79' lang='lat' dir='ltr'>Norenus</span> <span class='ocrx_word' id='word_1_252' title='bbox 1262 1862 1378 1903; x_wconf 50' lang='lat' dir='ltr'>mss),</span> <span class='ocrx_word' id='word_1_253' title='bbox 1398 1861 1555 1895; x_wconf 74' lang='lat' dir='ltr'>Varenus</span> <span class='ocrx_word' id='word_1_254' title='bbox 1574 1862 1636 1895; x_wconf 84' lang='lat' dir='ltr'>Al-</span> 
     </span>
     <span class='ocr_line' id='line_1_27' title="bbox 152 1915 1638 1958; baseline -0.001 -11"><span class='ocrx_word' id='word_1_255' title='bbox 152 1915 218 1947; x_wconf 79' lang='lat' dir='ltr'>dus</span> <span class='ocrx_word' id='word_1_256' title='bbox 236 1926 272 1947; x_wconf 84' lang='lat' dir='ltr'>u.</span> <span class='ocrx_word' id='word_1_257' title='bbox 438 1915 456 1947; x_wconf 73' lang='grc'><strong>9</strong></span> <span class='ocrx_word' id='word_1_258' title='bbox 477 1916 498 1946; x_wconf 93' lang='lat' dir='ltr'>ii</span> <span class='ocrx_word' id='word_1_259' title='bbox 519 1927 536 1946; x_wconf 86' lang='lat' dir='ltr'>e</span> <span class='ocrx_word' id='word_1_260' title='bbox 555 1916 682 1948; x_wconf 74' lang='lat' dir='ltr'>Aldus.</span> <span class='ocrx_word' id='word_1_261' title='bbox 847 1918 983 1958; x_wconf 88' lang='lat' dir='ltr'>quinam</span> <span class='ocrx_word' id='word_1_262' title='bbox 1001 1917 1075 1948; x_wconf 77' lang='lat' dir='ltr'>AB</span> <span class='ocrx_word' id='word_1_263' title='bbox 1090 1917 1160 1948; x_wconf 74' lang='grc' dir='ltr'>(Ἰ)</span> <span class='ocrx_word' id='word_1_264' title='bbox 1173 1940 1182 1956; x_wconf 87' lang='grc'>,</span> <span class='ocrx_word' id='word_1_265' title='bbox 1203 1916 1357 1957; x_wconf 86' lang='lat' dir='ltr'>quisnam</span> <span class='ocrx_word' id='word_1_266' title='bbox 1379 1916 1420 1955; x_wconf 86' lang='lat' dir='ltr'>b,·</span> <span class='ocrx_word' id='word_1_267' title='bbox 1439 1920 1518 1946; x_wconf 90' lang='lat' dir='ltr'>uter</span> <span class='ocrx_word' id='word_1_268' title='bbox 1535 1915 1638 1946; x_wconf 85' lang='lat' dir='ltr'>atteri</span> 
     </span>
     <span class='ocr_line' id='line_1_28' title="bbox 151 1964 1633 2008; baseline -0.001 -11"><span class='ocrx_word' id='word_1_269' title='bbox 151 1977 172 1998; x_wconf 86' lang='grc' dir='ltr'><em>α</em></span> <span class='ocrx_word' id='word_1_270' title='bbox 186 1977 215 1997; x_wconf 83' lang='lat' dir='ltr'>e.</span> <span class='ocrx_word' id='word_1_271' title='bbox 360 1966 400 1998; x_wconf 88' lang='lat'>10</span> <span class='ocrx_word' id='word_1_272' title='bbox 421 1966 461 1998; x_wconf 87' lang='lat' dir='ltr'>de</span> <span class='ocrx_word' id='word_1_273' title='bbox 482 1967 566 1998; x_wconf 87' lang='lat' dir='ltr'>tocis</span> <span class='ocrx_word' id='word_1_274' title='bbox 584 1968 658 1999; x_wconf 87' lang='lat' dir='ltr'>AB</span> <span class='ocrx_word' id='word_1_275' title='bbox 673 1967 743 1999; x_wconf 81' lang='lat' dir='ltr'>CD</span> <span class='ocrx_word' id='word_1_276' title='bbox 758 1967 775 1998; x_wconf 83' lang='lat' dir='ltr'><strong><em>b</em></strong></span> <span class='ocrx_word' id='word_1_277' title='bbox 789 1992 798 2007; x_wconf 93' lang='lat'>,</span> <span class='ocrx_word' id='word_1_278' title='bbox 820 1968 953 1999; x_wconf 84' lang='lat' dir='ltr'>deloco</span> <span class='ocrx_word' id='word_1_279' title='bbox 974 1978 1018 1998; x_wconf 78' lang='lat' dir='ltr'>ce</span> <span class='ocrx_word' id='word_1_280' title='bbox 1039 1968 1176 2008; x_wconf 62' lang='lat' dir='ltr'>{forsan</span> <span class='ocrx_word' id='word_1_281' title='bbox 1195 1970 1231 1998; x_wconf 73' lang='lat' dir='ltr'>et</span> <span class='ocrx_word' id='word_1_282' title='bbox 1247 1964 1300 1998; x_wconf 83' lang='lat' dir='ltr'>d&#39;.</span> <span class='ocrx_word' id='word_1_283' title='bbox 1455 1976 1497 1998; x_wconf 84' lang='lat' dir='ltr'>ex</span> <span class='ocrx_word' id='word_1_284' title='bbox 1516 1966 1566 1996; x_wconf 90' lang='lat' dir='ltr'>his</span> <span class='ocrx_word' id='word_1_285' title='bbox 1585 1966 1633 2006; x_wconf 89' lang='lat' dir='ltr'>B,</span> 
     </span>
     <span class='ocr_line' id='line_1_29' title="bbox 153 2017 1634 2052; baseline -0.001 -2"><span class='ocrx_word' id='word_1_286' title='bbox 153 2029 193 2050; x_wconf 81' lang='lat' dir='ltr'>ex</span> <span class='ocrx_word' id='word_1_287' title='bbox 213 2018 255 2050; x_wconf 90' lang='lat' dir='ltr'>iis</span> <span class='ocrx_word' id='word_1_288' title='bbox 273 2017 387 2050; x_wconf 80' lang='lat' dir='ltr'>Aldus</span> <span class='ocrx_word' id='word_1_289' title='bbox 406 2029 442 2049; x_wconf 69' lang='grc' dir='ltr'>τι.</span> <span class='ocrx_word' id='word_1_290' title='bbox 585 2019 622 2052; x_wconf 95' lang='grc'>11</span> <span class='ocrx_word' id='word_1_291' title='bbox 646 2018 740 2050; x_wconf 86' lang='lat' dir='ltr'>Pullo</span> <span class='ocrx_word' id='word_1_292' title='bbox 759 2019 800 2050; x_wconf 89' lang='lat' dir='ltr'>B.</span> <span class='ocrx_word' id='word_1_293' title='bbox 964 2029 1139 2050; x_wconf 79' lang='lat' dir='ltr'>acerrume</span> <span class='ocrx_word' id='word_1_294' title='bbox 1157 2019 1199 2050; x_wconf 89' lang='lat' dir='ltr'>B.</span> <span class='ocrx_word' id='word_1_295' title='bbox 1362 2018 1582 2050; x_wconf 87' lang='lat' dir='ltr'>munitionem</span> <span class='ocrx_word' id='word_1_296' title='bbox 1603 2018 1634 2049; x_wconf 84' lang='lat' dir='ltr'>b.</span> 
     </span>
     <span class='ocr_line' id='line_1_30' title="bbox 298 2069 1634 2111; baseline -0.001 -8"><span class='ocrx_word' id='word_1_297' title='bbox 298 2070 340 2103; x_wconf 79' lang='lat'>12</span> <span class='ocrx_word' id='word_1_298' title='bbox 358 2070 492 2103; x_wconf 86' lang='lat' dir='ltr'>Vorene</span> <span class='ocrx_word' id='word_1_299' title='bbox 511 2071 563 2103; x_wconf 92' lang='lat' dir='ltr'>B:</span> <span class='ocrx_word' id='word_1_300' title='bbox 592 2073 602 2088; x_wconf 85' lang='lat'><em>‘</em></span> <span class='ocrx_word' id='word_1_301' title='bbox 615 2082 699 2103; x_wconf 80' lang='lat' dir='ltr'>mss.</span> <span class='ocrx_word' id='word_1_302' title='bbox 719 2074 870 2102; x_wconf 76' lang='lat' dir='ltr'>uariant</span> <span class='ocrx_word' id='word_1_303' title='bbox 898 2075 932 2102; x_wconf 74' lang='lat' dir='ltr'>et</span> <span class='ocrx_word' id='word_1_304' title='bbox 957 2071 1066 2103; x_wconf 75' lang='lat' dir='ltr'>multi</span> <span class='ocrx_word' id='word_1_305' title='bbox 1089 2074 1163 2102; x_wconf 81' lang='lat' dir='ltr'>tum</span> <span class='ocrx_word' id='word_1_306' title='bbox 1191 2080 1330 2111; x_wconf 77' lang='lat' dir='ltr'>qnoque</span> <span class='ocrx_word' id='word_1_307' title='bbox 1348 2070 1439 2101; x_wconf 72' lang='lat' dir='ltr'>dant</span> <span class='ocrx_word' id='word_1_308' title='bbox 1455 2069 1634 2101; x_wconf 84' lang='lat' dir='ltr'>Verenus&#39;.</span> 
     </span>
     <span class='ocr_line' id='line_1_31' title="bbox 296 2119 1638 2164; baseline -0.003 -11"><span class='ocrx_word' id='word_1_309' title='bbox 296 2126 375 2153; x_wconf 87' lang='lat' dir='ltr'>tuae</span> <span class='ocrx_word' id='word_1_310' title='bbox 396 2132 454 2164; x_wconf 87' lang='lat' dir='ltr'>pro</span> <span class='ocrx_word' id='word_1_311' title='bbox 474 2122 575 2153; x_wconf 84' lang='lat' dir='ltr'>laude</span> <span class='ocrx_word' id='word_1_312' title='bbox 594 2122 734 2154; x_wconf 89' lang='lat' dir='ltr'>uirtutis</span> <span class='ocrx_word' id='word_1_313' title='bbox 754 2122 824 2153; x_wconf 79' lang='lat' dir='ltr'>AB</span> <span class='ocrx_word' id='word_1_314' title='bbox 839 2122 931 2161; x_wconf 83' lang='lat' dir='ltr'>CI),-</span> <span class='ocrx_word' id='word_1_315' title='bbox 951 2132 1009 2164; x_wconf 90' lang='lat' dir='ltr'>pro</span> <span class='ocrx_word' id='word_1_316' title='bbox 1029 2121 1129 2153; x_wconf 88' lang='lat' dir='ltr'>laude</span> <span class='ocrx_word' id='word_1_317' title='bbox 1149 2120 1288 2152; x_wconf 87' lang='lat' dir='ltr'>uirtutis</span> <span class='ocrx_word' id='word_1_318' title='bbox 1308 2125 1386 2151; x_wconf 83' lang='lat' dir='ltr'>tuae</span> <span class='ocrx_word' id='word_1_319' title='bbox 1405 2130 1473 2157; x_wconf 83' lang='lat' dir='ltr'>ae,</span> <span class='ocrx_word' id='word_1_320' title='bbox 1492 2119 1638 2161; x_wconf 90' lang='lat' dir='ltr'>proban-</span> 
     </span>
     <span class='ocr_line' id='line_1_32' title="bbox 155 2172 1634 2216; baseline -0.003 -10"><span class='ocrx_word' id='word_1_321' title='bbox 155 2174 217 2206; x_wconf 87' lang='lat' dir='ltr'>dae</span> <span class='ocrx_word' id='word_1_322' title='bbox 235 2173 375 2205; x_wconf 87' lang='lat' dir='ltr'>uirtutis</span> <span class='ocrx_word' id='word_1_323' title='bbox 396 2178 473 2205; x_wconf 86' lang='lat' dir='ltr'>tuae</span> <span class='ocrx_word' id='word_1_324' title='bbox 493 2184 538 2205; x_wconf 82' lang='lat' dir='ltr'>u:</span> <span class='ocrx_word' id='word_1_325' title='bbox 560 2174 656 2206; x_wconf 51' lang='lat' dir='ltr'>‘msa</span> <span class='ocrx_word' id='word_1_326' title='bbox 678 2174 810 2205; x_wconf 57' lang='lat' dir='ltr'>liabent</span> <span class='ocrx_word' id='word_1_327' title='bbox 827 2178 904 2205; x_wconf 84' lang='lat' dir='ltr'>tuae</span> <span class='ocrx_word' id='word_1_328' title='bbox 924 2185 981 2216; x_wconf 89' lang='lat' dir='ltr'>pro</span> <span class='ocrx_word' id='word_1_329' title='bbox 1002 2173 1100 2204; x_wconf 88' lang='lat' dir='ltr'>laude</span> <span class='ocrx_word' id='word_1_330' title='bbox 1121 2172 1399 2213; x_wconf 81' lang='lat' dir='ltr'>uirtutisuelpro</span> <span class='ocrx_word' id='word_1_331' title='bbox 1418 2176 1496 2203; x_wconf 83' lang='lat' dir='ltr'>tuae</span> <span class='ocrx_word' id='word_1_332' title='bbox 1516 2172 1537 2203; x_wconf 88' lang='lat' dir='ltr'>l.</span> <span class='ocrx_word' id='word_1_333' title='bbox 1552 2172 1634 2203; x_wconf 84' lang='lat' dir='ltr'>uirt.</span> 
     </span>
     <span class='ocr_line' id='line_1_33' title="bbox 152 2223 1542 2268; baseline -0.001 -11"><span class='ocrx_word' id='word_1_334' title='bbox 152 2227 211 2258; x_wconf 82' lang='lat' dir='ltr'>uel</span> <span class='ocrx_word' id='word_1_335' title='bbox 227 2236 285 2268; x_wconf 93' lang='lat' dir='ltr'>pro</span> <span class='ocrx_word' id='word_1_336' title='bbox 304 2226 406 2257; x_wconf 82' lang='lat' dir='ltr'>laude</span> <span class='ocrx_word' id='word_1_337' title='bbox 425 2231 503 2257; x_wconf 88' lang='lat' dir='ltr'>tuae</span> <span class='ocrx_word' id='word_1_338' title='bbox 523 2236 555 2257; x_wconf 89' lang='lat' dir='ltr'>u.</span> <span class='ocrx_word' id='word_1_339' title='bbox 577 2227 638 2257; x_wconf 82' lang='lat' dir='ltr'>uel</span> <span class='ocrx_word' id='word_1_340' title='bbox 654 2237 712 2268; x_wconf 90' lang='lat' dir='ltr'>pro</span> <span class='ocrx_word' id='word_1_341' title='bbox 732 2226 833 2258; x_wconf 88' lang='lat' dir='ltr'>laude</span> <span class='ocrx_word' id='word_1_342' title='bbox 852 2226 992 2257; x_wconf 89' lang='lat' dir='ltr'>uirtutis</span> <span class='ocrx_word' id='word_1_343' title='bbox 1011 2230 1110 2263; x_wconf 85' lang='lat' dir='ltr'>tuae;</span> <span class='ocrx_word' id='word_1_344' title='bbox 1130 2224 1325 2267; x_wconf 82' lang='lat' dir='ltr'>probandae</span> <span class='ocrx_word' id='word_1_345' title='bbox 1343 2227 1470 2255; x_wconf 72' lang='lat' dir='ltr'>seruat</span> <span class='ocrx_word' id='word_1_346' title='bbox 1487 2223 1542 2255; x_wconf 67' lang='grc' dir='ltr'>εἶ’.</span> 
     </span>
     <span class='ocr_line' id='line_1_34' title="bbox 155 2270 1633 2319; baseline -0.005 -10"><span class='ocrx_word' id='word_1_347' title='bbox 155 2282 315 2319; x_wconf 78' lang='lat' dir='ltr'>expectas</span> <span class='ocrx_word' id='word_1_348' title='bbox 334 2287 371 2317; x_wconf 83' lang='lat' dir='ltr'>e,</span> <span class='ocrx_word' id='word_1_349' title='bbox 394 2282 530 2319; x_wconf 84' lang='lat' dir='ltr'>spectas</span> <span class='ocrx_word' id='word_1_350' title='bbox 551 2276 652 2317; x_wconf 84' lang='lat' dir='ltr'><em>A(B)</em></span> <span class='ocrx_word' id='word_1_351' title='bbox 669 2277 754 2309; x_wconf 88' lang='lat' dir='ltr'>CD.</span> <span class='ocrx_word' id='word_1_352' title='bbox 930 2277 967 2308; x_wconf 83' lang='lat'>13</span> <span class='ocrx_word' id='word_1_353' title='bbox 988 2276 1041 2307; x_wconf 86' lang='lat' dir='ltr'>hic</span> <span class='ocrx_word' id='word_1_354' title='bbox 1060 2275 1132 2306; x_wconf 87' lang='lat' dir='ltr'>dies</span> <span class='ocrx_word' id='word_1_355' title='bbox 1150 2275 1182 2306; x_wconf 74' lang='lat' dir='ltr'><em>A</em></span> <span class='ocrx_word' id='word_1_356' title='bbox 1196 2275 1256 2306; x_wconf 81' lang='lat' dir='ltr'>Ca</span> <span class='ocrx_word' id='word_1_357' title='bbox 1271 2274 1362 2312; x_wconf 79' lang='lat' dir='ltr'>bce,·</span> <span class='ocrx_word' id='word_1_358' title='bbox 1382 2271 1435 2303; x_wconf 89' lang='lat' dir='ltr'>hic</span> <span class='ocrx_word' id='word_1_359' title='bbox 1455 2271 1527 2302; x_wconf 88' lang='lat' dir='ltr'>dies</span> <span class='ocrx_word' id='word_1_360' title='bbox 1547 2270 1633 2311; x_wconf 87' lang='lat' dir='ltr'>dies,</span> 
     </span>
     <span class='ocr_line' id='line_1_35' title="bbox 153 2321 1637 2368; baseline -0.005 -8"><span class='ocrx_word' id='word_1_361' title='bbox 153 2328 216 2360; x_wconf 84' lang='lat' dir='ltr'>sed</span> <span class='ocrx_word' id='word_1_362' title='bbox 232 2328 349 2359; x_wconf 77' lang='lat' dir='ltr'>altero</span> <span class='ocrx_word' id='word_1_363' title='bbox 370 2328 441 2359; x_wconf 88' lang='lat' dir='ltr'>dies</span> <span class='ocrx_word' id='word_1_364' title='bbox 456 2330 602 2368; x_wconf 79' lang='lat' dir='ltr'>punctis</span> <span class='ocrx_word' id='word_1_365' title='bbox 621 2330 758 2367; x_wconf 75' lang='lat' dir='ltr'>notato,</span> <span class='ocrx_word' id='word_1_366' title='bbox 779 2327 832 2358; x_wconf 84' lang='lat' dir='ltr'>B.-</span> <span class='ocrx_word' id='word_1_367' title='bbox 853 2326 905 2358; x_wconf 87' lang='lat' dir='ltr'>hic</span> <span class='ocrx_word' id='word_1_368' title='bbox 925 2326 1010 2364; x_wconf 87' lang='lat' dir='ltr'>dies,</span> <span class='ocrx_word' id='word_1_369' title='bbox 1031 2326 1084 2357; x_wconf 87' lang='lat' dir='ltr'>hic</span> <span class='ocrx_word' id='word_1_370' title='bbox 1103 2325 1175 2356; x_wconf 89' lang='lat' dir='ltr'>dies</span> <span class='ocrx_word' id='word_1_371' title='bbox 1196 2335 1229 2355; x_wconf 81' lang='lat' dir='ltr'>u.</span> <span class='ocrx_word' id='word_1_372' title='bbox 1409 2323 1492 2354; x_wconf 85' lang='lat' dir='ltr'>haec</span> <span class='ocrx_word' id='word_1_373' title='bbox 1512 2321 1588 2352; x_wconf 90' lang='lat' dir='ltr'>dum</span> <span class='ocrx_word' id='word_1_374' title='bbox 1606 2322 1637 2352; x_wconf 88' lang='lat' dir='ltr'><em>B</em></span> 
     </span>
     <span class='ocr_line' id='line_1_36' title="bbox 158 2373 1637 2419; baseline -0.005 -9"><span class='ocrx_word' id='word_1_375' title='bbox 158 2381 254 2411; x_wconf 72' lang='lat' dir='ltr'>‘ms-s.</span> <span class='ocrx_word' id='word_1_376' title='bbox 273 2382 311 2409; x_wconf 79' lang='lat' dir='ltr'>et</span> <span class='ocrx_word' id='word_1_377' title='bbox 325 2378 403 2410; x_wconf 81' lang='lat' dir='ltr'>edd.</span> <span class='ocrx_word' id='word_1_378' title='bbox 424 2377 526 2419; x_wconf 59' lang='grc' dir='ltr'><strong><em>(μᾶζ’.</em></strong></span> <span class='ocrx_word' id='word_1_379' title='bbox 653 2378 693 2409; x_wconf 85' lang='grc'>’14</span> <span class='ocrx_word' id='word_1_380' title='bbox 712 2377 867 2419; x_wconf 83' lang='lat' dir='ltr'>procedit</span> <span class='ocrx_word' id='word_1_381' title='bbox 885 2387 926 2408; x_wconf 82' lang='lat' dir='ltr'>ex</span> <span class='ocrx_word' id='word_1_382' title='bbox 945 2377 1070 2408; x_wconf 88' lang='lat' dir='ltr'>castris</span> <span class='ocrx_word' id='word_1_383' title='bbox 1089 2375 1360 2416; x_wconf 85' lang='lat' dir='ltr'>munitionesque</span> <span class='ocrx_word' id='word_1_384' title='bbox 1380 2383 1444 2415; x_wconf 90' lang='lat' dir='ltr'>qua</span> <span class='ocrx_word' id='word_1_385' title='bbox 1463 2378 1558 2415; x_wconf 87' lang='lat' dir='ltr'>parte</span> <span class='ocrx_word' id='word_1_386' title='bbox 1578 2373 1637 2403; x_wconf 89' lang='lat' dir='ltr'>ho—</span> 
     </span>
     <span class='ocr_line' id='line_1_37' title="bbox 157 2422 1635 2471; baseline -0.005 -10"><span class='ocrx_word' id='word_1_387' title='bbox 157 2431 259 2463; x_wconf 83' lang='lat' dir='ltr'>stium</span> <span class='ocrx_word' id='word_1_388' title='bbox 279 2430 331 2469; x_wconf 74' lang='lat' dir='ltr'>A,</span> <span class='ocrx_word' id='word_1_389' title='bbox 358 2429 513 2471; x_wconf 82' lang='lat' dir='ltr'>procedit</span> <span class='ocrx_word' id='word_1_390' title='bbox 531 2439 573 2460; x_wconf 86' lang='lat' dir='ltr'>ex</span> <span class='ocrx_word' id='word_1_391' title='bbox 592 2429 717 2459; x_wconf 86' lang='lat' dir='ltr'>castris</span> <span class='ocrx_word' id='word_1_392' title='bbox 736 2427 941 2459; x_wconf 86' lang='lat' dir='ltr'>munitiones</span> <span class='ocrx_word' id='word_1_393' title='bbox 961 2436 1113 2468; x_wconf 89' lang='lat' dir='ltr'>quaeque</span> <span class='ocrx_word' id='word_1_394' title='bbox 1131 2426 1218 2468; x_wconf 85' lang='lat' dir='ltr'>parti</span> <span class='ocrx_word' id='word_1_395' title='bbox 1238 2425 1382 2456; x_wconf 87' lang='lat' dir='ltr'>hostium</span> <span class='ocrx_word' id='word_1_396' title='bbox 1401 2424 1431 2455; x_wconf 87' lang='lat' dir='ltr'><em>B</em></span> <span class='ocrx_word' id='word_1_397' title='bbox 1453 2424 1554 2455; x_wconf 70' lang='lat' dir='ltr'>‘ms-5.</span> <span class='ocrx_word' id='word_1_398' title='bbox 1578 2422 1635 2455; x_wconf 83' lang='lat' dir='ltr'>tl’</span> 
     </span>
     <span class='ocr_line' id='line_1_38' title="bbox 156 2476 1638 2523; baseline -0.004 -11"><span class='ocrx_word' id='word_1_399' title='bbox 156 2485 208 2522; x_wconf 80' lang='lat' dir='ltr'>et,</span> <span class='ocrx_word' id='word_1_400' title='bbox 230 2483 294 2523; x_wconf 82' lang='lat' dir='ltr'>qni</span> <span class='ocrx_word' id='word_1_401' title='bbox 310 2481 596 2521; x_wconf 80' lang='lat' dir='ltr'>munitionemque</span> <span class='ocrx_word' id='word_1_402' title='bbox 616 2489 787 2521; x_wconf 82' lang='lat' dir='ltr'>quaeque,</span> <span class='ocrx_word' id='word_1_403' title='bbox 806 2479 859 2518; x_wconf 79' lang='lat' dir='ltr'>D‚·</span> <span class='ocrx_word' id='word_1_404' title='bbox 887 2479 1040 2520; x_wconf 82' lang='lat' dir='ltr'>procedit</span> <span class='ocrx_word' id='word_1_405' title='bbox 1067 2483 1163 2509; x_wconf 84' lang='lat' dir='ltr'>extra</span> <span class='ocrx_word' id='word_1_406' title='bbox 1181 2477 1387 2508; x_wconf 87' lang='lat' dir='ltr'>munitiones</span> <span class='ocrx_word' id='word_1_407' title='bbox 1407 2486 1559 2517; x_wconf 87' lang='lat' dir='ltr'>quaeque</span> <span class='ocrx_word' id='word_1_408' title='bbox 1579 2476 1638 2506; x_wconf 88' lang='lat' dir='ltr'>ho-</span> 
     </span>
     <span class='ocr_line' id='line_1_39' title="bbox 156 2528 1640 2574; baseline -0.003 -10"><span class='ocrx_word' id='word_1_409' title='bbox 156 2534 258 2565; x_wconf 89' lang='lat' dir='ltr'>stium</span> <span class='ocrx_word' id='word_1_410' title='bbox 278 2541 355 2574; x_wconf 86' lang='lat' dir='ltr'>pars</span> <span class='ocrx_word' id='word_1_411' title='bbox 374 2541 423 2562; x_wconf 82' lang='lat' dir='ltr'>ae</span> <span class='ocrx_word' id='word_1_412' title='bbox 449 2532 522 2572; x_wconf 74' lang='lat' dir='ltr'>(hic</span> <span class='ocrx_word' id='word_1_413' title='bbox 540 2531 686 2573; x_wconf 86' lang='lat' dir='ltr'>queque)</span> <span class='ocrx_word' id='word_1_414' title='bbox 707 2534 762 2570; x_wconf 74' lang='lat' dir='ltr'>et,</span> <span class='ocrx_word' id='word_1_415' title='bbox 793 2532 856 2571; x_wconf 79' lang='lat' dir='ltr'>qui</span> <span class='ocrx_word' id='word_1_416' title='bbox 871 2540 950 2572; x_wconf 86' lang='lat' dir='ltr'>pars</span> <span class='ocrx_word' id='word_1_417' title='bbox 970 2530 1114 2561; x_wconf 85' lang='lat' dir='ltr'>hostium</span> <span class='ocrx_word' id='word_1_418' title='bbox 1135 2532 1251 2560; x_wconf 80' lang='lat' dir='ltr'>tenere</span> <span class='ocrx_word' id='word_1_419' title='bbox 1270 2528 1421 2568; x_wconf 71' lang='lat' dir='ltr'>dicitur,</span> <span class='ocrx_word' id='word_1_420' title='bbox 1455 2529 1472 2558; x_wconf 86' lang='grc' dir='ltr'>Ι)</span> <span class='ocrx_word' id='word_1_421' title='bbox 1492 2531 1547 2567; x_wconf 81' lang='lat' dir='ltr'>et,</span> <span class='ocrx_word' id='word_1_422' title='bbox 1575 2530 1640 2569; x_wconf 74' lang='lat' dir='ltr'>qut·</span> 
     </span>
     <span class='ocr_line' id='line_1_40' title="bbox 157 2580 1633 2627; baseline -0.005 -10"><span class='ocrx_word' id='word_1_423' title='bbox 157 2590 193 2617; x_wconf 83' lang='lat' dir='ltr'>et</span> <span class='ocrx_word' id='word_1_424' title='bbox 211 2594 296 2627; x_wconf 86' lang='lat' dir='ltr'>quae</span> <span class='ocrx_word' id='word_1_425' title='bbox 315 2593 394 2625; x_wconf 87' lang='lat' dir='ltr'>pars</span> <span class='ocrx_word' id='word_1_426' title='bbox 414 2583 573 2623; x_wconf 88' lang='lat' dir='ltr'>hostium,</span> <span class='ocrx_word' id='word_1_427' title='bbox 595 2582 644 2613; x_wconf 86' lang='lat' dir='ltr'>cd</span> <span class='ocrx_word' id='word_1_428' title='bbox 662 2582 810 2624; x_wconf 86' lang='lat' dir='ltr'>(quaque</span> <span class='ocrx_word' id='word_1_429' title='bbox 832 2582 920 2614; x_wconf 79' lang='lat' dir='ltr'>Oud.</span> <span class='ocrx_word' id='word_1_430' title='bbox 942 2584 1108 2620; x_wconf 73' lang='lat' dir='ltr'>inuenit).</span> <span class='ocrx_word' id='word_1_431' title='bbox 1298 2580 1338 2612; x_wconf 86' lang='lat'>15</span> <span class='ocrx_word' id='word_1_432' title='bbox 1358 2584 1411 2611; x_wconf 86' lang='lat' dir='ltr'>est</span> <span class='ocrx_word' id='word_1_433' title='bbox 1428 2580 1503 2611; x_wconf 80' lang='lat' dir='ltr'>uisa</span> <span class='ocrx_word' id='word_1_434' title='bbox 1522 2580 1633 2620; x_wconf 79' lang='lat' dir='ltr'>Bae,</span> 
     </span>
     <span class='ocr_line' id='line_1_41' title="bbox 156 2631 1636 2675; baseline -0.004 -8"><span class='ocrx_word' id='word_1_435' title='bbox 156 2637 232 2667; x_wconf 88' lang='lat' dir='ltr'>uisa</span> <span class='ocrx_word' id='word_1_436' title='bbox 251 2639 358 2666; x_wconf 83' lang='lat' dir='ltr'>estu.</span> <span class='ocrx_word' id='word_1_437' title='bbox 477 2633 635 2675; x_wconf 85' lang='lat' dir='ltr'>irrumpit</span> <span class='ocrx_word' id='word_1_438' title='bbox 652 2633 682 2664; x_wconf 90' lang='lat' dir='ltr'><em>B</em></span> <span class='ocrx_word' id='word_1_439' title='bbox 701 2632 751 2673; x_wconf 78' lang='lat' dir='ltr'>(et</span> <span class='ocrx_word' id='word_1_440' title='bbox 768 2635 797 2664; x_wconf 79' lang='lat' dir='ltr'>is</span> <span class='ocrx_word' id='word_1_441' title='bbox 815 2633 955 2673; x_wconf 79' lang='lat' dir='ltr'>quidem</span> <span class='ocrx_word' id='word_1_442' title='bbox 977 2633 1057 2672; x_wconf 85' lang='lat' dir='ltr'>inr.)</span> <span class='ocrx_word' id='word_1_443' title='bbox 1077 2635 1113 2662; x_wconf 73' lang='lat' dir='ltr'>et</span> <span class='ocrx_word' id='word_1_444' title='bbox 1128 2631 1280 2672; x_wconf 77' lang='lat' dir='ltr'>relz‘qm‘:</span> <span class='ocrx_word' id='word_1_445' title='bbox 1300 2640 1372 2662; x_wconf 85' lang='lat' dir='ltr'>eam</span> <span class='ocrx_word' id='word_1_446' title='bbox 1391 2631 1548 2672; x_wconf 87' lang='lat' dir='ltr'>irrumpit</span> <span class='ocrx_word' id='word_1_447' title='bbox 1563 2641 1583 2662; x_wconf 85' lang='lat' dir='ltr'>a</span> <span class='ocrx_word' id='word_1_448' title='bbox 1598 2641 1636 2670; x_wconf 80' lang='lat' dir='ltr'>e,-</span> 
     </span>
     <span class='ocr_line' id='line_1_42' title="bbox 158 2682 1636 2728; baseline -0.003 -9"><span class='ocrx_word' id='word_1_449' title='bbox 158 2688 190 2719; x_wconf 88' lang='lat' dir='ltr'>in</span> <span class='ocrx_word' id='word_1_450' title='bbox 209 2697 282 2718; x_wconf 85' lang='lat' dir='ltr'>eam</span> <span class='ocrx_word' id='word_1_451' title='bbox 300 2685 458 2728; x_wconf 89' lang='lat' dir='ltr'>irrumpit</span> <span class='ocrx_word' id='word_1_452' title='bbox 477 2685 528 2717; x_wconf 83' lang='lat' dir='ltr'>cd</span> <span class='ocrx_word' id='word_1_453' title='bbox 545 2688 598 2725; x_wconf 81' lang='lat' dir='ltr'>et,</span> <span class='ocrx_word' id='word_1_454' title='bbox 619 2687 684 2726; x_wconf 80' lang='lat' dir='ltr'>qui</span> <span class='ocrx_word' id='word_1_455' title='bbox 699 2685 834 2726; x_wconf 85' lang='lat' dir='ltr'>irrupit,</span> <span class='ocrx_word' id='word_1_456' title='bbox 857 2685 888 2716; x_wconf 84' lang='lat' dir='ltr'>b.</span> <span class='ocrx_word' id='word_1_457' title='bbox 1038 2682 1192 2714; x_wconf 83' lang='lat' dir='ltr'>Vorenus</span> <span class='ocrx_word' id='word_1_458' title='bbox 1211 2683 1254 2714; x_wconf 88' lang='lat' dir='ltr'>B.</span> <span class='ocrx_word' id='word_1_459' title='bbox 1415 2682 1548 2723; x_wconf 85' lang='lat' dir='ltr'>quidem</span> <span class='ocrx_word' id='word_1_460' title='bbox 1567 2688 1636 2714; x_wconf 88' lang='lat' dir='ltr'>tum</span> 
     </span>
     <span class='ocr_line' id='line_1_43' title="bbox 157 2733 1634 2779; baseline -0.006 -7"><span class='ocrx_word' id='word_1_461' title='bbox 157 2751 233 2772; x_wconf 86' lang='lat' dir='ltr'>sese</span> <span class='ocrx_word' id='word_1_462' title='bbox 253 2738 325 2779; x_wconf 82' lang='lat' dir='ltr'>cd,</span> <span class='ocrx_word' id='word_1_463' title='bbox 346 2743 415 2769; x_wconf 88' lang='lat' dir='ltr'>tum</span> <span class='ocrx_word' id='word_1_464' title='bbox 435 2738 568 2779; x_wconf 88' lang='lat' dir='ltr'>quidem</span> <span class='ocrx_word' id='word_1_465' title='bbox 588 2747 623 2768; x_wconf 91' lang='lat' dir='ltr'>se</span> <span class='ocrx_word' id='word_1_466' title='bbox 644 2737 684 2776; x_wconf 84' lang='lat' dir='ltr'>b,</span> <span class='ocrx_word' id='word_1_467' title='bbox 705 2736 838 2778; x_wconf 89' lang='lat' dir='ltr'>quidem</span> <span class='ocrx_word' id='word_1_468' title='bbox 858 2746 935 2766; x_wconf 88' lang='lat' dir='ltr'>seso</span> <span class='ocrx_word' id='word_1_469' title='bbox 955 2745 1027 2766; x_wconf 84' lang='lat' dir='ltr'>cum</span> <span class='ocrx_word' id='word_1_470' title='bbox 1048 2745 1088 2773; x_wconf 84' lang='lat' dir='ltr'>e‚·</span> <span class='ocrx_word' id='word_1_471' title='bbox 1108 2735 1239 2776; x_wconf 90' lang='lat' dir='ltr'>quidem</span> <span class='ocrx_word' id='word_1_472' title='bbox 1260 2744 1337 2765; x_wconf 87' lang='lat' dir='ltr'>sese</span> <span class='ocrx_word' id='word_1_473' title='bbox 1357 2733 1417 2774; x_wconf 85' lang='lat' dir='ltr'>(B)</span> <span class='ocrx_word' id='word_1_474' title='bbox 1436 2736 1472 2764; x_wconf 81' lang='lat' dir='ltr'>et</span> <span class='ocrx_word' id='word_1_475' title='bbox 1487 2734 1634 2774; x_wconf 72' lang='lat' dir='ltr'>reliqui.</span> 
     </span>
     <span class='ocr_line' id='line_1_44' title="bbox 266 2785 1637 2829; baseline -0.003 -9"><span class='ocrx_word' id='word_1_476' title='bbox 266 2789 304 2822; x_wconf 75' lang='lat'>16</span> <span class='ocrx_word' id='word_1_477' title='bbox 323 2788 483 2819; x_wconf 85' lang='lat' dir='ltr'>mediocri</span> <span class='ocrx_word' id='word_1_478' title='bbox 504 2787 612 2829; x_wconf 89' lang='lat' dir='ltr'>spatio</span> <span class='ocrx_word' id='word_1_479' title='bbox 632 2786 704 2823; x_wconf 82' lang='lat' dir='ltr'>de,</span> <span class='ocrx_word' id='word_1_480' title='bbox 732 2791 800 2816; x_wconf 88' lang='lat' dir='ltr'>tum</span> <span class='ocrx_word' id='word_1_481' title='bbox 821 2786 984 2816; x_wconf 79' lang='lat' dir='ltr'>mediocri</span> <span class='ocrx_word' id='word_1_482' title='bbox 1004 2785 1112 2828; x_wconf 83' lang='lat' dir='ltr'>spatio</span> <span class='ocrx_word' id='word_1_483' title='bbox 1132 2786 1192 2826; x_wconf 77' lang='lat' dir='ltr'>(B)</span> <span class='ocrx_word' id='word_1_484' title='bbox 1205 2785 1396 2826; x_wconf 72' lang='lat' dir='ltr'>etz-ele&#39;qzti.</span> <span class='ocrx_word' id='word_1_485' title='bbox 1496 2785 1637 2816; x_wconf 72' lang='lat' dir='ltr'>171‘utto</span> 
     </span>
     <span class='ocr_line' id='line_1_45' title="bbox 160 2835 1657 2878; baseline -0.005 -5"><span class='ocrx_word' id='word_1_486' title='bbox 160 2842 202 2873; x_wconf 80' lang='lat' dir='ltr'>B.</span> <span class='ocrx_word' id='word_1_487' title='bbox 297 2838 450 2871; x_wconf 78' lang='lat' dir='ltr'>immittit</span> <span class='ocrx_word' id='word_1_488' title='bbox 461 2838 491 2869; x_wconf 85' lang='lat' dir='ltr'><em>A</em></span> <span class='ocrx_word' id='word_1_489' title='bbox 502 2838 530 2868; x_wconf 86' lang='lat' dir='ltr'><em>B</em></span> <span class='ocrx_word' id='word_1_490' title='bbox 543 2837 623 2877; x_wconf 84' lang='lat' dir='ltr'>CI),</span> <span class='ocrx_word' id='word_1_491' title='bbox 635 2836 797 2868; x_wconf 79' lang='lat' dir='ltr'>mittiteu</span> <span class='ocrx_word' id='word_1_492' title='bbox 810 2836 904 2877; x_wconf 82' lang='lat' dir='ltr'>(inm.</span> <span class='ocrx_word' id='word_1_493' title='bbox 920 2835 978 2874; x_wconf 83' lang='lat' dir='ltr'>B).</span> <span class='ocrx_word' id='word_1_494' title='bbox 1077 2835 1117 2867; x_wconf 86' lang='lat'>18</span> <span class='ocrx_word' id='word_1_495' title='bbox 1131 2845 1292 2877; x_wconf 81' lang='lat' dir='ltr'>percusso</span> <span class='ocrx_word' id='word_1_496' title='bbox 1306 2835 1565 2878; x_wconf 64' lang='lat' dir='ltr'>exanimatoque</span> <span class='ocrx_word' id='word_1_497' title='bbox 1578 2835 1595 2866; x_wconf 83' lang='lat' dir='ltr'>b</span> <span class='ocrx_word' id='word_1_498' title='bbox 1607 2845 1657 2878; x_wconf 28' lang='lat' dir='ltr'>c.-</span> 
     </span>
    </p>
   </div>
   <div class='ocr_carea' id='block_1_4' title="bbox 1669 886 1710 918">
    <p class='ocr_par' dir='ltr' id='par_1_11' title="bbox 1669 886 1710 918">
     <span class='ocr_line' id='line_1_46' title="bbox 1669 886 1710 918; baseline -0.024 0"><span class='ocrx_word' id='word_1_499' title='bbox 1669 886 1710 918; x_wconf 93' lang='lat'>10</span> 
     </span>
    </p>
   </div>
   <div class='ocr_carea' id='block_1_5' title="bbox 1670 1223 1709 1256">
    <p class='ocr_par' dir='ltr' id='par_1_12' title="bbox 1670 1223 1709 1256">
     <span class='ocr_line' id='line_1_47' title="bbox 1670 1223 1709 1256; baseline -0.026 0"><span class='ocrx_word' id='word_1_500' title='bbox 1670 1223 1709 1256; x_wconf 88' lang='lat'>15</span> 
     </span>
    </p>
   </div>
  </div>
 </body>
</html>
