1835 3240
108 568 127 600 5

82 904 123 938 10

84 1243 124 1276 15

81 1582 124 1616 20

83 1921 125 1954 ‘25

84 2260 125 2293 30

587 171 770 216 COMM.
794 170 814 214 I
836 169 959 213 CAP.
983 168 1101 212 40-
1117 170 1187 212 42.
1634 172 1714 216 515

159 298 322 339 uterque
343 286 521 341 legiones
543 287 695 328 reducit
715 287 755 328 in
779 293 926 327 castra.
969 283 1031 325 Eo
1052 284 1169 325 hiduo
1192 280 1345 324 Caesar
1375 298 1461 324 cum
1496 287 1637 339 equiti·
1659 287 1713 332 41

157 359 230 398 bus
262 362 427 405 DCCCC,
467 369 564 408 quos
598 355 671 395 sibi
705 355 900 409 praesidio
933 354 1170 407 reliquerat,
1209 351 1249 391 in
1282 358 1410 392 castra
1442 356 1636 405 peruenit.

156 423 280 473 Pons,
306 423 367 476 qui
393 424 765 477 fuerattempestate
787 423 1047 475 interruptus,
1073 433 1196 474 paene
1213 426 1300 460 erat
1320 420 1511 459 refectus:
1539 421 1639 461 bunc

157 498 272 532 nocte
294 491 428 544 perfici
451 491 578 531 iussit.
630 490 722 544 Ipse
745 490 903 543 cognita
926 490 1101 529 locorum
1126 495 1266 528 natura
1289 486 1396 541 ponti
1419 488 1638 541 castrisque
1660 489 1687 528 2

159 558 355 614 praesidio
378 572 451 599 sex
474 559 647 599 cohortis
670 558 829 611 reliquit
850 564 967 609 atque
979 556 1108 596 omnia
1130 555 1404 609 impedimenta
1422 562 1461 596 et
1478 563 1639 609 postero

157 627 218 667 dic
241 626 420 667 omnibus
452 626 574 680 copiis
608 625 749 680 triplici
780 625 973 665 instructa
1004 624 1089 664 acie
1120 624 1168 664 ad
1191 622 1357 663 Ilerdam
1380 623 1642 676 proficiscitur

156 701 196 734 et
216 695 287 735 sub
310 695 451 735 castris
475 694 632 735 Afranii
655 693 833 733 constitit
863 699 902 733 ct
930 692 983 732 ibi
1013 691 1210 745 paulisper
1231 690 1302 730 sub
1324 690 1444 731 armis
1465 698 1641 732 moratus

157 762 252 803 facit
281 776 405 815 aequo
437 763 524 803 loco
555 761 752 817 pugnandi
783 767 1029 814 potestatem.
1079 757 1285 799 Potestate
1316 759 1419 799 sacta
1448 758 1640 799 Afranius

157 830 288 884 copias
312 830 441 870 educit
463 837 499 870 et
521 830 561 870 in
583 829 709 870 medio
733 829 832 870 colle
854 827 924 869 sub
947 826 1088 867 castris
1111 826 1334 866 constituit.
1385 823 1553 878 Caesar,
1578 827 1639 867 ubi
1663 826 1687 867 3

156 897 343 951 cognouit
364 912 434 951 per
453 897 661 938 Afranium
685 904 816 946 stare,
852 910 926 948 quo
959 895 1087 934 minus
1111 894 1260 947 proelio
1284 895 1560 946 dimicaretur,
1593 896 1641 936 ab

154 965 298 1006 infimis
320 965 517 1005 radicibus
550 965 695 1005 montis
726 963 965 1004 intermissis
995 962 1156 1003 circiter
1177 962 1358 1015 passibus
1382 970 1490 1003 CCCC
1513 970 1644 1004 castra

156 1034 287 1073 facere
300 1033 506 1073 constituit
528 1039 581 1083 et,
607 1047 656 1073 ne
678 1032 717 1072 in
731 1045 849 1086 opere
872 1031 1052 1072 faciundo
1075 1030 1219 1070 milites
1242 1031 1448 1084 repentino
1472 1032 1640 1072 hostium
1662 1031 1690 1071 4

154 1100 317 1142 incursu
339 1107 646 1142 exterrerentur
667 1107 780 1153 atque
803 1113 923 1154 opere
947 1098 1266 1152 prohiberentur,
1292 1098 1396 1138 uallo
1419 1099 1559 1138 muniri
1575 1112 1642 1139 ue-

159 1169 248 1216 tuit,
273 1170 373 1222 quod
396 1169 569 1210 eminere
592 1176 631 1210 et
653 1169 787 1222 procul
809 1167 933 1208 uideri
958 1180 1121 1207 necesse
1145 1173 1245 1215 erat,
1271 1166 1338 1206 sed
1361 1180 1383 1206 a
1407 1167 1537 1206 fronte
1549 1180 1644 1206 con-

158 1243 218 1276 tra
241 1236 390 1277 hostem
415 1238 553 1290 pedum
575 1243 639 1276 XV
660 1238 807 1277 fossam
830 1235 914 1276 fieri
936 1235 1067 1276 iussit.
1123 1233 1258 1275 Prima
1281 1240 1321 1274 et
1341 1234 1513 1274 secunda
1536 1235 1643 1275 acies

157 1305 198 1345 in
220 1304 338 1344 armis
354 1335 364 1354 ,
388 1311 432 1344 ut
453 1305 499 1345 ab
522 1304 633 1345 initio
656 1304 870 1344 constituta
892 1310 1004 1354 erat,
1029 1303 1310 1356 permanebat,
1344 1309 1432 1356 post
1454 1302 1524 1342 hos
1546 1316 1645 1355 opus

156 1372 196 1412 in
221 1372 372 1412 occulto
395 1386 417 1412 a
440 1379 484 1411 111
507 1372 591 1412 acie
614 1371 747 1412 fiebat.
793 1369 860 1411 Sic
882 1385 998 1411 omne
1030 1371 1138 1425 prius
1171 1377 1232 1411 est
1254 1371 1467 1424 perfectum
1484 1400 1494 1418 ,
1531 1383 1644 1423 quam
1667 1369 1690 1410 5

157 1440 456 1494 intellegeretur
487 1440 534 1480 ab
567 1439 734 1479 Afranio
768 1446 897 1480 eastra
920 1438 1079 1479 muniri.
1145 1436 1226 1479 Sub
1260 1452 1470 1491 uesperum
1493 1435 1646 1479 Caesar
1666 1436 1692 1477 6

158 1508 264 1547 intra
288 1508 386 1548 banc
410 1509 553 1548 fossam
585 1508 763 1561 legiones
793 1508 949 1548 reducit
978 1514 1095 1560 atque
1125 1506 1179 1547 ibi
1210 1506 1281 1546 sub
1313 1506 1432 1546 armis
1464 1506 1645 1560 proxima

156 1582 273 1615 nocte
304 1576 564 1628 conquiescit.
620 1574 790 1617 Postero
823 1576 884 1616 die
916 1589 1070 1616 omnem
1103 1574 1324 1615 exercitum
1356 1574 1460 1614 intra
1493 1574 1638 1614 fossam
1661 1573 1720 1618 42

158 1644 335 1684 continet
356 1650 409 1693 et,
436 1643 536 1698 quod
558 1644 713 1697 longius
736 1651 821 1684 erat
842 1657 964 1697 agger
984 1643 1202 1697 petendus,
1232 1642 1269 1681 in
1293 1641 1517 1696 praesentia
1538 1641 1646 1682 simi-

156 1710 232 1751 lem
254 1711 450 1751 rationem
474 1710 604 1765 operis
626 1712 799 1752 instituit
828 1711 1061 1765 singulaque
1083 1711 1209 1750 latera
1233 1716 1452 1750 castrorum
1475 1709 1643 1763 singulis

155 1778 336 1819 attribuit
356 1778 576 1833 legionibus
609 1779 821 1820 munienda
852 1780 1058 1832 fossasque
1080 1779 1128 1818 ad
1150 1778 1313 1818 eandem
1338 1777 1648 1830 magnitudinem

155 1847 288 1901 perfici
312 1846 444 1897 iubetg
478 1847 651 1900 reliquas
683 1847 861 1901 legiones
892 1847 931 1887 in
962 1847 1083 1888 armis
1106 1845 1311 1900 expeditas
1334 1853 1472 1886 contra
1494 1844 1645 1885 hostem

159 1915 377 1954 constituit.
421 1913 613 1955 Afranius
635 1913 897 1969 Petreiusque
930 1915 1104 1955 terrendi
1141 1928 1261 1955 causa
1283 1921 1402 1967 atque
1424 1914 1553 1968 operis
1577 1913 1647 1953 im-
1667 1913 1695 1954 2

158 1982 340 2036 pediendi
362 1982 494 2036 copias
518 1997 609 2023 suas
633 1984 679 2023 ad
711 1983 864 2023 infimas
887 1983 1032 2023 montis
1055 1982 1208 2022 radices
1233 1983 1450 2036 producunt
1472 1988 1513 2021 et
1533 1995 1648 2035 proe-

159 2050 211 2090 lio
233 2050 456 2100 lacessunt,
483 2064 608 2103 neque
630 2051 776 2092 idcirco
800 2049 954 2091 Caesar
976 2064 1072 2104 opus
1093 2050 1322 2091 intermittit
1342 2050 1511 2090 confisus
1533 2062 1647 2102 prae·
1669 2047 1693 2088 3

158 2118 257 2158 sidio
280 2118 476 2172 legionum
500 2119 618 2159 trium
641 2126 681 2159 et
702 2120 918 2159 munitione
942 2120 1085 2159 fossae.
1144 2116 1206 2158 Illi
1228 2132 1306 2158 non
1330 2118 1394 2157 diu
1417 2116 1646 2157 commorati
1668 2116 1696 2157 4

159 2199 231 2226 nec
262 2186 418 2240 longius
451 2186 498 2226 ab
530 2187 663 2227 infimo
697 2187 798 2228 colle
829 2186 1031 2241 progressi
1063 2185 1195 2240 copias
1219 2186 1257 2226 in
1281 2192 1411 2226 castra
1433 2185 1642 2225 reducunt.

157 2253 298 2294 Tertio
322 2254 383 2295 die
407 2252 560 2295 Caesar
582 2255 686 2295 uallo
710 2262 842 2295 castra
865 2255 1102 2304 communitg
1128 2254 1300 2307 reliquas
1324 2253 1523 2302 cohortes,
1549 2267 1646 2306 quas
1669 2252 1692 2293 5

157 2321 198 2361 in
219 2323 488 2377 superioribus
511 2323 654 2363 castris
684 2323 923 2376 reliquerat,
958 2322 1312 2376 impedimentaque
1343 2321 1391 2361 ad
1420 2335 1463 2361 se
1495 2321 1645 2361 traduci

301 2414 322 2448 2
341 2413 406 2445 sibi
424 2414 553 2455 Aldus,
573 2414 619 2446 ibi
637 2425 658 2446 α
673 2414 690 2446 b
704 2414 739 2447 d.
888 2415 907 2447 3
926 2424 1012 2457 pene
1031 2425 1062 2446 α.
1222 2415 1242 2446 4
1262 2418 1359 2445 nocte
1379 2414 1465 2453 abc,
1489 2416 1590 2444 noctu
1609 2422 1645 2444 u.

304 2464 322 2496 5
341 2475 382 2496 ex
401 2466 548 2498 cohortis
567 2477 599 2506 α,
622 2477 641 2497 x
662 2466 813 2497 cohortis
834 2466 864 2497 b.
1084 2465 1230 2508 reliquid
1248 2475 1269 2497 a
1288 2468 1323 2496 et
1341 2464 1481 2506 reliquit
1500 2464 1597 2496 ‘mss.
1616 2464 1648 2498 2’

162 2513 238 2545 edd.
259 2517 344 2546 ante
365 2514 492 2547 Graec.
510 2521 662 2558 praeter
679 2516 821 2558 steph„
843 2517 1008 2558 relinquit
1025 2516 1143 2558 Steplz.
1167 2516 1297 2549 Graec.
1318 2526 1353 2547 u.
1526 2515 1544 2546 6
1563 2518 1647 2546 ante

163 2566 317 2598 omnibus
337 2567 417 2598 add.
439 2579 512 2600 cum
533 2570 566 2600 b.
710 2570 749 2602 10
769 2579 830 2612 per
847 2580 916 2601 om.
937 2580 958 2601 a
979 2570 1072 2601 ‘ms-S.
1096 2569 1140 2602 8'.
1284 2570 1321 2602 *ll
1344 2568 1486 2600 infirmis
1504 2579 1539 2600 α.

166 2617 205 2651 12
225 2616 382 2649 faciundo
400 2619 462 2660 ab,
484 2631 553 2652 non
574 2620 748 2653 faciendo.
934 2622 974 2654 13
993 2621 1218 2664 prohibentur
1234 2632 1268 2653 a.
1442 2621 1562 2652 metuit
1579 2630 1599 2651 α
1614 2621 1644 2650 b.

308 2670 349 2702 14
367 2676 486 2703 contra
502 2673 630 2714 Aldus,
653 2678 766 2705 castra
785 2678 906 2705 contra
926 2683 947 2704 a
967 2674 1064 2705 ‘mss.
1080 2673 1271 2715 plerique'.
1431 2672 1470 2704 16
1491 2675 1566 2713 post
1585 2671 1646 2701 boc

164 2722 194 2753 b.
339 2721 377 2754 17
392 2732 410 2753 a
423 2722 474 2765 111]
488 2734 548 2757 xm
560 2736 580 2756 α
595 2726 625 2756 b.
770 2725 810 2757 18
825 2724 967 2767 Caesar]
988 2729 1103 2757 castra
1116 2728 1200 2757 ante
1213 2733 1306 2757 corr.
1321 2734 1356 2754 a.
1494 2722 1647 2764 21prae-

164 2772 309 2803 sentiam
326 2772 343 2803 b
357 2783 386 2803 c·
570 2777 612 2811 25
632 2775 880 2818 Petroniusque
897 2779 981 2809 ante
998 2786 1090 2809 corr.
1111 2786 1146 2808 a.
1315 2773 1449 2806 terendi
1468 2783 1502 2804 (ι.

163 2823 205 2857 26
225 2833 304 2855 suas
324 2824 438 2865 copias
458 2825 489 2855 b·
624 2826 668 2860 27
685 2827 910 2859 intermisitc.
1052 2827 1096 2862 29
1116 2826 1246 2858 infirmo
1265 2828 1350 2857 ante
1362 2833 1454 2855 corr.
1468 2833 1501 2854 a.

164 2875 205 2906 30
225 2884 308 2916 quas
328 2884 395 2905 om.
417 2885 450 2905 α.

1363 2928 1416 2967 33
1433 2930 1447 2947 *
