1835 3240
691 171 1117 214 ——120—

169 289 301 329 decem
324 287 520 340 legionum
543 286 664 326 fuisse
687 286 900 326 uideamus.
950 285 1005 325 Et
1027 298 1210 325 numerus
1233 298 1305 324 sex
1327 284 1524 337 legionum
1548 281 1650 324 Cae-

168 355 270 396 saris
301 354 460 408 ponitur
491 354 608 395 etiam
640 368 675 393 c.
708 351 788 400 40,
821 359 1008 405 quattuor
1034 351 1203 391 Labieni
1233 350 1288 391 57
1307 351 1364 391 in.
1389 359 1427 391 et
1447 349 1516 391 60.
1570 349 1650 391 Sed

168 429 276 463 certe
307 421 376 462 sub
408 422 522 461 finem
554 420 717 461 aestatis
739 433 841 459 noua
863 418 964 471 legio
988 419 1147 468 aderat,
1172 432 1270 471 quae
1292 426 1409 459 sexta
1430 419 1651 472 appellaba-

168 498 247 530 tur.
272 488 376 529 Nam
400 495 575 528 extremo
598 487 695 526 libro
718 486 882 539 septimo
907 483 1060 525 Caesar
1080 499 1122 524 se
1144 485 1320 537 legiones
1342 485 1395 524 ita
1416 486 1456 525 in
1479 486 1652 526 hibernis

167 557 384 597 collocasse
408 555 566 604 scribit,
588 564 629 593 ut
649 552 699 592 Τ.
724 552 943 592 Labienum
967 566 1052 591 cum
1073 550 1112 591 II
1133 552 1353 605 legionibus
1376 553 1414 591 in
1438 550 1650 605 Sequanis,

169 621 219 664 C.
245 621 407 664 Fabium
430 622 520 661 item
544 635 631 660 cum
653 618 692 659 II
713 620 754 659 in
775 619 936 669 Remis,
962 616 1011 659 C.
1036 617 1254 658 Antistium
1276 617 1474 671 Reginum
1496 619 1537 658 in
1559 619 1653 658 Am-

166 690 370 739 bilaretis,
404 687 454 727 T.
481 686 663 728 Sextium
693 687 734 726 in
762 685 1033 739 Biturigibus,
1077 683 1127 726 C.
1161 682 1372 725 Caninium
1405 684 1586 725 Rebilum
1614 687 1654 725 in

168 756 339 797 Rutenis
361 769 448 795 cum
470 753 635 807 singulis
658 753 893 807 legionibus,
920 751 972 806 Q.
989 753 1163 793 Tullium
1186 750 1421 794 Ciceronem
1444 759 1484 793 et
1498 751 1544 792 P.
1563 752 1655 793 Sul-

169 825 313 878 picium
335 820 531 862 Cabilloni
559 826 598 860 et
619 818 842 861 Matiscone
872 821 919 861 ad
940 820 1111 861 Ararem
1142 827 1325 874 poneret,
1356 821 1439 874 ipse
1468 819 1656 860 Bibracte

169 892 374 931 hiemaret.
410 887 531 940 Atqui
553 887 600 927 ad
613 886 773 928 Ararim
797 895 973 941 quartam
988 887 1193 936 decimam,
1220 888 1283 928 cui
1303 886 1446 928 Cicero
1468 901 1656 941 praeesse

169 959 321 999 solebat
351 953 447 1008 (VI,
472 953 541 1004 32,
567 954 627 1007 5),
662 961 701 994 et
732 961 887 995 sextam
916 955 1114 1008 legionem
1151 955 1362 996 collocatas
1396 956 1515 996 fuisse
1543 954 1652 995 Hirt.

169 1023 286 1075 VIII,
311 1023 353 1075 4,
377 1022 402 1062 3
432 1023 558 1063 refert
580 1023 627 1062 ad
652 1028 875 1062 extremum
897 1023 1038 1063 librum
1061 1022 1268 1077 septimum
1289 1023 1521 1077 respiciens.
1575 1022 1655 1066 Mi-

169 1106 254 1133 rum
278 1098 337 1132 est
357 1097 487 1131 autem
510 1104 636 1144 neque
652 1121 662 1140 ,
688 1091 840 1143 quando
863 1090 958 1130 haec
980 1098 1096 1130 sexta
1117 1091 1220 1144 legio
1243 1091 1467 1144 conscripta
1489 1090 1565 1139 sit,
1590 1103 1656 1130 us-

171 1173 285 1213 quam
306 1158 450 1199 referri
480 1159 536 1210 <id
566 1159 668 1214 quod
700 1158 741 1198 in
762 1158 1030 1213 superioribus
1053 1158 1273 1211 legionibus
1304 1165 1489 1198 accurate
1511 1171 1533 1197 a
1555 1154 1657 1197 Cae-

170 1240 260 1268 sare
282 1227 426 1266 factum
449 1239 538 1266 esse
559 1226 761 1277 uidimus),
796 1239 923 1279 neque
953 1239 1038 1266 eam
1062 1239 1225 1265 numero
1257 1233 1432 1266 notatam
1454 1239 1542 1266 esse
1564 1225 1657 1265 reli-

171 1294 255 1348 quis
276 1294 501 1334 inferiorem
518 1323 528 1341 ‚
560 1293 629 1333 sed
651 1300 845 1346 tamquam
867 1293 1175 1345 antiquissimam
1199 1301 1353 1332 sextam
1376 1307 1465 1333 esse
1487 1293 1658 1346 appella-

169 1368 263 1402 tam.
289 1360 426 1414 Itaque
448 1376 527 1402 non
548 1362 633 1402 sine
655 1374 776 1402 causa
798 1361 979 1401 conicere
1002 1360 1094 1400 mihi
1116 1360 1252 1399 uideor
1273 1360 1372 1399 hanc
1396 1360 1515 1399 fuisse
1538 1358 1659 1412 legio-

171 1442 260 1469 nem
281 1427 501 1480 Alaudam,
537 1443 650 1482 quam
673 1426 786 1469 Suet.
813 1425 934 1468 Caes.
958 1427 1013 1468 24
1043 1440 1096 1467 ex
1117 1427 1370 1479 transalpinis
1394 1426 1658 1480 conscriptam

170 1503 308 1550 postea
330 1497 556 1537 uniuersam
578 1494 789 1537 aCaesare
812 1496 976 1536 ciuitate
997 1495 1179 1534 donatam
1203 1508 1291 1534 esse
1305 1494 1455 1534 scribit.
1482 1493 1556 1542 Ea,
1572 1507 1657 1532 cum

171 1563 379 1603 auxiliaris
411 1565 542 1604 onmia
572 1564 661 1604 belli
685 1562 828 1604 Gallici
850 1562 1043 1615 stipendia
1065 1562 1298 1611 meruisset,
1324 1575 1487 1601 numero
1510 1574 1659 1613 quoque

172 1631 397 1671 ueterrimis
419 1630 639 1683 legionibus
662 1630 868 1670 uidebatur
890 1629 1153 1682 adiungenda.
1208 1627 1351 1680 Neque
1373 1628 1511 1681 ignoro
1533 1628 1574 1667 in
1600 1627 1659 1666 in-

170 1697 452 1750 scriptionibus
475 1711 536 1750 ap.
563 1696 680 1737 Grut.
704 1695 803 1743 403,
826 1696 868 1737 2.
893 1694 990 1744 544,
1015 1695 1056 1735 2.
1082 1694 1181 1745 550,
1206 1694 1247 1735 7.
1272 1694 1439 1734 Reines.
1464 1692 1563 1743 410,
1586 1692 1655 1733 35.

171 1762 298 1806 Orell.
313 1763 395 1804 773
418 1764 574 1817 quintae
596 1764 743 1817 legioni
767 1777 984 1817 cognomen
1000 1762 1178 1802 Alaudae
1199 1762 1355 1815 apponi.
1388 1761 1536 1803 Verum
1560 1762 1660 1801 hanc

172 1831 346 1885 quintam
368 1831 562 1884 legionem
585 1831 776 1872 inferiore
800 1838 974 1883 tempore
997 1830 1248 1869 constitutam
1272 1843 1360 1870 esse
1392 1842 1556 1869 necesse
1579 1836 1656 1868 est.

175 1896 422 1943 Caesariana
454 1899 558 1939 enim
590 1899 724 1952 quinta
754 1898 856 1951 legio
890 1911 993 1937 anno
1016 1896 1070 1937 48
1092 1911 1113 1937 a
1145 1895 1196 1948 Q.
1231 1894 1373 1936 Cassio
1402 1896 1588 1949 Longino
1618 1896 1658 1936 in

171 1966 360 2006 ulteriore
382 1964 574 2019 Hispania
605 1966 828 2019 conscripta
858 1971 917 2005 est
939 1964 1065 2017 (Ilirt.
1090 1965 1129 2004 b.
1154 1965 1276 2004 Alex.
1303 1963 1356 2004 50
1378 1971 1416 2004 et
1436 1963 1488 2005 53
1512 1966 1656 2018 extr.).

175 2031 332 2074 Octauo
354 2033 474 2086 igitur
495 2048 598 2074 anno
622 2031 774 2074 Caesar
796 2032 972 2073 undecim
992 2032 1167 2086 legiones
1192 2032 1342 2071 habuit.
1374 2030 1480 2071 Nam
1503 2045 1589 2071 cum
1611 2044 1657 2070 eo

174 2115 277 2141 anno
301 2115 414 2140 unam
437 2102 632 2154 legionem
664 2101 705 2141 in
726 2098 878 2140 Italiam
900 2099 1077 2139 misisset
1098 2097 1232 2151 (VIII,
1256 2098 1327 2150 24,
1352 2098 1413 2151 3),
1439 2099 1577 2139 deinde
1601 2098 1659 2138 hi-

172 2168 295 2208 berna
317 2168 372 2208 ita
405 2168 612 2209 distributa
645 2182 732 2209 esse
754 2167 909 2208 Hirtius
927 2168 1052 2207 refert
1072 2165 1160 2218 (46,
1185 2164 1244 2219 3),
1270 2173 1313 2206 ut
1335 2173 1518 2219 quattuor
1539 2165 1661 2218 legio-

173 2249 244 2275 nes
266 2235 307 2275 in
327 2233 467 2289 Belgio
483 2267 493 2286 ,
528 2237 627 2277 duae
647 2237 687 2277 in
709 2235 906 2285 Haeduis,
932 2235 1029 2274 duae
1051 2235 1091 2273 in
1113 2233 1286 2273 Turonis
1302 2264 1312 2283 ,
1338 2234 1434 2273 duae
1455 2233 1496 2273 in
1516 2232 1662 2273 Lemo-

173 2302 323 2342 uicibus
346 2303 649 2344 collocarentur.
683 2302 804 2344 Nono
826 2308 957 2343 autem
979 2315 1083 2341 anno
1107 2298 1251 2341 Cicero
1273 2301 1321 2340 ad
1344 2300 1430 2341 Att.
1455 2298 1549 2350 VII,
1573 2298 1615 2349 7,
1633 2298 1661 2339 6

176 2366 391 2409 Caesarem
423 2370 518 2410 item
550 2370 730 2411 undecim
759 2370 936 2423 legiones
968 2376 1104 2409 tenere
1136 2368 1286 2408 scribit.
1341 2366 1420 2409 Sed
1451 2368 1524 2407 hoc
1555 2381 1658 2407 nono

175 2450 279 2477 anno
301 2444 462 2477 senatus
485 2439 706 2478 consultum
728 2439 872 2478 factum
894 2445 978 2486 est,
1014 2443 1055 2476 ut
1084 2436 1132 2475 ad
1163 2435 1304 2475 bellum
1325 2433 1551 2474 Parthicum
1583 2448 1662 2474 una

175 2503 278 2558 legio
300 2518 323 2544 a
346 2501 423 2544 Cn.
448 2503 652 2558 Pompeio,
678 2506 803 2546 altera
825 2519 847 2545 a
869 2502 918 2545 C.
945 2500 1122 2544 Caesare
1145 2504 1381 2543 traderetur.
1415 2500 1552 2555 ltaque
1575 2516 1661 2541 cum

174 2570 388 2626 Pompeius
411 2585 493 2611 eam
518 2573 738 2626 legionem,
771 2586 884 2625 quam
917 2569 1085 2612 Caesari
1115 2577 1231 2611 sexto
1264 2583 1368 2609 anno
1391 2569 1662 2609 commodaue-

177 2645 240 2679 rat
254 2669 264 2688 ‚
298 2646 519 2692 repeteret,
554 2639 705 2681 Caesar
726 2648 765 2680 et
786 2641 884 2681 hanc
903 2639 1062 2679 tradidit
1084 2645 1122 2678 et
1138 2651 1209 2677 suo
1231 2637 1388 2677 nomine
1413 2651 1496 2677 eain
1512 2667 1523 2687 ,
1549 2650 1661 2688 quam

177 2707 218 2747 in
240 2706 426 2747 citeriore
449 2705 578 2746 Gallia
600 2707 792 2756 habebat,
827 2707 955 2748 dedit:
984 2707 1025 2747 in
1047 2705 1159 2746 huius
1189 2712 1318 2745 autem
1350 2704 1477 2744 locum
1508 2703 1663 2744 tertiam

179 2774 370 2815 decimam
399 2774 441 2814 in
469 2773 622 2815 Italiam
651 2775 758 2815 misit
790 2773 924 2827 (VIII,
944 2774 1034 2828 54).
1077 2771 1151 2813 His
1180 2772 1298 2825 igitur
1328 2772 1453 2812 tribus
1475 2770 1663 2811 detractis

182 2840 335 2886 Caesar
362 2843 402 2884 in
434 2843 625 2885 ulteriore
647 2840 777 2883 Gallia
808 2849 897 2883 octo
919 2842 1094 2897 legiones
1125 2839 1348 2881 retinebat:
1375 2846 1414 2880 et
1434 2852 1537 2880 nono
1559 2851 1663 2886 anno
