<?xml version="1.0" encoding="UTF-8"?>
<!DOCTYPE html PUBLIC "-//W3C//DTD XHTML 1.0 Transitional//EN"
    "http://www.w3.org/TR/xhtml1/DTD/xhtml1-transitional.dtd">
<html xmlns="http://www.w3.org/1999/xhtml" xml:lang="en" lang="en">
 <head>
  <title>
</title>
<meta http-equiv="Content-Type" content="text/html;charset=utf-8" />
  <meta name='ocr-system' content='tesseract 3.04.00' />
  <meta name='ocr-capabilities' content='ocr_page ocr_carea ocr_par ocr_line ocrx_word'/>
</head>
<body>
  <div class='ocr_page' id='page_1' title='image "./commentarii00caesuoft_0206.png"; bbox 0 0 1835 3240; ppageno 0'>
   <div class='ocr_carea' id='block_1_1' title="bbox 741 172 1164 213">
    <p class='ocr_par' dir='ltr' id='par_1_1' title="bbox 741 172 1164 213">
     <span class='ocr_line' id='line_1_1' title="bbox 741 172 1164 213; baseline 0 -1"><span class='ocrx_word' id='word_1_1' title='bbox 741 172 1164 213; x_wconf 73' lang='lat'>——196-——-</span> 
     </span>
    </p>
   </div>
   <div class='ocr_carea' id='block_1_2' title="bbox 202 282 1695 2904">
    <p class='ocr_par' dir='ltr' id='par_1_2' title="bbox 205 282 1694 1078">
     <span class='ocr_line' id='line_1_2' title="bbox 210 282 1690 339; baseline -0.003 -13"><span class='ocrx_word' id='word_1_2' title='bbox 210 292 255 326; x_wconf 92' lang='lat' dir='ltr'><strong>ut</strong></span> <span class='ocrx_word' id='word_1_3' title='bbox 276 286 398 327; x_wconf 89' lang='lat' dir='ltr'><strong>uerba</strong></span> <span class='ocrx_word' id='word_1_4' title='bbox 427 291 437 310; x_wconf 84' lang='lat'>‘</span> <span class='ocrx_word' id='word_1_5' title='bbox 453 285 537 326; x_wconf 89' lang='lat' dir='ltr'><strong>siue</strong></span> <span class='ocrx_word' id='word_1_6' title='bbox 558 284 761 326; x_wconf 82' lang='lat' dir='ltr'><strong>inimicus&#39;</strong></span> <span class='ocrx_word' id='word_1_7' title='bbox 784 297 1065 339; x_wconf 81' lang='lat' dir='ltr'><strong>praeponerem</strong></span> <span class='ocrx_word' id='word_1_8' title='bbox 1096 282 1349 324; x_wconf 88' lang='lat' dir='ltr'><strong>inferioribus</strong></span> <span class='ocrx_word' id='word_1_9' title='bbox 1382 290 1440 325; x_wconf 85' lang='lat' dir='ltr'><strong>‘ut</strong></span> <span class='ocrx_word' id='word_1_10' title='bbox 1462 285 1500 325; x_wconf 90' lang='lat' dir='ltr'><strong>in</strong></span> <span class='ocrx_word' id='word_1_11' title='bbox 1524 284 1690 325; x_wconf 84' lang='lat' dir='ltr'><strong>bostium</strong></span> 
     </span>
     <span class='ocr_line' id='line_1_3' title="bbox 210 350 1693 405; baseline -0.003 -11"><span class='ocrx_word' id='word_1_12' title='bbox 210 353 306 394; x_wconf 82' lang='lat' dir='ltr'><strong>fines</strong></span> <span class='ocrx_word' id='word_1_13' title='bbox 329 353 513 394; x_wconf 88' lang='lat' dir='ltr'><strong>ueniret&#39;.</strong></span> <span class='ocrx_word' id='word_1_14' title='bbox 552 353 748 393; x_wconf 85' lang='lat' dir='ltr'><strong>Adiuncta</strong></span> <span class='ocrx_word' id='word_1_15' title='bbox 769 358 897 391; x_wconf 89' lang='lat' dir='ltr'><strong>autem</strong></span> <span class='ocrx_word' id='word_1_16' title='bbox 927 357 1020 390; x_wconf 91' lang='lat' dir='ltr'><strong>sunt</strong></span> <span class='ocrx_word' id='word_1_17' title='bbox 1047 350 1314 403; x_wconf 89' lang='lat' dir='ltr'><strong>superioribus</strong></span> <span class='ocrx_word' id='word_1_18' title='bbox 1338 366 1421 392; x_wconf 88' lang='lat' dir='ltr'><strong>cum</strong></span> <span class='ocrx_word' id='word_1_19' title='bbox 1445 359 1603 405; x_wconf 88' lang='lat' dir='ltr'><strong>propter</strong></span> <span class='ocrx_word' id='word_1_20' title='bbox 1615 353 1693 391; x_wconf 85' lang='lat' dir='ltr'><strong>sor-</strong></span> 
     </span>
     <span class='ocr_line' id='line_1_4' title="bbox 209 418 1691 473; baseline -0.001 -13"><span class='ocrx_word' id='word_1_21' title='bbox 209 434 296 461; x_wconf 84' lang='lat' dir='ltr'><strong>mae</strong></span> <span class='ocrx_word' id='word_1_22' title='bbox 327 421 620 462; x_wconf 87' lang='lat' dir='ltr'><strong>similitudinem</strong></span> <span class='ocrx_word' id='word_1_23' title='bbox 651 426 747 465; x_wconf 85' lang='lat' dir='ltr'><strong>tum,</strong></span> <span class='ocrx_word' id='word_1_24' title='bbox 782 418 870 471; x_wconf 89' lang='lat' dir='ltr'><strong>quia</strong></span> <span class='ocrx_word' id='word_1_25' title='bbox 901 418 1050 458; x_wconf 89' lang='lat' dir='ltr'><strong>duobus</strong></span> <span class='ocrx_word' id='word_1_26' title='bbox 1083 419 1296 459; x_wconf 79' lang='lat' dir='ltr'><strong>enuntiatis</strong></span> <span class='ocrx_word' id='word_1_27' title='bbox 1330 419 1470 472; x_wconf 86' lang='lat' dir='ltr'>duplici</span> <span class='ocrx_word' id='word_1_28' title='bbox 1502 419 1691 473; x_wconf 88' lang='lat' dir='ltr'><strong>particula</strong></span> 
     </span>
     <span class='ocr_line' id='line_1_5' title="bbox 212 485 1692 539; baseline -0.003 -10"><span class='ocrx_word' id='word_1_29' title='bbox 212 487 328 529; x_wconf 88' lang='lat' dir='ltr'><strong>‘siue&#39;</strong></span> <span class='ocrx_word' id='word_1_30' title='bbox 351 488 530 529; x_wconf 90' lang='lat' dir='ltr'><strong>discretis</strong></span> <span class='ocrx_word' id='word_1_31' title='bbox 554 500 632 526; x_wconf 93' lang='lat' dir='ltr'><strong>non</strong></span> <span class='ocrx_word' id='word_1_32' title='bbox 654 493 760 526; x_wconf 88' lang='lat' dir='ltr'><strong>recte</strong></span> <span class='ocrx_word' id='word_1_33' title='bbox 782 485 945 538; x_wconf 88' lang='lat' dir='ltr'><strong>singulis</strong></span> <span class='ocrx_word' id='word_1_34' title='bbox 968 499 1039 525; x_wconf 90' lang='lat' dir='ltr'><strong>sua</strong></span> <span class='ocrx_word' id='word_1_35' title='bbox 1070 486 1208 539; x_wconf 89' lang='lat' dir='ltr'><strong>cuique</strong></span> <span class='ocrx_word' id='word_1_36' title='bbox 1237 486 1418 539; x_wconf 89' lang='lat' dir='ltr'><strong>apodosis</strong></span> <span class='ocrx_word' id='word_1_37' title='bbox 1441 486 1564 526; x_wconf 90' lang='lat' dir='ltr'><strong>subici</strong></span> <span class='ocrx_word' id='word_1_38' title='bbox 1587 486 1692 525; x_wconf 86' lang='lat' dir='ltr'><strong>uide-</strong></span> 
     </span>
     <span class='ocr_line' id='line_1_6' title="bbox 209 549 1691 606; baseline -0.003 -10"><span class='ocrx_word' id='word_1_39' title='bbox 209 556 338 596; x_wconf 83' lang='lat' dir='ltr'><strong>batur.</strong></span> <span class='ocrx_word' id='word_1_40' title='bbox 382 554 423 594; x_wconf 85' lang='lat' dir='ltr'><strong>Id</strong></span> <span class='ocrx_word' id='word_1_41' title='bbox 446 562 573 594; x_wconf 89' lang='lat' dir='ltr'><strong>autem</strong></span> <span class='ocrx_word' id='word_1_42' title='bbox 597 554 734 593; x_wconf 89' lang='lat' dir='ltr'><strong>eodem</strong></span> <span class='ocrx_word' id='word_1_43' title='bbox 757 553 870 592; x_wconf 89' lang='lat' dir='ltr'><strong>modo</strong></span> <span class='ocrx_word' id='word_1_44' title='bbox 902 552 943 592; x_wconf 90' lang='lat' dir='ltr'><strong>fit</strong></span> <span class='ocrx_word' id='word_1_45' title='bbox 964 565 1026 606; x_wconf 88' lang='lat' dir='ltr'><strong>ap.</strong></span> <span class='ocrx_word' id='word_1_46' title='bbox 1052 549 1138 593; x_wconf 84' lang='lat' dir='ltr'><strong>Cic.</strong></span> <span class='ocrx_word' id='word_1_47' title='bbox 1166 552 1268 593; x_wconf 89' lang='lat' dir='ltr'><strong>Phil.</strong></span> <span class='ocrx_word' id='word_1_48' title='bbox 1289 551 1408 602; x_wconf 90' lang='lat' dir='ltr'>XIV,</span> <span class='ocrx_word' id='word_1_49' title='bbox 1433 551 1474 601; x_wconf 89' lang='lat'><strong>5,</strong></span> <span class='ocrx_word' id='word_1_50' title='bbox 1514 552 1561 593; x_wconf 84' lang='lat'><strong>13</strong></span> <span class='ocrx_word' id='word_1_51' title='bbox 1588 558 1691 592; x_wconf 77' lang='lat' dir='ltr'><strong>‘nam</strong></span> 
     </span>
     <span class='ocr_line' id='line_1_7' title="bbox 208 618 1692 674; baseline -0.003 -11"><span class='ocrx_word' id='word_1_52' title='bbox 208 624 294 664; x_wconf 90' lang='lat' dir='ltr'><strong>siue</strong></span> <span class='ocrx_word' id='word_1_53' title='bbox 315 624 354 663; x_wconf 92' lang='lat' dir='ltr'><strong>in</strong></span> <span class='ocrx_word' id='word_1_54' title='bbox 377 621 570 662; x_wconf 88' lang='lat' dir='ltr'><strong>communi</strong></span> <span class='ocrx_word' id='word_1_55' title='bbox 592 621 731 673; x_wconf 88' lang='lat' dir='ltr'><strong>gaudio</strong></span> <span class='ocrx_word' id='word_1_56' title='bbox 755 618 1063 674; x_wconf 87' lang='lat' dir='ltr'><strong>populiRomani</strong></span> <span class='ocrx_word' id='word_1_57' title='bbox 1087 621 1150 660; x_wconf 90' lang='lat' dir='ltr'><strong>uni</strong></span> <span class='ocrx_word' id='word_1_58' title='bbox 1170 621 1484 673; x_wconf 70' lang='lat' dir='ltr'><strong>gratulabantur,</strong></span> <span class='ocrx_word' id='word_1_59' title='bbox 1509 633 1692 671; x_wconf 85' lang='lat' dir='ltr'><strong>magnum</strong></span> 
     </span>
     <span class='ocr_line' id='line_1_8' title="bbox 207 687 1693 742; baseline -0.004 -11"><span class='ocrx_word' id='word_1_60' title='bbox 207 690 406 739; x_wconf 88' lang='lat' dir='ltr'><strong>iudicium,</strong></span> <span class='ocrx_word' id='word_1_61' title='bbox 431 690 517 729; x_wconf 89' lang='lat' dir='ltr'><strong>siue</strong></span> <span class='ocrx_word' id='word_1_62' title='bbox 539 688 686 742; x_wconf 83' lang='lat' dir='ltr'>gratias</span> <span class='ocrx_word' id='word_1_63' title='bbox 709 688 893 742; x_wconf 82' lang='lat' dir='ltr'><strong>agebant,</strong></span> <span class='ocrx_word' id='word_1_64' title='bbox 918 701 964 727; x_wconf 89' lang='lat' dir='ltr'><strong>eo</strong></span> <span class='ocrx_word' id='word_1_65' title='bbox 986 687 1127 736; x_wconf 88' lang='lat' dir='ltr'><strong>maius,</strong></span> <span class='ocrx_word' id='word_1_66' title='bbox 1152 688 1238 728; x_wconf 90' lang='lat' dir='ltr'><strong>siue</strong></span> <span class='ocrx_word' id='word_1_67' title='bbox 1262 696 1481 740; x_wconf 87' lang='lat' dir='ltr'><strong>utrumque,</strong></span> <span class='ocrx_word' id='word_1_68' title='bbox 1507 687 1693 726; x_wconf 88' lang='lat' dir='ltr'><strong>nihilma-</strong></span> 
     </span>
     <span class='ocr_line' id='line_1_9' title="bbox 208 752 1694 813; baseline -0.003 -16"><span class='ocrx_word' id='word_1_69' title='bbox 208 756 457 813; x_wconf 87' lang='lat' dir='ltr'><strong>gnificentius</strong></span> <span class='ocrx_word' id='word_1_70' title='bbox 480 755 702 808; x_wconf 85' lang='lat' dir='ltr'><strong>excogitari</strong></span> <span class='ocrx_word' id='word_1_71' title='bbox 725 756 882 809; x_wconf 82' lang='lat' dir='ltr'><strong>potest&#39;,</strong></span> <span class='ocrx_word' id='word_1_72' title='bbox 909 761 948 795; x_wconf 91' lang='lat' dir='ltr'><strong>et</strong></span> <span class='ocrx_word' id='word_1_73' title='bbox 969 755 1015 794; x_wconf 92' lang='lat' dir='ltr'><strong>de</strong></span> <span class='ocrx_word' id='word_1_74' title='bbox 1038 755 1105 795; x_wconf 87' lang='lat' dir='ltr'><strong>fin.</strong></span> <span class='ocrx_word' id='word_1_75' title='bbox 1130 752 1164 804; x_wconf 94' lang='lat' dir='ltr'><strong>I,</strong></span> <span class='ocrx_word' id='word_1_76' title='bbox 1194 756 1229 805; x_wconf 91' lang='lat' dir='ltr'><strong>l,</strong></span> <span class='ocrx_word' id='word_1_77' title='bbox 1255 755 1279 795; x_wconf 87' lang='lat'><strong>3</strong></span> <span class='ocrx_word' id='word_1_78' title='bbox 1306 756 1415 795; x_wconf 86' lang='lat' dir='ltr'><strong>‘siue</strong></span> <span class='ocrx_word' id='word_1_79' title='bbox 1437 754 1538 795; x_wconf 91' lang='lat' dir='ltr'><strong>enim</strong></span> <span class='ocrx_word' id='word_1_80' title='bbox 1562 753 1610 794; x_wconf 87' lang='lat' dir='ltr'><strong>ad</strong></span> <span class='ocrx_word' id='word_1_81' title='bbox 1632 767 1694 793; x_wconf 84' lang='lat' dir='ltr'><strong>sa-</strong></span> 
     </span>
     <span class='ocr_line' id='line_1_10' title="bbox 207 821 1693 878; baseline -0.003 -14"><span class='ocrx_word' id='word_1_82' title='bbox 207 824 392 878; x_wconf 80' lang='lat' dir='ltr'><strong>pientiam</strong></span> <span class='ocrx_word' id='word_1_83' title='bbox 416 823 615 876; x_wconf 90' lang='lat' dir='ltr'><strong>perueniri</strong></span> <span class='ocrx_word' id='word_1_84' title='bbox 637 830 778 876; x_wconf 88' lang='lat' dir='ltr'><strong>potest,</strong></span> <span class='ocrx_word' id='word_1_85' title='bbox 805 837 883 863; x_wconf 91' lang='lat' dir='ltr'><strong>non</strong></span> <span class='ocrx_word' id='word_1_86' title='bbox 897 822 1069 876; x_wconf 87' lang='lat' dir='ltr'><strong>paranda</strong></span> <span class='ocrx_word' id='word_1_87' title='bbox 1092 822 1203 862; x_wconf 92' lang='lat' dir='ltr'><strong>nobis</strong></span> <span class='ocrx_word' id='word_1_88' title='bbox 1226 823 1349 862; x_wconf 86' lang='lat' dir='ltr'><strong>solum</strong></span> <span class='ocrx_word' id='word_1_89' title='bbox 1366 836 1426 868; x_wconf 87' lang='lat' dir='ltr'><strong>ea,</strong></span> <span class='ocrx_word' id='word_1_90' title='bbox 1451 822 1518 861; x_wconf 90' lang='lat' dir='ltr'><strong>sed</strong></span> <span class='ocrx_word' id='word_1_91' title='bbox 1532 821 1693 861; x_wconf 69' lang='lat' dir='ltr'><strong>fruenda</strong></span> 
     </span>
     <span class='ocr_line' id='line_1_11' title="bbox 207 888 1694 940; baseline -0.003 -9"><span class='ocrx_word' id='word_1_92' title='bbox 207 891 324 932; x_wconf 88' lang='lat' dir='ltr'><strong>etiam</strong></span> <span class='ocrx_word' id='word_1_93' title='bbox 347 897 421 939; x_wconf 91' lang='lat' dir='ltr'><strong>est,</strong></span> <span class='ocrx_word' id='word_1_94' title='bbox 447 890 532 930; x_wconf 90' lang='lat' dir='ltr'><strong>siue</strong></span> <span class='ocrx_word' id='word_1_95' title='bbox 554 890 626 930; x_wconf 85' lang='lat' dir='ltr'><strong>hoc</strong></span> <span class='ocrx_word' id='word_1_96' title='bbox 648 890 801 931; x_wconf 90' lang='lat' dir='ltr'><strong>difficile</strong></span> <span class='ocrx_word' id='word_1_97' title='bbox 819 897 894 940; x_wconf 90' lang='lat' dir='ltr'><strong>est,</strong></span> <span class='ocrx_word' id='word_1_98' title='bbox 920 897 1051 930; x_wconf 87' lang='lat' dir='ltr'><strong>tamen</strong></span> <span class='ocrx_word' id='word_1_99' title='bbox 1073 903 1145 930; x_wconf 89' lang='lat' dir='ltr'><strong>nec</strong></span> <span class='ocrx_word' id='word_1_100' title='bbox 1168 891 1302 929; x_wconf 89' lang='lat' dir='ltr'><strong>modus</strong></span> <span class='ocrx_word' id='word_1_101' title='bbox 1325 897 1386 929; x_wconf 91' lang='lat' dir='ltr'><strong>est</strong></span> <span class='ocrx_word' id='word_1_102' title='bbox 1407 889 1507 929; x_wconf 91' lang='lat' dir='ltr'><strong>ullus</strong></span> <span class='ocrx_word' id='word_1_103' title='bbox 1529 888 1694 929; x_wconf 86' lang='lat' dir='ltr'><strong>inuesti-</strong></span> 
     </span>
     <span class='ocr_line' id='line_1_12' title="bbox 206 957 1692 1013; baseline -0.003 -15"><span class='ocrx_word' id='word_1_104' title='bbox 206 958 321 1013; x_wconf 86' lang='lat' dir='ltr'><strong>gandi</strong></span> <span class='ocrx_word' id='word_1_105' title='bbox 344 958 444 1007; x_wconf 91' lang='lat' dir='ltr'><strong>ueri,</strong></span> <span class='ocrx_word' id='word_1_106' title='bbox 470 957 546 997; x_wconf 89' lang='lat' dir='ltr'><strong>uisi</strong></span> <span class='ocrx_word' id='word_1_107' title='bbox 568 957 785 1005; x_wconf 89' lang='lat' dir='ltr'><strong>inueneris,</strong></span> <span class='ocrx_word' id='word_1_108' title='bbox 811 965 850 998; x_wconf 90' lang='lat' dir='ltr'><strong>et</strong></span> <span class='ocrx_word' id='word_1_109' title='bbox 871 957 1085 1010; x_wconf 89' lang='lat' dir='ltr'><strong>quaerendi</strong></span> <span class='ocrx_word' id='word_1_110' title='bbox 1108 957 1338 1010; x_wconf 86' lang='lat' dir='ltr'><strong>defatigatio</strong></span> <span class='ocrx_word' id='word_1_111' title='bbox 1361 957 1485 1010; x_wconf 91' lang='lat' dir='ltr'><strong>turpis</strong></span> <span class='ocrx_word' id='word_1_112' title='bbox 1505 962 1580 1006; x_wconf 88' lang='lat' dir='ltr'><strong>est,</strong></span> <span class='ocrx_word' id='word_1_113' title='bbox 1606 970 1692 995; x_wconf 82' lang='lat' dir='ltr'><strong>eum</strong></span> 
     </span>
     <span class='ocr_line' id='line_1_13' title="bbox 205 1024 1057 1078; baseline -0.004 -12"><span class='ocrx_word' id='word_1_114' title='bbox 205 1026 259 1075; x_wconf 89' lang='lat' dir='ltr'><strong>id,</strong></span> <span class='ocrx_word' id='word_1_115' title='bbox 286 1026 387 1078; x_wconf 91' lang='lat' dir='ltr'><strong>quod</strong></span> <span class='ocrx_word' id='word_1_116' title='bbox 409 1024 629 1078; x_wconf 90' lang='lat' dir='ltr'><strong>quaeritur,</strong></span> <span class='ocrx_word' id='word_1_117' title='bbox 652 1024 704 1064; x_wconf 89' lang='lat' dir='ltr'><strong>sit</strong></span> <span class='ocrx_word' id='word_1_118' title='bbox 724 1024 1057 1078; x_wconf 87' lang='lat' dir='ltr'><strong>pulcherrimum&#39;.</strong></span> 
     </span>
    </p>

    <p class='ocr_par' dir='ltr' id='par_1_3' title="bbox 204 1089 1695 1540">
     <span class='ocr_line' id='line_1_14' title="bbox 321 1089 1694 1145; baseline -0.002 -13"><span class='ocrx_word' id='word_1_119' title='bbox 321 1090 369 1133; x_wconf 90' lang='lat' dir='ltr'><strong>C.</strong></span> <span class='ocrx_word' id='word_1_120' title='bbox 396 1092 465 1142; x_wconf 85' lang='lat'><strong>37,</strong></span> <span class='ocrx_word' id='word_1_121' title='bbox 498 1091 521 1132; x_wconf 87' lang='lat'>5</span> <span class='ocrx_word' id='word_1_122' title='bbox 553 1092 644 1132; x_wconf 86' lang='lat' dir='ltr'><strong>ferri</strong></span> <span class='ocrx_word' id='word_1_123' title='bbox 668 1106 745 1131; x_wconf 91' lang='lat' dir='ltr'><strong>non</strong></span> <span class='ocrx_word' id='word_1_124' title='bbox 768 1099 953 1145; x_wconf 82' lang='lat' dir='ltr'><strong>possunt,</strong></span> <span class='ocrx_word' id='word_1_125' title='bbox 991 1105 1089 1144; x_wconf 92' lang='lat' dir='ltr'><strong>quae</strong></span> <span class='ocrx_word' id='word_1_126' title='bbox 1121 1089 1424 1145; x_wconf 90' lang='lat' dir='ltr'><strong>Oudendorpius</strong></span> <span class='ocrx_word' id='word_1_127' title='bbox 1456 1104 1508 1130; x_wconf 81' lang='lat' dir='ltr'><strong>ex</strong></span> <span class='ocrx_word' id='word_1_128' title='bbox 1538 1090 1694 1144; x_wconf 88' lang='lat' dir='ltr'><strong>optimis</strong></span> 
     </span>
     <span class='ocr_line' id='line_1_15' title="bbox 206 1158 1694 1214; baseline -0.004 -12"><span class='ocrx_word' id='word_1_129' title='bbox 206 1162 320 1202; x_wconf 85' lang='lat' dir='ltr'><strong>codd.</strong></span> <span class='ocrx_word' id='word_1_130' title='bbox 345 1159 682 1214; x_wconf 79' lang='lat' dir='ltr'><strong>compluribusque</strong></span> <span class='ocrx_word' id='word_1_131' title='bbox 705 1159 940 1200; x_wconf 85' lang='lat' dir='ltr'><strong>deteriorum</strong></span> <span class='ocrx_word' id='word_1_132' title='bbox 964 1160 1137 1213; x_wconf 85' lang='lat' dir='ltr'><strong>recepit:</strong></span> <span class='ocrx_word' id='word_1_133' title='bbox 1173 1158 1372 1199; x_wconf 84' lang='lat' dir='ltr'><strong>‘Perfecit</strong></span> <span class='ocrx_word' id='word_1_134' title='bbox 1402 1158 1597 1212; x_wconf 90' lang='lat' dir='ltr'><strong>inceptum</strong></span> <span class='ocrx_word' id='word_1_135' title='bbox 1630 1171 1694 1197; x_wconf 88' lang='lat' dir='ltr'><strong>ca-</strong></span> 
     </span>
     <span class='ocr_line' id='line_1_16' title="bbox 205 1223 1695 1281; baseline -0.004 -11"><span class='ocrx_word' id='word_1_136' title='bbox 205 1236 377 1270; x_wconf 89' lang='lat' dir='ltr'><strong>strorum</strong></span> <span class='ocrx_word' id='word_1_137' title='bbox 401 1242 496 1281; x_wconf 92' lang='lat' dir='ltr'><strong>opus</strong></span> <span class='ocrx_word' id='word_1_138' title='bbox 517 1226 716 1267; x_wconf 88' lang='lat' dir='ltr'><strong>Domitius</strong></span> <span class='ocrx_word' id='word_1_139' title='bbox 734 1234 845 1281; x_wconf 90' lang='lat' dir='ltr'><strong>parte</strong></span> <span class='ocrx_word' id='word_1_140' title='bbox 868 1227 1067 1280; x_wconf 86' lang='lat' dir='ltr'><strong>copiarum</strong></span> <span class='ocrx_word' id='word_1_141' title='bbox 1089 1241 1158 1280; x_wconf 92' lang='lat' dir='ltr'><strong>pro</strong></span> <span class='ocrx_word' id='word_1_142' title='bbox 1181 1227 1285 1266; x_wconf 90' lang='lat' dir='ltr'><strong>uallo</strong></span> <span class='ocrx_word' id='word_1_143' title='bbox 1314 1225 1524 1266; x_wconf 89' lang='lat' dir='ltr'><strong>instituta&#39;.</strong></span> <span class='ocrx_word' id='word_1_144' title='bbox 1575 1223 1695 1265; x_wconf 90' lang='lat' dir='ltr'><strong>Insti-</strong></span> 
     </span>
     <span class='ocr_line' id='line_1_17' title="bbox 205 1293 1690 1348; baseline -0.003 -12"><span class='ocrx_word' id='word_1_145' title='bbox 205 1303 371 1336; x_wconf 86' lang='lat' dir='ltr'><strong>tuuntur</strong></span> <span class='ocrx_word' id='word_1_146' title='bbox 392 1295 495 1335; x_wconf 89' lang='lat' dir='ltr'><strong>enim</strong></span> <span class='ocrx_word' id='word_1_147' title='bbox 518 1308 565 1335; x_wconf 89' lang='lat' dir='ltr'><strong>ea</strong></span> <span class='ocrx_word' id='word_1_148' title='bbox 585 1301 752 1344; x_wconf 89' lang='lat' dir='ltr'><strong>tantum,</strong></span> <span class='ocrx_word' id='word_1_149' title='bbox 788 1308 888 1348; x_wconf 88' lang='lat' dir='ltr'><strong>quae</strong></span> <span class='ocrx_word' id='word_1_150' title='bbox 910 1309 986 1334; x_wconf 93' lang='lat' dir='ltr'><strong>non</strong></span> <span class='ocrx_word' id='word_1_151' title='bbox 1011 1301 1125 1344; x_wconf 87' lang='lat' dir='ltr'><strong>sunt,</strong></span> <span class='ocrx_word' id='word_1_152' title='bbox 1157 1294 1478 1347; x_wconf 87' lang='lat' dir='ltr'><strong>quemadmodum</strong></span> <span class='ocrx_word' id='word_1_153' title='bbox 1510 1307 1557 1332; x_wconf 90' lang='lat' dir='ltr'><strong>eo</strong></span> <span class='ocrx_word' id='word_1_154' title='bbox 1587 1293 1690 1341; x_wconf 91' lang='lat' dir='ltr'><strong>loco,</strong></span> 
     </span>
     <span class='ocr_line' id='line_1_18' title="bbox 206 1359 1694 1417; baseline -0.003 -13"><span class='ocrx_word' id='word_1_155' title='bbox 206 1378 319 1417; x_wconf 89' lang='lat' dir='ltr'><strong>quem</strong></span> <span class='ocrx_word' id='word_1_156' title='bbox 338 1361 640 1416; x_wconf 89' lang='lat' dir='ltr'><strong>Oudendorpius</strong></span> <span class='ocrx_word' id='word_1_157' title='bbox 664 1362 871 1416; x_wconf 86' lang='lat' dir='ltr'><strong>ascripsit,</strong></span> <span class='ocrx_word' id='word_1_158' title='bbox 905 1361 943 1400; x_wconf 93' lang='lat' dir='ltr'><strong>b.</strong></span> <span class='ocrx_word' id='word_1_159' title='bbox 969 1359 1072 1400; x_wconf 85' lang='lat' dir='ltr'><strong>Gall.</strong></span> <span class='ocrx_word' id='word_1_160' title='bbox 1099 1359 1133 1411; x_wconf 88' lang='lat'><strong>1,</strong></span> <span class='ocrx_word' id='word_1_161' title='bbox 1157 1361 1211 1401; x_wconf 77' lang='lat'><strong>23</strong></span> <span class='ocrx_word' id='word_1_162' title='bbox 1233 1361 1304 1407; x_wconf 89' lang='lat' dir='ltr'><strong>in.,</strong></span> <span class='ocrx_word' id='word_1_163' title='bbox 1340 1361 1485 1414; x_wconf 81' lang='lat' dir='ltr'><strong>duplex</strong></span> <span class='ocrx_word' id='word_1_164' title='bbox 1507 1360 1613 1400; x_wconf 86' lang='lat' dir='ltr'><strong>acies</strong></span> <span class='ocrx_word' id='word_1_165' title='bbox 1635 1360 1694 1400; x_wconf 93' lang='lat' dir='ltr'><strong>in-</strong></span> 
     </span>
     <span class='ocr_line' id='line_1_19' title="bbox 204 1427 1694 1480; baseline -0.003 -8"><span class='ocrx_word' id='word_1_166' title='bbox 204 1432 313 1472; x_wconf 87' lang='lat' dir='ltr'><strong>stitui</strong></span> <span class='ocrx_word' id='word_1_167' title='bbox 337 1431 493 1472; x_wconf 89' lang='lat' dir='ltr'><strong>dicitur.</strong></span> <span class='ocrx_word' id='word_1_168' title='bbox 526 1429 653 1470; x_wconf 85' lang='lat' dir='ltr'><strong>Recte</strong></span> <span class='ocrx_word' id='word_1_169' title='bbox 677 1428 865 1470; x_wconf 79' lang='lat' dir='ltr'><strong>edebatur</strong></span> <span class='ocrx_word' id='word_1_170' title='bbox 888 1429 1136 1469; x_wconf 75' lang='lat' dir='ltr'><strong>‘instructa&#39;z</strong></span> <span class='ocrx_word' id='word_1_171' title='bbox 1170 1428 1326 1469; x_wconf 87' lang='lat' dir='ltr'><strong>codices</strong></span> <span class='ocrx_word' id='word_1_172' title='bbox 1360 1427 1604 1468; x_wconf 80' lang='lat' dir='ltr'><strong>‘constituta&#39;</strong></span> <span class='ocrx_word' id='word_1_173' title='bbox 1628 1441 1694 1480; x_wconf 91' lang='lat' dir='ltr'><strong>po-</strong></span> 
     </span>
     <span class='ocr_line' id='line_1_20' title="bbox 205 1499 797 1540; baseline -0.003 0"><span class='ocrx_word' id='word_1_174' title='bbox 205 1500 374 1540; x_wconf 89' lang='lat' dir='ltr'><strong>nendum</strong></span> <span class='ocrx_word' id='word_1_175' title='bbox 398 1513 487 1540; x_wconf 91' lang='lat' dir='ltr'><strong>esse</strong></span> <span class='ocrx_word' id='word_1_176' title='bbox 510 1499 797 1539; x_wconf 84' lang='lat' dir='ltr'><strong>demonstrant.</strong></span> 
     </span>
    </p>

    <p class='ocr_par' dir='ltr' id='par_1_4' title="bbox 202 1563 1693 2362">
     <span class='ocr_line' id='line_1_21' title="bbox 318 1563 1691 1618; baseline -0.004 -10"><span class='ocrx_word' id='word_1_177' title='bbox 318 1565 367 1608; x_wconf 91' lang='lat' dir='ltr'><strong>C.</strong></span> <span class='ocrx_word' id='word_1_178' title='bbox 393 1565 446 1608; x_wconf 82' lang='lat'><strong>39</strong></span> <span class='ocrx_word' id='word_1_179' title='bbox 484 1567 539 1607; x_wconf 89' lang='lat' dir='ltr'><strong>in.</strong></span> <span class='ocrx_word' id='word_1_180' title='bbox 575 1567 670 1607; x_wconf 89' lang='lat' dir='ltr'><strong>haec</strong></span> <span class='ocrx_word' id='word_1_181' title='bbox 700 1567 740 1607; x_wconf 91' lang='lat' dir='ltr'><strong>in</strong></span> <span class='ocrx_word' id='word_1_182' title='bbox 773 1565 885 1606; x_wconf 89' lang='lat' dir='ltr'><strong>codd.</strong></span> <span class='ocrx_word' id='word_1_183' title='bbox 920 1565 1124 1618; x_wconf 85' lang='lat' dir='ltr'><strong>leguntur:</strong></span> <span class='ocrx_word' id='word_1_184' title='bbox 1163 1563 1385 1604; x_wconf 87' lang='lat' dir='ltr'><strong>‘Domitius</strong></span> <span class='ocrx_word' id='word_1_185' title='bbox 1419 1570 1570 1611; x_wconf 83' lang='lat' dir='ltr'><strong>autem,</strong></span> <span class='ocrx_word' id='word_1_186' title='bbox 1606 1578 1691 1603; x_wconf 86' lang='lat' dir='ltr'><strong>cum</strong></span> 
     </span>
     <span class='ocr_line' id='line_1_22' title="bbox 204 1632 1691 1688; baseline -0.003 -13"><span class='ocrx_word' id='word_1_187' title='bbox 204 1632 392 1676; x_wconf 82' lang='lat' dir='ltr'><strong>Caesaris</strong></span> <span class='ocrx_word' id='word_1_188' title='bbox 425 1633 549 1688; x_wconf 87' lang='lat' dir='ltr'><strong>magis</strong></span> <span class='ocrx_word' id='word_1_189' title='bbox 580 1634 754 1687; x_wconf 89' lang='lat' dir='ltr'><strong>periculo</strong></span> <span class='ocrx_word' id='word_1_190' title='bbox 787 1647 901 1686; x_wconf 90' lang='lat' dir='ltr'><strong>quam</strong></span> <span class='ocrx_word' id='word_1_191' title='bbox 936 1646 1006 1672; x_wconf 90' lang='lat' dir='ltr'><strong>suo</strong></span> <span class='ocrx_word' id='word_1_192' title='bbox 1036 1639 1353 1672; x_wconf 88' lang='lat' dir='ltr'><strong>commoueretur</strong></span> <span class='ocrx_word' id='word_1_193' title='bbox 1382 1644 1508 1685; x_wconf 88' lang='lat' dir='ltr'><strong>neque</strong></span> <span class='ocrx_word' id='word_1_194' title='bbox 1542 1645 1584 1671; x_wconf 90' lang='lat' dir='ltr'><strong>se</strong></span> <span class='ocrx_word' id='word_1_195' title='bbox 1608 1637 1691 1670; x_wconf 90' lang='lat' dir='ltr'><strong>tuto</strong></span> 
     </span>
     <span class='ocr_line' id='line_1_23' title="bbox 204 1699 1692 1752; baseline -0.005 -8"><span class='ocrx_word' id='word_1_196' title='bbox 204 1704 471 1744; x_wconf 88' lang='lat' dir='ltr'><strong>discessurum</strong></span> <span class='ocrx_word' id='word_1_197' title='bbox 496 1701 771 1749; x_wconf 86' lang='lat' dir='ltr'><strong>arbitraretur,</strong></span> <span class='ocrx_word' id='word_1_198' title='bbox 806 1701 841 1740; x_wconf 92' lang='lat' dir='ltr'><strong>si</strong></span> <span class='ocrx_word' id='word_1_199' title='bbox 871 1700 1147 1748; x_wconf 89' lang='lat' dir='ltr'><strong>condiciones,</strong></span> <span class='ocrx_word' id='word_1_200' title='bbox 1183 1714 1279 1752; x_wconf 89' lang='lat' dir='ltr'><strong>quas</strong></span> <span class='ocrx_word' id='word_1_201' title='bbox 1302 1699 1516 1746; x_wconf 86' lang='lat' dir='ltr'><strong>reiecerat,</strong></span> <span class='ocrx_word' id='word_1_202' title='bbox 1550 1710 1692 1737; x_wconf 90' lang='lat' dir='ltr'><strong>rursus</strong></span> 
     </span>
     <span class='ocr_line' id='line_1_24' title="bbox 203 1765 1690 1824; baseline -0.004 -14"><span class='ocrx_word' id='word_1_203' title='bbox 203 1776 405 1824; x_wconf 88' lang='lat' dir='ltr'><strong>appeteret</strong></span> <span class='ocrx_word' id='word_1_204' title='bbox 426 1775 494 1809; x_wconf 88' lang='lat' dir='ltr'><strong>aut</strong></span> <span class='ocrx_word' id='word_1_205' title='bbox 515 1769 601 1808; x_wconf 88' lang='lat' dir='ltr'><strong>sine</strong></span> <span class='ocrx_word' id='word_1_206' title='bbox 623 1782 742 1808; x_wconf 87' lang='lat' dir='ltr'><strong>causa</strong></span> <span class='ocrx_word' id='word_1_207' title='bbox 764 1767 998 1816; x_wconf 84' lang='lat' dir='ltr'><strong>discederet,</strong></span> <span class='ocrx_word' id='word_1_208' title='bbox 1024 1780 1074 1806; x_wconf 85' lang='lat' dir='ltr'><strong>ex</strong></span> <span class='ocrx_word' id='word_1_209' title='bbox 1098 1767 1324 1819; x_wconf 81' lang='lat' dir='ltr'><strong>propinquis</strong></span> <span class='ocrx_word' id='word_1_210' title='bbox 1348 1766 1490 1806; x_wconf 85' lang='lat' dir='ltr'><strong>castris</strong></span> <span class='ocrx_word' id='word_1_211' title='bbox 1513 1765 1553 1804; x_wconf 91' lang='lat' dir='ltr'><strong>iu</strong></span> <span class='ocrx_word' id='word_1_212' title='bbox 1568 1765 1690 1805; x_wconf 82' lang='lat' dir='ltr'><strong>aciem</strong></span> 
     </span>
     <span class='ocr_line' id='line_1_25' title="bbox 204 1831 1693 1888; baseline -0.003 -11"><span class='ocrx_word' id='word_1_213' title='bbox 204 1836 426 1877; x_wconf 84' lang='lat' dir='ltr'><strong>exercitum</strong></span> <span class='ocrx_word' id='word_1_214' title='bbox 450 1836 615 1876; x_wconf 84' lang='lat' dir='ltr'><strong>eduxit&#39;.</strong></span> <span class='ocrx_word' id='word_1_215' title='bbox 660 1833 737 1875; x_wconf 86' lang='lat' dir='ltr'><strong>Sed</strong></span> <span class='ocrx_word' id='word_1_216' title='bbox 759 1836 825 1876; x_wconf 89' lang='lat' dir='ltr'><strong>illa</strong></span> <span class='ocrx_word' id='word_1_217' title='bbox 851 1836 951 1875; x_wconf 80' lang='lat' dir='ltr'><strong>‘sine</strong></span> <span class='ocrx_word' id='word_1_218' title='bbox 969 1834 1101 1874; x_wconf 75' lang='lat' dir='ltr'><strong>causa&#39;</strong></span> <span class='ocrx_word' id='word_1_219' title='bbox 1124 1834 1259 1888; x_wconf 88' lang='lat' dir='ltr'><strong>inepta</strong></span> <span class='ocrx_word' id='word_1_220' title='bbox 1280 1841 1384 1874; x_wconf 88' lang='lat' dir='ltr'><strong>sunt.</strong></span> <span class='ocrx_word' id='word_1_221' title='bbox 1426 1832 1533 1873; x_wconf 86' lang='lat' dir='ltr'><strong>Nam</strong></span> <span class='ocrx_word' id='word_1_222' title='bbox 1558 1831 1693 1872; x_wconf 91' lang='lat' dir='ltr'><strong>Domi-</strong></span> 
     </span>
     <span class='ocr_line' id='line_1_26' title="bbox 204 1899 1691 1958; baseline -0.003 -14"><span class='ocrx_word' id='word_1_223' title='bbox 204 1904 281 1945; x_wconf 90' lang='lat' dir='ltr'><strong>tius</strong></span> <span class='ocrx_word' id='word_1_224' title='bbox 304 1911 341 1944; x_wconf 91' lang='lat' dir='ltr'><strong>et</strong></span> <span class='ocrx_word' id='word_1_225' title='bbox 364 1904 461 1944; x_wconf 86' lang='lat' dir='ltr'><strong>satis</strong></span> <span class='ocrx_word' id='word_1_226' title='bbox 483 1917 643 1958; x_wconf 91' lang='lat' dir='ltr'><strong>grauem</strong></span> <span class='ocrx_word' id='word_1_227' title='bbox 668 1916 825 1943; x_wconf 90' lang='lat' dir='ltr'><strong>causam</strong></span> <span class='ocrx_word' id='word_1_228' title='bbox 849 1901 1071 1943; x_wconf 88' lang='lat' dir='ltr'><strong>discedendi</strong></span> <span class='ocrx_word' id='word_1_229' title='bbox 1104 1901 1290 1950; x_wconf 83' lang='lat' dir='ltr'><strong>habebat,</strong></span> <span class='ocrx_word' id='word_1_230' title='bbox 1329 1902 1428 1954; x_wconf 91' lang='lat' dir='ltr'><strong>quod</strong></span> <span class='ocrx_word' id='word_1_231' title='bbox 1461 1915 1482 1941; x_wconf 89' lang='lat' dir='ltr'><strong>a</strong></span> <span class='ocrx_word' id='word_1_232' title='bbox 1516 1899 1691 1941; x_wconf 86' lang='lat' dir='ltr'><strong>Caesare</strong></span> 
     </span>
     <span class='ocr_line' id='line_1_27' title="bbox 202 1968 1691 2022; baseline -0.002 -11"><span class='ocrx_word' id='word_1_233' title='bbox 202 1971 475 2012; x_wconf 80' lang='lat' dir='ltr'><strong>Alexandriae</strong></span> <span class='ocrx_word' id='word_1_234' title='bbox 498 1972 659 2011; x_wconf 88' lang='lat' dir='ltr'><strong>obsesso</strong></span> <span class='ocrx_word' id='word_1_235' title='bbox 683 1970 923 2011; x_wconf 85' lang='lat' dir='ltr'><strong>euocabatur</strong></span> <span class='ocrx_word' id='word_1_236' title='bbox 945 1968 1034 2019; x_wconf 82' lang='lat'><strong>(38,</strong></span> <span class='ocrx_word' id='word_1_237' title='bbox 1063 1968 1120 2022; x_wconf 91' lang='lat' dir='ltr'><strong>l),</strong></span> <span class='ocrx_word' id='word_1_238' title='bbox 1154 1983 1280 2021; x_wconf 86' lang='lat' dir='ltr'><strong>neque</strong></span> <span class='ocrx_word' id='word_1_239' title='bbox 1304 1969 1383 2009; x_wconf 88' lang='lat' dir='ltr'><strong>ulla</strong></span> <span class='ocrx_word' id='word_1_240' title='bbox 1405 1983 1539 2017; x_wconf 89' lang='lat' dir='ltr'><strong>causa,</strong></span> <span class='ocrx_word' id='word_1_241' title='bbox 1572 1982 1691 2022; x_wconf 82' lang='lat' dir='ltr'><strong>quare</strong></span> 
     </span>
     <span class='ocr_line' id='line_1_28' title="bbox 205 2035 1690 2092; baseline -0.002 -13"><span class='ocrx_word' id='word_1_242' title='bbox 205 2040 241 2080; x_wconf 91' lang='lat' dir='ltr'><strong>ei</strong></span> <span class='ocrx_word' id='word_1_243' title='bbox 264 2039 540 2080; x_wconf 86' lang='lat' dir='ltr'><strong>discedendum</strong></span> <span class='ocrx_word' id='word_1_244' title='bbox 564 2038 721 2087; x_wconf 87' lang='lat' dir='ltr'><strong>fuisset,</strong></span> <span class='ocrx_word' id='word_1_245' title='bbox 746 2039 822 2078; x_wconf 88' lang='lat' dir='ltr'><strong>iter</strong></span> <span class='ocrx_word' id='word_1_246' title='bbox 843 2044 998 2092; x_wconf 86' lang='lat' dir='ltr'><strong>poterat</strong></span> <span class='ocrx_word' id='word_1_247' title='bbox 1020 2037 1141 2076; x_wconf 89' lang='lat' dir='ltr'><strong>tutius</strong></span> <span class='ocrx_word' id='word_1_248' title='bbox 1164 2036 1276 2076; x_wconf 87' lang='lat' dir='ltr'><strong>effici.</strong></span> <span class='ocrx_word' id='word_1_249' title='bbox 1320 2035 1451 2088; x_wconf 90' lang='lat' dir='ltr'><strong>Atque</strong></span> <span class='ocrx_word' id='word_1_250' title='bbox 1483 2043 1525 2075; x_wconf 89' lang='lat' dir='ltr'><strong>ut</strong></span> <span class='ocrx_word' id='word_1_251' title='bbox 1554 2036 1614 2076; x_wconf 92' lang='lat' dir='ltr'><strong>hic</strong></span> <span class='ocrx_word' id='word_1_252' title='bbox 1645 2050 1690 2076; x_wconf 87' lang='lat' dir='ltr'><strong>ea</strong></span> 
     </span>
     <span class='ocr_line' id='line_1_29' title="bbox 203 2102 1691 2160; baseline -0.002 -13"><span class='ocrx_word' id='word_1_253' title='bbox 203 2107 324 2148; x_wconf 90' lang='lat' dir='ltr'><strong>uerba</strong></span> <span class='ocrx_word' id='word_1_254' title='bbox 337 2113 552 2160; x_wconf 89' lang='lat' dir='ltr'><strong>ponuntur,</strong></span> <span class='ocrx_word' id='word_1_255' title='bbox 578 2119 735 2146; x_wconf 83' lang='lat' dir='ltr'><strong>causam</strong></span> <span class='ocrx_word' id='word_1_256' title='bbox 757 2105 981 2146; x_wconf 87' lang='lat' dir='ltr'><strong>discedendi</strong></span> <span class='ocrx_word' id='word_1_257' title='bbox 1004 2119 1087 2145; x_wconf 88' lang='lat' dir='ltr'><strong>eam</strong></span> <span class='ocrx_word' id='word_1_258' title='bbox 1111 2103 1283 2143; x_wconf 84' lang='lat' dir='ltr'><strong>nancisci</strong></span> <span class='ocrx_word' id='word_1_259' title='bbox 1301 2102 1474 2143; x_wconf 90' lang='lat' dir='ltr'><strong>uoluisse</strong></span> <span class='ocrx_word' id='word_1_260' title='bbox 1494 2102 1691 2144; x_wconf 88' lang='lat' dir='ltr'><strong>Domitius</strong></span> 
     </span>
     <span class='ocr_line' id='line_1_30' title="bbox 203 2171 1691 2227; baseline -0.003 -13"><span class='ocrx_word' id='word_1_261' title='bbox 203 2175 375 2224; x_wconf 89' lang='lat' dir='ltr'><strong>uidetur,</strong></span> <span class='ocrx_word' id='word_1_262' title='bbox 401 2180 441 2213; x_wconf 92' lang='lat' dir='ltr'><strong>ut</strong></span> <span class='ocrx_word' id='word_1_263' title='bbox 463 2173 612 2227; x_wconf 88' lang='lat' dir='ltr'><strong>proelio</strong></span> <span class='ocrx_word' id='word_1_264' title='bbox 634 2172 941 2214; x_wconf 88' lang='lat' dir='ltr'><strong>cumearnace</strong></span> <span class='ocrx_word' id='word_1_265' title='bbox 964 2173 1223 2221; x_wconf 88' lang='lat' dir='ltr'><strong>decertasset,</strong></span> <span class='ocrx_word' id='word_1_266' title='bbox 1249 2171 1375 2224; x_wconf 89' lang='lat' dir='ltr'><strong>quasi,</strong></span> <span class='ocrx_word' id='word_1_267' title='bbox 1411 2184 1495 2210; x_wconf 89' lang='lat' dir='ltr'><strong>cum</strong></span> <span class='ocrx_word' id='word_1_268' title='bbox 1519 2171 1601 2210; x_wconf 77' lang='lat' dir='ltr'><strong>acie</strong></span> <span class='ocrx_word' id='word_1_269' title='bbox 1634 2171 1691 2210; x_wconf 89' lang='lat' dir='ltr'><strong>ui-</strong></span> 
     </span>
     <span class='ocr_line' id='line_1_31' title="bbox 205 2237 1690 2295; baseline -0.003 -13"><span class='ocrx_word' id='word_1_270' title='bbox 205 2249 292 2282; x_wconf 89' lang='lat' dir='ltr'><strong>ctus</strong></span> <span class='ocrx_word' id='word_1_271' title='bbox 315 2248 435 2291; x_wconf 88' lang='lat' dir='ltr'><strong>esset,</strong></span> <span class='ocrx_word' id='word_1_272' title='bbox 461 2241 562 2294; x_wconf 89' lang='lat' dir='ltr'><strong>quod</strong></span> <span class='ocrx_word' id='word_1_273' title='bbox 576 2241 659 2281; x_wconf 86' lang='lat' dir='ltr'><strong>fieri</strong></span> <span class='ocrx_word' id='word_1_274' title='bbox 673 2255 789 2295; x_wconf 91' lang='lat' dir='ltr'><strong>posse</strong></span> <span class='ocrx_word' id='word_1_275' title='bbox 803 2256 887 2282; x_wconf 91' lang='lat' dir='ltr'><strong>eum</strong></span> <span class='ocrx_word' id='word_1_276' title='bbox 901 2242 1038 2294; x_wconf 89' lang='lat' dir='ltr'><strong>fugere</strong></span> <span class='ocrx_word' id='word_1_277' title='bbox 1050 2254 1129 2279; x_wconf 81' lang='lat' dir='ltr'><strong>non</strong></span> <span class='ocrx_word' id='word_1_278' title='bbox 1144 2245 1313 2292; x_wconf 87' lang='lat' dir='ltr'><strong>poterat,</strong></span> <span class='ocrx_word' id='word_1_279' title='bbox 1328 2237 1447 2278; x_wconf 89' lang='lat' dir='ltr'><strong>tutius</strong></span> <span class='ocrx_word' id='word_1_280' title='bbox 1461 2238 1599 2277; x_wconf 84' lang='lat' dir='ltr'><strong>fuisset</strong></span> <span class='ocrx_word' id='word_1_281' title='bbox 1613 2238 1690 2278; x_wconf 92' lang='lat' dir='ltr'><strong>dis-</strong></span> 
     </span>
     <span class='ocr_line' id='line_1_32' title="bbox 204 2306 1687 2362; baseline -0.004 -13"><span class='ocrx_word' id='word_1_282' title='bbox 204 2307 575 2357; x_wconf 75' lang='lat' dir='ltr'><strong>cessurus.Veru1n‚</strong></span> <span class='ocrx_word' id='word_1_283' title='bbox 595 2310 790 2362; x_wconf 92' lang='lat' dir='ltr'><strong>quomodo</strong></span> <span class='ocrx_word' id='word_1_284' title='bbox 807 2309 902 2348; x_wconf 85' lang='lat' dir='ltr'><strong>haec</strong></span> <span class='ocrx_word' id='word_1_285' title='bbox 922 2307 1041 2348; x_wconf 87' lang='lat' dir='ltr'><strong>uerba</strong></span> <span class='ocrx_word' id='word_1_286' title='bbox 1054 2307 1296 2348; x_wconf 81' lang='lat' dir='ltr'><strong>emendanda</strong></span> <span class='ocrx_word' id='word_1_287' title='bbox 1315 2307 1408 2354; x_wconf 87' lang='lat' dir='ltr'><strong>sint,</strong></span> <span class='ocrx_word' id='word_1_288' title='bbox 1425 2319 1499 2345; x_wconf 92' lang='lat' dir='ltr'><strong>non</strong></span> <span class='ocrx_word' id='word_1_289' title='bbox 1514 2306 1687 2345; x_wconf 87' lang='lat' dir='ltr'><strong>inuenio.</strong></span> 
     </span>
    </p>

    <p class='ocr_par' dir='ltr' id='par_1_5' title="bbox 203 2372 1691 2904">
     <span class='ocr_line' id='line_1_33' title="bbox 318 2372 1688 2430; baseline -0.003 -15"><span class='ocrx_word' id='word_1_290' title='bbox 318 2374 544 2416; x_wconf 84' lang='lat' dir='ltr'><strong>Pharnaces</strong></span> <span class='ocrx_word' id='word_1_291' title='bbox 567 2377 613 2417; x_wconf 90' lang='lat' dir='ltr'><strong>ab</strong></span> <span class='ocrx_word' id='word_1_292' title='bbox 638 2376 775 2430; x_wconf 93' lang='lat' dir='ltr'><strong>oppido</strong></span> <span class='ocrx_word' id='word_1_293' title='bbox 789 2375 974 2429; x_wconf 86' lang='lat' dir='ltr'><strong>Nicopoli</strong></span> <span class='ocrx_word' id='word_1_294' title='bbox 999 2376 1093 2414; x_wconf 88' lang='lat' dir='ltr'><strong>duas</strong></span> <span class='ocrx_word' id='word_1_295' title='bbox 1117 2376 1243 2414; x_wconf 86' lang='lat' dir='ltr'><strong>fossas</strong></span> <span class='ocrx_word' id='word_1_296' title='bbox 1266 2374 1436 2413; x_wconf 85' lang='lat' dir='ltr'><strong>directas</strong></span> <span class='ocrx_word' id='word_1_297' title='bbox 1458 2372 1498 2412; x_wconf 91' lang='lat' dir='ltr'><strong>in</strong></span> <span class='ocrx_word' id='word_1_298' title='bbox 1522 2387 1608 2412; x_wconf 89' lang='lat' dir='ltr'><strong>eum</strong></span> <span class='ocrx_word' id='word_1_299' title='bbox 1632 2373 1688 2412; x_wconf 90' lang='lat' dir='ltr'><strong>lo-</strong></span> 
     </span>
     <span class='ocr_line' id='line_1_34' title="bbox 204 2439 1689 2499; baseline -0.001 -16"><span class='ocrx_word' id='word_1_300' title='bbox 204 2457 290 2484; x_wconf 90' lang='lat' dir='ltr'><strong>cum</strong></span> <span class='ocrx_word' id='word_1_301' title='bbox 313 2443 546 2493; x_wconf 82' lang='lat' dir='ltr'><strong>deduxerat,</strong></span> <span class='ocrx_word' id='word_1_302' title='bbox 580 2458 655 2496; x_wconf 90' lang='lat' dir='ltr'><strong>quo</strong></span> <span class='ocrx_word' id='word_1_303' title='bbox 678 2443 834 2499; x_wconf 84' lang='lat' dir='ltr'><strong>longius</strong></span> <span class='ocrx_word' id='word_1_304' title='bbox 858 2442 1040 2497; x_wconf 88' lang='lat' dir='ltr'><strong>progredi</strong></span> <span class='ocrx_word' id='word_1_305' title='bbox 1063 2457 1139 2482; x_wconf 91' lang='lat' dir='ltr'><strong>non</strong></span> <span class='ocrx_word' id='word_1_306' title='bbox 1164 2442 1435 2482; x_wconf 87' lang='lat' dir='ltr'><strong>constituerat.</strong></span> <span class='ocrx_word' id='word_1_307' title='bbox 1479 2439 1588 2480; x_wconf 91' lang='lat' dir='ltr'><strong>Intra</strong></span> <span class='ocrx_word' id='word_1_308' title='bbox 1622 2441 1689 2481; x_wconf 89' lang='lat' dir='ltr'><strong>has</strong></span> 
     </span>
     <span class='ocr_line' id='line_1_35' title="bbox 203 2509 1690 2564; baseline -0.002 -13"><span class='ocrx_word' id='word_1_309' title='bbox 203 2512 331 2552; x_wconf 81' lang='lat' dir='ltr'><strong>fossas</strong></span> <span class='ocrx_word' id='word_1_310' title='bbox 353 2510 477 2551; x_wconf 88' lang='lat' dir='ltr'><strong>aciem</strong></span> <span class='ocrx_word' id='word_1_311' title='bbox 508 2510 729 2551; x_wconf 87' lang='lat' dir='ltr'><strong>instruebat</strong></span> <span class='ocrx_word' id='word_1_312' title='bbox 761 2511 935 2564; x_wconf 88' lang='lat' dir='ltr'><strong>equitatu</strong></span> <span class='ocrx_word' id='word_1_313' title='bbox 965 2510 1012 2550; x_wconf 89' lang='lat' dir='ltr'><strong>ab</strong></span> <span class='ocrx_word' id='word_1_314' title='bbox 1044 2516 1210 2562; x_wconf 90' lang='lat' dir='ltr'><strong>utroque</strong></span> <span class='ocrx_word' id='word_1_315' title='bbox 1241 2509 1364 2549; x_wconf 90' lang='lat' dir='ltr'><strong>latere</strong></span> <span class='ocrx_word' id='word_1_316' title='bbox 1397 2515 1512 2548; x_wconf 82' lang='lat' dir='ltr'><strong>extra</strong></span> <span class='ocrx_word' id='word_1_317' title='bbox 1546 2510 1690 2549; x_wconf 80' lang='lat' dir='ltr'><strong>fossam</strong></span> 
     </span>
     <span class='ocr_line' id='line_1_36' title="bbox 204 2575 1691 2630; baseline -0.003 -10"><span class='ocrx_word' id='word_1_318' title='bbox 204 2578 395 2620; x_wconf 86' lang='lat' dir='ltr'><strong>collocato</strong></span> <span class='ocrx_word' id='word_1_319' title='bbox 418 2580 472 2629; x_wconf 91' lang='lat' dir='ltr'><strong>(c.</strong></span> <span class='ocrx_word' id='word_1_320' title='bbox 498 2576 566 2628; x_wconf 84' lang='lat'><strong>38,</strong></span> <span class='ocrx_word' id='word_1_321' title='bbox 592 2577 651 2630; x_wconf 88' lang='lat'><strong>3).</strong></span> <span class='ocrx_word' id='word_1_322' title='bbox 693 2575 846 2618; x_wconf 90' lang='lat' dir='ltr'><strong>Contra</strong></span> <span class='ocrx_word' id='word_1_323' title='bbox 867 2591 953 2617; x_wconf 90' lang='lat' dir='ltr'><strong>eum</strong></span> <span class='ocrx_word' id='word_1_324' title='bbox 976 2576 1174 2618; x_wconf 90' lang='lat' dir='ltr'><strong>Domitius</strong></span> <span class='ocrx_word' id='word_1_325' title='bbox 1196 2576 1252 2616; x_wconf 89' lang='lat' dir='ltr'><strong>ita</strong></span> <span class='ocrx_word' id='word_1_326' title='bbox 1273 2576 1394 2616; x_wconf 77' lang='lat' dir='ltr'><strong>aciem</strong></span> <span class='ocrx_word' id='word_1_327' title='bbox 1418 2576 1624 2630; x_wconf 87' lang='lat' dir='ltr'><strong>disposuit,</strong></span> <span class='ocrx_word' id='word_1_328' title='bbox 1648 2583 1691 2616; x_wconf 90' lang='lat' dir='ltr'><strong>ut</strong></span> 
     </span>
     <span class='ocr_line' id='line_1_37' title="bbox 203 2641 1688 2698; baseline -0.003 -11"><span class='ocrx_word' id='word_1_329' title='bbox 203 2647 243 2687; x_wconf 91' lang='lat' dir='ltr'><strong>iu</strong></span> <span class='ocrx_word' id='word_1_330' title='bbox 262 2647 404 2687; x_wconf 80' lang='lat' dir='ltr'><strong>dextro</strong></span> <span class='ocrx_word' id='word_1_331' title='bbox 426 2659 548 2686; x_wconf 91' lang='lat' dir='ltr'><strong>cornu</strong></span> <span class='ocrx_word' id='word_1_332' title='bbox 570 2645 762 2698; x_wconf 87' lang='lat' dir='ltr'><strong>legionem</strong></span> <span class='ocrx_word' id='word_1_333' title='bbox 789 2645 1027 2685; x_wconf 84' lang='lat' dir='ltr'><strong>tricesimam</strong></span> <span class='ocrx_word' id='word_1_334' title='bbox 1056 2650 1210 2684; x_wconf 80' lang='lat' dir='ltr'><strong>sextam</strong></span> <span class='ocrx_word' id='word_1_335' title='bbox 1234 2644 1460 2692; x_wconf 82' lang='lat' dir='ltr'><strong>collocaret,</strong></span> <span class='ocrx_word' id='word_1_336' title='bbox 1485 2641 1688 2683; x_wconf 83' lang='lat' dir='ltr'><strong>Ponticam</strong></span> 
     </span>
     <span class='ocr_line' id='line_1_38' title="bbox 203 2709 1689 2766; baseline -0.003 -11"><span class='ocrx_word' id='word_1_337' title='bbox 203 2714 243 2755; x_wconf 89' lang='lat' dir='ltr'><strong>in</strong></span> <span class='ocrx_word' id='word_1_338' title='bbox 265 2714 444 2763; x_wconf 87' lang='lat' dir='ltr'><strong>sinistro,</strong></span> <span class='ocrx_word' id='word_1_339' title='bbox 470 2711 649 2753; x_wconf 87' lang='lat' dir='ltr'><strong>Deiotari</strong></span> <span class='ocrx_word' id='word_1_340' title='bbox 671 2712 847 2766; x_wconf 89' lang='lat' dir='ltr'><strong>legiones</strong></span> <span class='ocrx_word' id='word_1_341' title='bbox 868 2712 907 2751; x_wconf 89' lang='lat' dir='ltr'><strong>in</strong></span> <span class='ocrx_word' id='word_1_342' title='bbox 930 2712 1055 2752; x_wconf 89' lang='lat' dir='ltr'><strong>media</strong></span> <span class='ocrx_word' id='word_1_343' title='bbox 1077 2711 1161 2750; x_wconf 86' lang='lat' dir='ltr'><strong>acie</strong></span> <span class='ocrx_word' id='word_1_344' title='bbox 1190 2709 1276 2761; x_wconf 81' lang='lat'><strong>(39,</strong></span> <span class='ocrx_word' id='word_1_345' title='bbox 1301 2710 1360 2763; x_wconf 79' lang='lat'><strong>2).</strong></span> <span class='ocrx_word' id='word_1_346' title='bbox 1403 2709 1562 2751; x_wconf 90' lang='lat' dir='ltr'><strong>Proelio</strong></span> <span class='ocrx_word' id='word_1_347' title='bbox 1585 2725 1689 2751; x_wconf 86' lang='lat' dir='ltr'><strong>com-</strong></span> 
     </span>
     <span class='ocr_line' id='line_1_39' title="bbox 204 2777 1689 2835; baseline -0.003 -12"><span class='ocrx_word' id='word_1_348' title='bbox 204 2783 324 2823; x_wconf 88' lang='lat' dir='ltr'><strong>misso</strong></span> <span class='ocrx_word' id='word_1_349' title='bbox 347 2781 449 2835; x_wconf 87' lang='lat' dir='ltr'><strong>legio</strong></span> <span class='ocrx_word' id='word_1_350' title='bbox 470 2777 663 2820; x_wconf 89' lang='lat' dir='ltr'>XXXVI</span> <span class='ocrx_word' id='word_1_351' title='bbox 685 2779 897 2831; x_wconf 88' lang='lat' dir='ltr'><strong>equitatum</strong></span> <span class='ocrx_word' id='word_1_352' title='bbox 920 2779 1025 2832; x_wconf 89' lang='lat' dir='ltr'><strong>regis</strong></span> <span class='ocrx_word' id='word_1_353' title='bbox 1051 2778 1214 2833; x_wconf 82' lang='lat' dir='ltr'><strong>fugauit,</strong></span> <span class='ocrx_word' id='word_1_354' title='bbox 1241 2779 1384 2818; x_wconf 85' lang='lat' dir='ltr'><strong>fossam</strong></span> <span class='ocrx_word' id='word_1_355' title='bbox 1409 2779 1689 2819; x_wconf 86' lang='lat' dir='ltr'><strong>transiitauer-</strong></span> 
     </span>
     <span class='ocr_line' id='line_1_40' title="bbox 205 2845 1689 2904; baseline -0.004 -13"><span class='ocrx_word' id='word_1_356' title='bbox 205 2863 351 2904; x_wconf 89' lang='lat' dir='ltr'><strong>sosque</strong></span> <span class='ocrx_word' id='word_1_357' title='bbox 383 2849 518 2890; x_wconf 87' lang='lat' dir='ltr'><strong>hostes</strong></span> <span class='ocrx_word' id='word_1_358' title='bbox 550 2854 610 2888; x_wconf 90' lang='lat' dir='ltr'><strong>est</strong></span> <span class='ocrx_word' id='word_1_359' title='bbox 632 2858 837 2900; x_wconf 83' lang='lat' dir='ltr'><strong>aggressa.</strong></span> <span class='ocrx_word' id='word_1_360' title='bbox 881 2845 1035 2887; x_wconf 88' lang='lat' dir='ltr'><strong>Deinde</strong></span> <span class='ocrx_word' id='word_1_361' title='bbox 1067 2847 1113 2887; x_wconf 89' lang='lat' dir='ltr'><strong>de</strong></span> <span class='ocrx_word' id='word_1_362' title='bbox 1135 2845 1302 2887; x_wconf 84' lang='lat' dir='ltr'><strong>Pontica</strong></span> <span class='ocrx_word' id='word_1_363' title='bbox 1323 2846 1477 2899; x_wconf 84' lang='lat' dir='ltr'><strong>legione</strong></span> <span class='ocrx_word' id='word_1_364' title='bbox 1499 2861 1534 2887; x_wconf 91' lang='lat' dir='ltr'><strong>c.</strong></span> <span class='ocrx_word' id='word_1_365' title='bbox 1559 2845 1630 2896; x_wconf 79' lang='lat'><strong>40,</strong></span> <span class='ocrx_word' id='word_1_366' title='bbox 1663 2845 1689 2885; x_wconf 81' lang='lat'><strong>2</strong></span> 
     </span>
    </p>
   </div>
  </div>
 </body>
</html>
