1835 3240
97 904 137 938 10

100 1245 139 1278 15

99 1584 141 1618 20

598 170 780 214 COMM.
805 169 865 212 111
887 168 1010 212 CAP.
1036 168 1236 211 92—95.
1642 172 1725 215 613

172 289 315 332 cessit:
350 286 578 340 equitesque
599 284 763 339 Pompei
795 284 868 325 hoc
899 284 1031 325 acrius
1059 283 1210 323 instare
1233 289 1272 323 et
1293 296 1335 323 se
1359 286 1553 325 turmatim
1578 300 1649 326 ex-

170 358 315 412 plicare
357 353 561 409 aciemque
591 360 768 394 nostram
800 367 822 393 a
852 353 977 394 latere
1008 358 1147 405 aperto
1179 351 1387 391 circumire
1420 360 1643 405 coeperunt.

170 423 284 477 Quod
306 423 369 463 ubi
392 419 546 462 Caesar
567 421 857 470 animaduertit,
882 426 1042 473 quartae
1062 418 1175 469 aciei,
1196 432 1309 472 quam
1330 417 1557 459 instituerat
1576 434 1651 460 sex
1671 421 1697 461 4

169 491 384 533 cohortium
400 521 410 541 ,
436 490 541 530 dedit
562 490 732 542 siguum.
774 487 835 528 llli
858 488 1042 528 celeriter
1063 494 1396 541 procucurrerunt
1416 487 1648 539 infestisque
1671 486 1695 528 ἴ)

171 559 295 614 signis
319 565 428 599 tauta
452 558 489 598 ui
510 558 550 598 in
565 556 726 610 Pompei
748 556 898 608 equites
917 555 1102 609 impeturn
1122 556 1312 605 fecerunt,
1328 562 1370 596 ut
1386 569 1519 596 eorum
1536 568 1650 594 nemo

169 627 431 676 consisteret,
465 638 676 678 omnesque
710 624 895 664 conuersi
919 637 997 663 non
1019 624 1144 663 solum
1167 623 1254 663 loco
1278 624 1547 670 excederent,
1578 622 1650 663 sed

167 695 344 749 protinus
366 693 516 735 incitati
539 694 630 746 fuga
651 698 805 732 montes
828 690 1039 732 altissimos
1061 698 1257 745 peterent.
1291 689 1444 744 Quibus
1460 690 1650 732 submotis

171 777 308 803 omnes
337 761 535 815 sagittarii
557 760 851 813 funditoresque
874 759 1052 799 destituti
1072 759 1243 800 inermes
1266 759 1350 799 sine
1373 758 1567 813 praesidio
1589 758 1649 798 in-

170 830 326 871 terfecti
359 836 467 870 sunt.
510 827 662 869 Eodem
694 828 840 882 impetu
864 827 1047 868 cohortes
1069 826 1272 868 sinistrum
1296 841 1419 868 cornu
1441 825 1649 881 pugnanti·
1671 824 1698 866 6

167 897 240 939 bus
271 897 387 939 etiam
421 904 501 937 tum
534 911 579 937 ac
611 895 891 937 resistentibus
921 896 962 936 in
991 895 1074 936 acie
1096 892 1345 948 Pompeianis
1369 895 1652 936 circumierunt

169 980 316 1019 eosque
337 979 358 1006 a
382 973 493 1019 tergo
515 971 606 1005 sunt
626 964 769 1005 adorti.
802 962 956 1004 Eodem
979 970 1154 1016 tempore
1170 962 1325 1003 tertiam
1341 963 1465 1004 aciem
1479 961 1647 1013 Caesar,
1668 962 1727 1007 94

167 1047 266 1086 quae
295 1032 424 1086 quieta
457 1033 588 1072 fuerat
615 1039 654 1071 et
684 1044 727 1071 se
758 1031 805 1071 ad
833 1031 871 1070 id
894 1038 1045 1084 tempus
1067 1031 1155 1070 loco
1179 1037 1385 1080 tenuerat,
1418 1044 1652 1084 procurrere

167 1101 299 1141 iussit.
341 1098 403 1140 Ita
425 1114 511 1140 cum
534 1107 718 1140 recentes
742 1106 861 1153 atque
881 1099 1027 1152 integri
1049 1098 1214 1139 defessis
1236 1097 1551 1148 successissent,
1587 1098 1653 1138 alii
1673 1097 1701 1138 2

170 1175 301 1209 autem
331 1181 353 1208 a
383 1175 495 1222 tergo
526 1167 804 1217 adorirentur,
837 1168 1036 1208 sustinere
1058 1165 1290 1220 Pompeiani
1321 1180 1400 1206 non
1423 1172 1650 1220 potuerunt,

172 1244 290 1290 atque
318 1235 496 1277 uniuersi
528 1243 642 1290 terga
672 1242 889 1276 uerterunt.
940 1234 1084 1288 Neque
1117 1248 1213 1275 uero
1248 1232 1465 1275 Caesarem
1497 1233 1651 1284 fefellit,
1676 1232 1700 1273 3

173 1305 265 1358 quin
296 1303 343 1344 ab
365 1303 414 1345 iis
436 1304 664 1345 cohortibus
679 1334 690 1354 ‚
725 1316 826 1356 quae
849 1309 986 1343 contra
1007 1303 1223 1356 equitatum
1243 1303 1284 1343 in
1307 1309 1445 1358 quarta
1469 1302 1553 1342 acie
1575 1301 1655 1341 col-

170 1372 325 1413 locatae
358 1379 518 1422 essent,
551 1371 706 1412 initium
729 1371 920 1412 uictoriae
944 1370 1140 1421 oriretur,
1173 1377 1215 1410 ut
1236 1370 1319 1424 ipse
1341 1369 1380 1410 in
1403 1369 1655 1410 cohortandis

169 1440 356 1482 militibus
382 1439 728 1495 pronuntiauerat.
772 1438 836 1479 Ab
866 1439 926 1479 his
957 1439 1059 1480 euim
1083 1438 1246 1493 primum
1269 1438 1465 1491 equitatus
1488 1443 1549 1478 est
1571 1436 1654 1490 pul·
1677 1434 1701 1475 4

171 1523 255 1559 sus,
275 1508 322 1549 ab
344 1509 468 1550 isdem
491 1509 618 1549 factae
641 1507 782 1548 caedes
804 1507 1102 1560 sagittariorum
1125 1521 1171 1547 ac
1192 1506 1447 1556 funditorum,
1463 1505 1510 1545 ab
1531 1505 1657 1545 isdem

173 1577 278 1618 acies
309 1574 548 1631 Pompeiana
577 1590 599 1617 a
629 1575 792 1617 sinistra
821 1583 932 1630 parte
963 1576 1088 1630 [erat]
1122 1575 1327 1615 circumita
1355 1581 1472 1627 atque
1503 1572 1658 1613 initium

172 1646 288 1700 fugae
310 1646 470 1686 factum.
515 1643 594 1686 Sed
616 1643 844 1698 Pompeius,
874 1650 916 1684 ut
937 1643 1150 1697 equitatum
1173 1657 1286 1683 suum
1309 1643 1460 1696 pulsum
1481 1640 1580 1681 uidit
1599 1646 1658 1680 at·
1679 1637 1704 1680 5

170 1727 244 1767 que
267 1727 352 1754 eam
376 1719 541 1767 partem,
564 1712 626 1753 eui
649 1712 821 1752 maxime
845 1712 1081 1760 confidebat,
1096 1711 1347 1766 perterritam
1363 1709 1655 1758 animaduertit,

171 1781 259 1822 aliis
291 1795 444 1834 quoque
474 1781 622 1821 diffisus
657 1781 741 1820 acie
773 1780 951 1820 excessit
978 1779 1235 1833 protinusque
1269 1792 1312 1819 se
1344 1778 1384 1818 in
1407 1784 1538 1818 castra
1559 1789 1658 1829 equo

174 1850 341 1890 contulit
369 1856 407 1889 et
436 1849 485 1890 iis
508 1848 829 1899 centurionibus,
864 1862 960 1902 quos
981 1848 1024 1888 in
1046 1848 1216 1888 statione
1238 1847 1286 1888 ad
1309 1846 1545 1900 praetoriam
1569 1858 1658 1898 por·
1679 1841 1707 1883 6

126 1924 140 1932 “
174 1923 251 1957 tam
285 1924 491 1971 posuerat,
526 1917 656 1967 clare,
690 1924 732 1957 ut
761 1917 907 1957 milites
931 1916 1195 1965 exaudirent,
1231 1913 1479 1964 ‘Tuemini',
1513 1913 1655 1966 inquit,

177 1989 325 2026 ‘eastra
347 1992 386 2025 et
408 1985 603 2025 defendite
625 1985 857 2038 diligenter,
882 1984 916 2025 si
939 1984 1029 2038 quid
1052 1984 1186 2025 durius
1209 1983 1412 2024 acciderit.
1456 1981 1545 2035 Ego
1567 1981 1658 2021 reli-

173 2067 271 2106 quas
293 2060 427 2107 portas
449 2053 651 2093 circumeo
674 2059 713 2093 et
733 2059 955 2093 castrorum
980 2052 1176 2106 praesidia
1196 2050 1414 2092 confirmo'.
1447 2048 1557 2089 Haec
1573 2062 1657 2088 cum
1680 2046 1707 2088 7

178 2121 373 2174 dixisset,
409 2135 453 2162 se
486 2122 526 2161 in
550 2122 788 2175 praetorium
812 2120 976 2162 contulit
997 2134 1172 2160 summae
1193 2119 1253 2160 rei
1275 2118 1448 2158 diffidens
1471 2123 1510 2157 et
1531 2123 1661 2156 tamen

174 2197 356 2231 euentum
382 2197 614 2243 expectans.
649 2187 801 2230 Caesar
814 2188 1067 2244 Pompeianis
1091 2202 1143 2229 ex
1166 2189 1256 2241 fuga
1272 2187 1379 2227 intra
1396 2186 1538 2226 uallum
1554 2198 1657 2225 com·
1679 2183 1737 2228 95

320 2362 334 2393 1
355 2361 490 2404 Pompei
509 2372 542 2402 a,
563 2361 712 2405 Pompeii
732 2362 829 2394 (ηιεε.
850 2360 1030 2404 aliquot’,
1050 2359 1249 2403 Pompeiani
1267 2369 1302 2390 u.
1442 2358 1463 2392 2
1481 2355 1662 2389 circumire

174 2424 195 2444 α
215 2414 310 2446 ‘mss-
331 2418 369 2446 et
383 2414 461 2446 edd.
481 2414 590 2456 qdd.’,
612 2414 862 2447 circumuenire
882 2415 922 2455 b,·
942 2414 1090 2445 circuire
1110 2423 1143 2444 u.
1286 2411 1305 2443 3
1320 2409 1468 2442 animum
1481 2408 1608 2440 auertit
1626 2418 1660 2448 a,

175 2463 321 2495 animum
340 2465 491 2497 aduertit
510 2475 555 2496 esc
574 2475 643 2496 uno
663 2465 732 2496 det.
754 2476 786 2496 u.
925 2474 985 2496 sex
1002 2464 1180 2503 Faernus,
1201 2472 1244 2494 ex
1263 2461 1364 2493 codd.
1383 2461 1423 2492 P.
1440 2460 1516 2493 155.

176 2515 196 2547 4
215 2515 410 2548 cohortibus
428 2527 449 2548 a
463 2517 481 2548 b
494 2527 523 2558 c,
545 2517 734 2549 cohortium
754 2527 894 2549 numero
913 2516 1063 2558 reliqui.
1279 2513 1374 2545 dedit
1391 2513 1523 2554 signum
1542 2523 1563 2543 a
1581 2512 1659 2544 edd.

175 2568 260 2596 ante
277 2566 377 2607 Ald„
396 2567 528 2608 signum
547 2567 641 2599 dedit
659 2567 774 2599 Aldus
793 2578 828 2599 u.
969 2567 1029 2598 ille
1049 2567 1079 2599 b.
1249 2568 1543 2607 procucurrerunt
1561 2562 1617 2604 (a)
1630 2573 1658 2602 ο,

175 2625 331 2657 procurr.
354 2616 466 2650 ‘alz'z'’.
609 2619 626 2651 5
645 2617 780 2661 Pompei
797 2628 831 2650 α.
973 2618 992 2651 9
1005 2615 1284 2660 impugnantibus
1297 2626 1319 2647 ιι
1332 2616 1387 2647 bc.
1533 2613 1573 2647 12
1585 2623 1661 2654 pro-

178 2678 361 2700 cucurrere
379 2679 413 2701 a.
557 2671 596 2703 16
614 2670 666 2703 his
678 2681 712 2702 α.
833 2671 873 2704 19
889 2672 941 2703 bis
954 2670 1062 2702 isdem
1074 2680 1094 2702 a
1110 2670 1206 2701 ‘ms-5.
1226 2671 1456 2708 uetustiores,
1478 2670 1516 2698 ul
1533 2663 1657 2703 solet'‚

178 2718 300 2751 iisdem
318 2729 354 2750 u.
495 2730 533 2752 ac
552 2731 572 2752 a
585 2721 614 2761 b,
636 2726 737 2763 atque
758 2732 790 2753 α.
933 2723 976 2755 20
996 2726 1073 2753 erat
1090 2731 1159 2753 om.
1181 2730 1272 2751 unus
1291 2719 1361 2751 det.
1518 2718 1561 2748 22
1579 2716 1660 2747 fide-

177 2769 234 2801 bat
252 2770 283 2801 b.
448 2771 596 2803 animum
614 2773 762 2806 aduertit
781 2773 833 2815 (α)
852 2777 887 2806 et
904 2784 950 2806 cx
969 2785 1035 2806 uno
1055 2773 1126 2806 det.
1148 2784 1183 2805 u.
1370 2772 1412 2803 *23
1432 2770 1510 2802 aliis
1528 2778 1661 2811 quoque

179 2830 254 2862 ego,
276 2821 422 2862 aliisque
440 2831 461 2852 a
475 2821 492 2852 b
508 2832 547 2861 e,-
568 2822 645 2854 aliis
664 2833 698 2857 u.
839 2824 882 2857 24
900 2824 952 2855 his
970 2834 1004 2855 a.
1153 2822 1364 2865 praetorium
1383 2824 1544 2863 posuerat
1562 2829 1582 2851 α
1597 2820 1614 2851 b
1629 2830 1657 2850 c.

321 2872 362 2903 25
383 2871 498 2913 inquid
517 2882 550 2904 a.
690 2874 732 2908 29
752 2879 936 2916 expectans
955 2885 990 2906 α.
1144 2874 1235 2906 iuter
1252 2883 1282 2905 c.
