1835 3240
86 893 128 927 10

87 1232 127 1265 15

86 1570 129 1603 20

554 159 740 204 COMM.
764 160 845 203 VII
866 158 990 203 CAP.
1013 158 1215 201 76—77.
1636 161 1715 204 451

163 274 541 324 demonstrauimus,
575 275 677 316 fideli
706 283 822 328 atque
845 274 929 315 utili
952 272 1222 328 superioribus
1243 272 1357 313 annis
1381 281 1467 313 erat
1488 287 1580 315 usus
1602 275 1643 316 in

161 344 371 386 Britannia
393 339 571 393 Caesar,
605 342 744 396 quibus
766 343 830 384 ille
853 357 922 396 pro
943 341 1093 384 meritis
1117 340 1315 381 ciuitatem
1339 340 1423 381 eius
1445 340 1643 384 inmunem

162 425 250 453 esse
271 411 456 460 iusserat,
481 411 567 452 iura
583 410 770 465 legesque
792 410 1017 452 reddiderat
1037 416 1155 463 atque
1175 406 1441 463 ipsiMorinos
1455 410 1644 451 attribue-

161 486 239 519 rat.
297 477 449 519 Tamen
472 485 579 520 tanta
603 479 818 519 uniuersae
843 476 998 518 Galliae
1021 477 1229 517 censensio
1254 476 1326 517 fuit
1346 476 1537 517 libertatis
1560 478 1645 517 uin-
1667 479 1692 518 2

164 546 351 587 dicandae
375 554 414 587 et
435 546 622 600 pristinae
643 547 735 587 belli
757 546 881 587 laudis
904 545 1211 599 recuperandae,
1239 551 1281 585 ut
1302 558 1430 598 neque
1446 544 1647 585 beneficiis

160 628 286 668 neque
307 614 504 655 amicitiae
533 613 723 654 memoria
744 620 1022 662 mouerentur,
1057 626 1270 666 omnesque
1292 619 1330 653 et
1351 612 1482 653 animo
1504 619 1543 652 et
1564 612 1646 666 opi-

160 682 232 723 bus
254 683 294 723 in
316 683 353 723 id
375 682 518 723 bellum
540 681 829 722 incumberent.
874 677 1036 722 Coactis
1059 680 1231 733 equitum
1242 686 1321 721 VIII
1342 680 1499 721 milibus
1521 686 1560 720 et
1582 693 1646 733 pe-
1668 677 1692 719 3

161 751 280 791 ditum
305 750 464 791 circiter
485 756 566 790 CCL
588 749 684 790 haec
705 749 744 789 in
767 747 1019 789 Haeduorum
1045 747 1184 788 finibus
1208 748 1517 789 recensebantur
1533 777 1542 795 ,
1577 762 1647 787 nu-

162 832 371 871 merusque
392 817 589 866 inibatur,
615 816 804 871 praefecti
827 816 1183 856 constituebantur.
1245 812 1425 856 Commio
1446 815 1643 864 Atrebati,

160 885 413 927 Viridomaro
448 892 487 925 et
517 883 781 938 Eporedorigi
803 883 1007 934 Haeduis,
1035 882 1413 925 Vercassiuellauno
1442 882 1644 933 Aruerno,

161 953 398 994 consobrino
424 952 781 1007 Vercingetorigis,
807 966 957 993 summa
979 951 1131 1006 imperii
1156 950 1338 991 traditur.
1402 949 1475 991 His
1504 951 1646 992 delecti
1668 951 1695 991 4

160 1035 211 1062 ex
234 1021 460 1061 ciuitatibus
482 1020 772 1070 attribuuntur,
809 1034 971 1074 quorum
995 1019 1160 1059 consilio
1183 1017 1325 1059 bellum
1349 1018 1648 1059 administrare-

161 1096 240 1130 tur.
285 1086 436 1130 Omnes
467 1088 619 1130 alacres
651 1094 691 1129 et
720 1088 883 1128 fiduciae
913 1088 1017 1141 pleni
1050 1088 1097 1127 ad
1119 1086 1294 1127 Alesiam
1327 1086 1645 1139 proficiscuntur,
1671 1086 1695 1125 5

160 1169 286 1210 neque
308 1164 395 1198 erat
416 1158 586 1197 omnium
609 1157 811 1211 quisquam
827 1187 837 1206 ,
872 1157 934 1210 qui
958 1162 1157 1209 aspectum
1180 1154 1293 1194 modo
1316 1160 1450 1194 tantae
1472 1153 1648 1194 multitu·
1669 1151 1697 1192 6

159 1225 260 1266 dinis
282 1225 472 1266 sustineri
496 1238 610 1279 posse
632 1225 909 1274 arbitraretur,
935 1224 1168 1278 praesertim
1192 1221 1352 1276 ancipiti
1372 1221 1534 1276 proelio,
1561 1236 1648 1262 cum

162 1307 215 1333 ex
236 1293 374 1346 oppido
397 1292 603 1346 eruptione
625 1300 869 1347 pugnaretur
884 1324 893 1342 ,
930 1293 1024 1332 soris
1051 1298 1184 1332 tantae
1207 1290 1342 1344 copiae
1365 1290 1561 1343 equitatus
1584 1304 1649 1343 pe-

162 1361 385 1414 ditatusque
406 1367 681 1401 cernerentur.

275 1428 393 1481 Atii,
418 1428 483 1482 qui
504 1427 668 1469 Alesiae
690 1428 995 1474 obsidebantur,
1033 1427 1245 1480 praeterita
1270 1427 1331 1466 die
1347 1456 1358 1475 ,
1393 1439 1465 1478 qua
1499 1424 1645 1464 auxilia
1669 1425 1723 1468 77

161 1509 320 1536 suorum
343 1503 677 1550 expectaueram,
713 1503 944 1550 consumpto
968 1494 1070 1535 omni
1095 1495 1290 1534 frumento
1313 1493 1454 1542 inscii,
1489 1493 1577 1545 quid
1609 1492 1649 1532 in

161 1562 337 1604 Haeduis
360 1571 594 1617 gereretur,
629 1564 797 1604 concilio
829 1570 967 1604 coacto
1000 1563 1046 1602 de
1080 1562 1190 1602 exitu
1221 1575 1379 1600 suarum
1404 1562 1648 1600 fortunarum

162 1631 456 1672 consultabant.
481 1631 542 1672 Ac
564 1632 687 1672 uariis
712 1632 825 1672 dictis
848 1630 1074 1679 sententiis,
1100 1643 1260 1683 quarum
1284 1642 1374 1682 pars
1398 1628 1648 1675 deditionem,
1673 1627 1699 1667 2

164 1712 270 1752 pars,
297 1699 384 1739 dum
409 1699 516 1739 uires
538 1706 820 1753 suppeterent,
845 1698 1088 1753 eruptionem
1114 1696 1328 1746 censebat,
1364 1710 1440 1736 non
1476 1702 1649 1749 praeter-

306 1871 327 1905 2
345 1869 498 1902 Britania
516 1870 559 1902 B.
733 1871 856 1912 quibus
875 1870 933 1902 ille
953 1880 1011 1912 pro
1031 1868 1163 1900 meritis
1183 1867 1213 1899 B
1230 1870 1265 1899 et
1282 1866 1429 1908 reliqui,
1450 1877 1509 1909 pro
1529 1866 1650 1908 quibus

164 1922 296 1953 meritis
315 1921 461 1963 (omisso
480 1922 555 1957 ille)
576 1921 694 1953 bede.
837 1923 1007 1953 inmunem
1027 1921 1068 1952 B.
1223 1919 1241 1952 3
1261 1919 1461 1951 reddiderat
1480 1929 1565 1961 quae
1585 1919 1649 1961 ipsi

163 1971 315 2004 Morinos
333 1972 422 2013 BC,·
441 1972 642 2004 reddiderat
660 1981 746 2015 quae
765 1973 838 2016 ipse
856 1971 998 2004 Morinis
1016 1972 1049 2004 A
1066 1974 1111 2011 et,
1134 1973 1198 2012 qni
1214 1971 1310 2012 ipsis,
1332 1969 1382 2002 D:
1403 1970 1499 2001 redd.
1521 1970 1651 2012 ipsique

165 2023 316 2057 Morinos
335 2024 528 2057 deteriores
546 2025 701 2067 aliquot.
720 2025 761 2057 P.
782 2026 837 2058 68.
1020 2025 1037 2056 4
1059 2028 1169 2055 tamen
1191 2028 1282 2053 tanta
1305 2023 1333 2054 B
1354 2024 1448 2054 (11133.
1464 2022 1650 2064 plur-imin

166 2079 260 2106 tanta
278 2080 389 2107 tamen
411 2086 444 2107 α.
587 2076 768 2107 consensio
788 2086 856 2108 om.
879 2076 911 2107 b.
1053 2076 1069 2106 5
1091 2074 1173 2105 belli
1193 2084 1262 2105 om.
1285 2074 1317 2106 b.
1458 2074 1653 2115 reciperan-

165 2126 228 2158 dae
248 2137 294 2158 711.
312 2137 369 2168 pr.
391 2137 431 2158 e.-
451 2135 556 2158 causa
577 2128 643 2158 inl.
665 2137 759 2159 uer-s.
780 2127 864 2159 add.
885 2127 915 2157 b.
1081 2125 1099 2157 6
1120 2134 1235 2155 omnes
1255 2129 1288 2155 et
1307 2134 1336 2154 e.
1502 2123 1520 2155 7
1539 2123 1570 2154 in
1591 2124 1652 2155 boc

165 2179 255 2211 bello
275 2179 320 2212 D.
481 2179 618 2211 milibus
637 2190 706 2211 om.
726 2180 769 2211 Β.
933 2182 968 2209 et
985 2177 1106 2220 pedum
1126 2187 1172 2208 m.
1188 2186 1248 2218 pr.
1271 2176 1312 2207 B.
1457 2176 1476 2207 8
1496 2186 1555 2208 cci,
1576 2176 1593 2207 b
1607 2186 1652 2206 cc

167 2230 312 2262 Orosius
330 2230 396 2271 VJ,
420 2230 481 2272 113
508 2240 620 2262 cxxxx
650 2230 767 2262 altera
787 2240 803 2261 c
821 2240 890 2260 sec.
916 2240 963 2260 111.
985 2228 1112 2260 addita
1130 2228 1179 2267 B,
1209 2237 1292 2259 ccxt.
1311 2237 1346 2258 u.
1367 2227 1406 2258 Ρ.
1432 2227 1506 2259 106.

165 2282 183 2315 9
203 2282 378 2313 inibantur
395 2281 437 2313 B.
611 2280 782 2313 Commius
802 2279 963 2320 Atrebas,
983 2277 1218 2310 Viridomarus
1238 2282 1272 2308 et
1291 2276 1503 2319 Eporedorix
1525 2278 1654 2309 Haedui

169 2334 273 2366 bede
291 2333 530 2376 (Eporiderige
549 2333 610 2375 B).
753 2330 1099 2364 lovercassianeuno
1113 2330 1154 2370 B,
1177 2328 1486 2368 ‘Vercasianeuno,
1506 2329 1654 2361 Vercas-

167 2384 286 2416 siauno
301 2384 613 2416 &similiter-mss.
629 2382 768 2422 multi'5
788 2380 1040 2421 Vergasilauno
1055 2381 1072 2412 b
1086 2391 1102 2411 c
1115 2379 1175 2419 de,
1191 2377 1453 2419 Vei-gasillauno
1469 2390 1503 2410 u.
1518 2379 1558 2410 P.
1576 2379 1651 2411 111.

310 2435 347 2467 11
370 2435 576 2466 consubrino
595 2435 636 2466 Β.
778 2433 895 2464 dilecti
915 2442 961 2462 111.
981 2440 1037 2471 pr.
1058 2431 1103 2461 A.
1256 2429 1293 2461 12
1314 2429 1564 2471 attribuuntur]
1586 2434 1655 2460 tra-

171 2486 295 2517 duntur
315 2486 346 2518 b.
512 2486 552 2518 13
572 2485 694 2518 fiducia
717 2485 734 2516 b
748 2496 804 2516 cc.
968 2482 1142 2514 Alaesiam
1161 2482 1204 2513 B.
1361 2483 1397 2514 14
1419 2487 1591 2524 aspectum
1610 2483 1654 2514 B.

311 2535 406 2566 modo
426 2545 495 2566 om.
518 2536 534 2567 b
548 2546 575 2566 e.
745 2534 780 2566 15
802 2534 974 2565 sustinere
994 2533 1023 2564 B
1039 2532 1123 2564 CD.
1305 2532 1345 2564 18
1364 2538 1397 2564 at
1418 2533 1450 2564 hi
1469 2533 1511 2564 B.

171 2587 424 2619 obsedebantur
446 2587 486 2619 C.
639 2584 770 2616 auxilia
789 2595 924 2616 suorum
945 2584 973 2615 Β
995 2585 1091 2615 ‘'m-98.
1108 2583 1291 2625 plurlmi',
1314 2595 1451 2616 suorum
1471 2584 1600 2615 auxilia
1621 2594 1653 2614 ll.

316 2639 355 2671 19
375 2642 641 2681 expectaueram
662 2637 702 2668 B.
846 2637 888 2669 20
908 2636 1042 2667 concilii
1063 2636 1092 2667 Β
1108 2637 1147 2677 C,
1170 2637 1405 2668 consilioer.
1547 2636 1656 2666 coacti

172 2702 218 2722 111.
232 2700 300 2721 sce.
317 2689 358 2721 C.
499 2699 636 2721 suarum
656 2688 868 2720 fortunarum
882 2688 911 2719 Β
925 2689 1020 2719 (11133.
1032 2688 1190 2730 plurimi
1199 2687 1218 2728 ',
1244 2687 1455 2720 fortunarum
1469 2697 1606 2718 suarum
1620 2697 1654 2718 u.

306 2741 346 2773 21
368 2750 407 2772 ac
425 2741 534 2772 uariis
554 2741 583 2772 B
602 2744 635 2771 ct
655 2741 801 2782 reliqui,
823 2741 910 2783 apud
931 2751 1014 2782 quos
1034 2741 1141 2772 uariis
1160 2751 1179 2772 α
1193 2741 1283 2772 bele.
1473 2739 1655 2770 sententiis

173 2794 273 2825 dictis
293 2803 321 2823 e.
478 2802 617 2834 quarum
639 2794 704 2823 int.
725 2802 815 2824 vers.
842 2793 870 2831 b,
894 2803 1033 2834 quorum
1054 2804 1081 2824 Ρ.
1239 2793 1282 2825 22
1302 2792 1463 2823 censebat
1483 2795 1540 2826 Bc
1561 2792 1656 2823 (11133.

175 2844 239 2884 Μ’,
261 2842 446 2875 censebant
467 2854 501 2875 11.

1373 2909 1456 2949 29*
