1835 3240
122 182 206 224 718
638 180 810 222 BELLI
833 178 1232 221 HISPANIENSIS

150 296 178 335 2
199 295 326 349 peius,
346 295 386 334 in
407 294 518 334 fidem
541 294 845 344 uniuscuiusque
864 292 1036 331 ciuitatis
1054 292 1269 344 confugere
1285 292 1425 344 eoepit.
1460 289 1518 331 lta
1531 291 1668 344 partim

197 361 377 416 precihus
394 361 531 415 partim
550 361 588 400 ui
605 361 703 400 bene
717 372 859 412 magna
876 365 1099 412 comparata
1115 371 1231 397 manu
1246 358 1484 411 prouinciam
1500 365 1669 399 uastare.

151 430 176 470 3
199 427 350 482 Quibus
373 429 412 469 in
433 427 549 468 rebus
571 426 780 466 nonnullae
802 425 986 465 ciuitates
1008 438 1079 465 sua
1109 431 1246 478 sponte
1274 424 1424 464 auxilia
1452 425 1671 471 mittebant,

150 498 177 539 4
199 498 291 538 item
313 495 524 537 nonnullae
546 500 680 546 portas
703 499 843 534 contra
865 492 1085 532 eludebant.
1129 490 1197 531 Ex
1219 490 1355 544 quibus
1387 490 1419 530 si
1442 505 1516 543 qua
1536 492 1670 546 oppida

197 564 238 604 ui
267 570 444 617 ceperat,
481 575 565 600 cum
596 560 735 612 aliquis
767 574 819 599 ex
848 573 895 600 ea
917 560 1078 600 ciuitate
1101 559 1243 612 optime
1276 559 1341 612 [de
1364 555 1440 597 Cn.
1470 556 1670 612 Pompeio]
1704 567 1721 597 5

196 632 360 671 meritus
382 629 479 668 ciuis
503 635 631 677 esset,
654 634 815 681 propter
836 627 1023 680 pecuniae
1045 626 1350 680 magnitudinem
1373 625 1503 678 aliqua
1524 625 1558 665 ei
1579 625 1677 665 infe-

200 699 361 739 rebatur
382 709 523 745 causa,
556 702 600 734 ut
630 708 677 734 eo
708 695 754 734 de
784 694 910 733 medio
941 694 1094 734 sublato
1117 707 1168 733 ex
1192 693 1275 733 eius
1298 693 1460 746 pecunia
1483 692 1675 731 latronum

150 766 175 807 5
197 765 352 819 largitio
376 764 500 803 fieret.
534 761 592 802 lta
613 763 642 814 ’ὶ-
665 761 797 814 paucis
821 762 1020 801 commoda
1043 762 1155 801 hoste
1177 761 1330 800 hortato
1361 760 1530 799 maiores
1561 771 1679 811 auge-

196 833 340 873 bantur
373 830 523 884 copiae.
575 827 661 868 Hoc
693 827 869 869 crebrius
900 828 1047 868 nuntiis
1079 828 1119 867 in
1152 826 1303 867 Italiam
1336 827 1467 866 missis
1499 825 1679 866 ciuitates

200 897 423 939 contrariae
446 895 631 950 Pompeio
653 896 800 936 auxilia
823 896 896 936 sibi
920 895 1233 949 depostulabant.
1716 900 1754 932 to

152 966 180 1010 2
317 962 471 1005 Caesar
501 965 669 1004 dictator
703 964 842 1013 tertio,
877 964 1023 1004 consul
1053 962 1283 1016 designatus
1317 969 1457 1017 quarto
1487 963 1515 1014 η’-
1549 959 1676 1001 multis

199 1034 370 1074 iterante
403 1032 540 1072 diebus
573 1031 761 1071 coniectis
796 1045 883 1070 cum
915 1031 1058 1070 ceteris
1090 1029 1381 1070 festinationem
1411 1030 1553 1070 bellum
1587 1043 1678 1068 con-

200 1100 404 1140 ficiendum
428 1100 468 1138 in
491 1098 722 1152 Hispaniam
744 1113 831 1138 eum
853 1098 1044 1147 uenisset,
1070 1097 1264 1150 legatique
1287 1093 1589 1145 Cordubenses,
1615 1096 1677 1147 qui

150 1168 178 1209 2
199 1182 221 1209 a
243 1165 319 1208 Cn.
344 1165 532 1220 Pompeio
556 1167 849 1215 discessissent,
876 1164 1042 1206 Caesari
1065 1165 1218 1204 obuiam
1243 1164 1470 1212 uenissent,
1497 1178 1518 1203 a
1542 1162 1678 1215 quibus

199 1235 454 1275 nuntiabatur
475 1241 667 1273 nocturno
693 1241 865 1286 tempore
888 1232 1067 1285 oppidum
1082 1228 1304 1271 Cordubam
1323 1230 1407 1284 capi
1426 1243 1556 1283 posse,
1582 1230 1680 1282 quod
1716 1238 1752 1269 15

198 1301 526 1355 necopinantibus
549 1300 789 1341 aduersariis
812 1300 895 1339 eius
917 1299 1145 1353 prouinciae
1169 1299 1311 1351 potitus
1331 1304 1436 1337 esset
1451 1327 1461 1346 ,
1487 1297 1679 1350 simulque

198 1369 297 1422 quod
321 1367 551 1415 tabellariis,
577 1368 641 1421 qui
663 1382 685 1407 a
708 1365 781 1408 Cn.
796 1366 983 1420 Pompeio
1006 1365 1183 1419 dispositi
1206 1364 1386 1405 omuibus
1408 1364 1505 1404 locis
1528 1371 1677 1414 esseut,

199 1437 264 1490 qui
287 1435 497 1476 certiorem
516 1432 837 1489 Cn.Pompeium
860 1436 905 1475 de
925 1433 1110 1475 Caesaris
1132 1434 1303 1474 aduentu
1326 1433 1503 1472 facerent
1526 1462 1678 1472 ......

151 1505 177 1546 3
200 1503 327 1545 Multa
350 1510 556 1558 praeterea
580 1503 808 1544 uerisimilia
831 1502 1117 1556 proponebant.
1162 1499 1314 1553 Quibus
1337 1500 1452 1540 rebus
1475 1500 1678 1548 adductus,

200 1587 295 1626 quos
316 1573 467 1625 legatos
490 1579 581 1611 ante
604 1571 799 1611 exercitui
823 1571 1082 1623 praefecerat,
1119 1567 1170 1621 Q
1194 1567 1356 1608 Pedium
1381 1574 1420 1608 et
1441 1564 1492 1619 Q.
1517 1565 1679 1607 Fabium
1711 1573 1754 1605 20

199 1640 420 1681 Maximum
445 1640 490 1679 dc
513 1653 584 1679 suo
607 1640 779 1679 aduentu
802 1639 895 1678 facit
916 1638 1106 1678 certiores
1128 1643 1247 1689 utque
1269 1635 1341 1676 sibi
1365 1635 1585 1688 equitatus,
1619 1634 1682 1687 qui

153 1709 177 1748 4
201 1722 252 1749 ex
274 1706 478 1761 prouincia
502 1707 652 1756 fuisset,
677 1706 871 1760 praesidio
895 1713 1016 1746 esset.
1061 1705 1121 1745 Ad
1145 1718 1239 1757 qnos
1263 1703 1447 1753 celerius,
1473 1716 1585 1755 quam
1607 1701 1681 1755 ipsi

199 1775 345 1829 opinati
367 1782 473 1824 sunt,
498 1774 824 1828 adpropinquauit
845 1787 995 1827 neque,
1028 1780 1070 1812 ut
1090 1772 1173 1825 ipse
1195 1771 1342 1821 uoluit,
1378 1770 1589 1824 equitatum
1612 1769 1685 1809 sibi

348 1947 358 1979 1
384 1947 537 1979 ciuitatis
557 1946 674 1987 onus.
837 1945 998 1986 itaquef.
1157 1945 1173 1975 4
1194 1942 1377 1974 eludebant
1394 1952 1414 1973 a
1434 1952 1461 1981 e,
1483 1939 1685 1972 claudebant

189 1998 378 2040 ιΓνιεΙίᾳιιί.
521 1999 538 2029 5
552 1997 600 2039 ui]
623 2008 659 2028 ιιι
677 1998 743 2037 as.
886 1996 963 2026 aliis
980 1996 1048 2037 af.
1188 2004 1231 2025 ex
1247 2003 1285 2024 ea
1305 1994 1423 2035 om.s.
1564 1991 1687 2022 obtime

199 2059 233 2080 ιι.
375 2049 482 2081 Gneio
494 2051 531 2091 s.
553 2048 666 2079 I'ncos
686 2058 748 2089 ego
764 2050 882 2089 posui.
906 2047 943 2078 P.
964 2047 1043 2078 ⁸220.
1196 2045 1213 2077 7
1234 2045 1367 2076 sublata
1387 2045 1454 2086 as.
1596 2042 1684 2084 eius]

201 2110 239 2131 co
259 2109 292 2131 α.
434 2099 610 2142 pecuniam
621 2098 658 2139 f
800 2098 820 2129 8
835 2097 927 2138 pacis
948 2097 1011 2138 bs.
1156 2096 1330 2126 commoda
1348 2106 1368 2127 a
1389 2096 1406 2126 b
1427 2095 1486 2136 cs,
1503 2093 1684 2125 commodis

200 2161 236 2181 ιι.
383 2150 400 2182 9
421 2151 483 2181 hoc
503 2149 658 2181 crebrius
677 2158 752 2189 ega,
775 2148 837 2178 hoc
857 2148 987 2178 crebris
1006 2157 1027 2178 a
1048 2148 1065 2178 b
1085 2158 1101 2177 e
1120 2146 1194 2188 ds5
1217 2146 1257 2177 ob
1276 2147 1337 2177 hoe
1357 2146 1486 2177 crebris
1506 2156 1540 2176 ιι.

202 2202 237 2234 11
262 2200 392 2233 Caesar
410 2201 429 2233 3
449 2201 537 2232 dett.
560 2203 595 2231 ct
617 2201 736 2242 prima
763 2200 960 2240 scriptione
975 2200 1021 2240 s,
1044 2198 1080 2230 C.
1103 2198 1231 2229 Cacsar
1259 2198 1391 2238 reliqui
1419 2200 1452 2227 et
1478 2196 1544 2227 alc.
1562 2195 1681 2235 smus.

346 2252 448 2284 tertio
467 2252 532 2293 as,
555 2262 590 2282 111
611 2260 644 2282 ιι.
669 2249 757 2281 Gell.
773 2249 816 2289 X,
841 2250 870 2281 l.
1013 2249 1132 2281 consul
1152 2248 1351 2288 designatus
1371 2258 1433 2289 ego
1453 2247 1611 2287 (inverso
1630 2255 1685 2277 or-

205 2305 285 2336 dine
304 2315 394 2335 unas
414 2304 518 2343 (lea),
534 2302 732 2342 designatus
752 2301 900 2332 dictator
917 2302 979 2342 as
993 2300 1101 2332 ‘mssa’
1242 2304 1361 2340 quarto
1380 2299 1444 2340 as,
1462 2309 1491 2329 iv
1506 2308 1540 2328 ιι.

203 2357 400 2391 12iterante
420 2355 539 2386 dicbus
559 2364 579 2385 (ι
601 2354 618 2385 I)
638 2354 700 2394 cs,
719 2353 899 2384 itineribus
919 2359 996 2385 ante
1017 2364 1050 2385 ιι.
1193 2352 1357 2382 coniectis
1376 2351 1440 2391 af,
1463 2349 1629 2381 consectis
1650 2360 1683 2380 ιι.

346 2407 472 2438 ceteris
491 2416 511 2436 (ι
533 2406 549 2435 Ι)
570 2404 631 2445 es,
654 2404 760 2435 celeri
780 2414 814 2435 ιι.
1051 2403 1305 2435 festinationem
1323 2402 1388 2443 as,
1412 2401 1632 2432 festinatione
1651 2410 1682 2431 ιι.

346 2458 470 2488 bellum
490 2467 510 2488 a
531 2457 548 2487 Ι)
569 2457 632 2497 es,
653 2455 694 2486 ad
714 2455 839 2486 bellum
858 2455 974 2486 Aldus
995 2466 1028 2486 ιι.
1195 2455 1230 2487 13
1251 2464 1324 2486 cum
1342 2454 1497 2485 uenisset
1516 2453 1685 2494 legatique

205 2520 225 2541 ιι
246 2511 262 2540 b
283 2510 343 2550 es,
365 2508 521 2539 uenisset
541 2507 644 2547 legati
665 2518 697 2537 ιι.
840 2507 916 2549 quia
938 2506 1092 2549 Gneios.
1236 2505 1528 2538 lidiscessisscnt
1547 2516 1567 2536 (ι
1588 2506 1604 2536 b
1624 2506 1686 2546 cs,

205 2562 437 2593 discesserant
456 2570 490 2591 v.
639 2560 818 2590 uenissent
834 2569 852 2589 a
875 2560 892 2590 b
913 2570 929 2589 c
947 2559 1014 2599 ds,
1036 2559 1174 2590 ueniunt
1195 2569 1226 2588 ιι.
1372 2558 1410 2589 16
1431 2568 1490 2587 nec
1511 2557 1686 2599 oppidanis

194 2615 231 2657 s,
433 2611 599 2651 simulque
619 2610 706 2651 quod
727 2610 918 2641 tabellariis
938 2620 957 2640 ιι
979 2611 996 2640 b
1013 2611 1046 2651 s
1066 2613 1119 2649 cl,
1150 2611 1214 2649 qni
1240 2608 1433 2647 tabellarii,
1456 2618 1493 2647 ος
1521 2607 1686 2648 simulque

206 2669 323 2706 captos
345 2661 543 2694 tabellarios
564 2671 597 2691 ιι.
754 2660 792 2692 17
813 2660 891 2701 quia
911 2660 1063 2701 Gneios.
1210 2659 1247 2690 18
1267 2660 1352 2700 quod
1373 2659 1555 2690 certiorem
1575 2669 1602 2698 e,
1625 2669 1687 2700 quo

207 2716 388 2748 certiorem
407 2715 499 2745 coni.
523 2711 608 2743 ΟιιιΙ.
630 2723 664 2742 ιι.
817 2712 998 2744 Lacunam
1017 2721 1080 2752 ego
1100 2713 1236 2741 ιιοίιιιιῖ.
1401 2711 1439 2742 ‘21
1464 2710 1545 2741 facit
1563 2720 1629 2740 om.
1655 2711 1686 2740 b.

349 2770 451 2807 utque
471 2765 488 2795 b
501 2775 528 2804 c,
550 2768 587 2794 ut
606 2773 703 2804 quem
723 2763 758 2804 (ιι
769 2763 818 2804 s)
837 2774 870 2794 ιι.
1012 2762 1182 2804 equitatus
1202 2762 1257 2803 qui
1275 2763 1293 2793 *2
1308 2761 1412 2801 dell„
1427 2761 1613 2803 equitatum
1633 2761 1686 2802 qui

208 2828 228 2848 ιι
249 2818 265 2848 b
284 2818 355 2858 es,-
377 2815 562 2857 equitatum
582 2824 616 2844 ιι.
757 2814 799 2845 22
819 2812 944 2844 suisset
962 2823 982 2843 ιι
1002 2813 1063 2854 cs,
1086 2823 1154 2844 om.
1177 2813 1216 2851 b,-
1240 2812 1405 2845 fecissent
1423 2823 1457 2844 ιι.
1598 2816 1689 2843 essct

209 2869 227 2899 b
241 2869 297 2909 “s>
311 2867 465 2907 ctiau1115
478 2865 650 2898 mitterent
670 2874 703 2895 ιι.
844 2863 885 2896 23
899 2863 1182 2906 adpropiuquauit
1193 2875 1227 2895 ιι.
1370 2862 1494 2905 neque]
1506 2867 1605 2904 atque
1618 2862 1684 2903 (b).
