1835 3240
95 581 112 612 0⁷1

72 921 112 953 10

69 1259 109 1291 15

69 1599 112 1631 20

68 1939 110 1971 25

670 186 861 231 CAPVT
891 188 1088 230 23—25.
1622 192 1700 235 731

145 315 262 356 eques
284 300 408 354 spatio
430 300 644 341 intercluso
668 302 736 342 uix
755 316 797 343 se
815 303 1025 343 defendere
1043 309 1190 356 posset.
1224 300 1288 342 Ex
1304 309 1468 356 utroque
1484 319 1628 359 genere
1648 305 1676 347 8

145 382 297 424 pugnae
320 369 538 422 complures
561 377 653 409 sunt
675 370 902 411 uulneribus
935 370 1099 421 adfecti,
1135 370 1176 410 in
1206 369 1294 423 quis
1326 370 1440 410 etiam
1466 370 1627 414 Clodius

143 437 376 490 Arquitius3
412 437 517 476 inter
546 451 644 490 quos
677 437 731 477 ita
762 438 977 478 comminus
1008 445 1069 478 est
1089 444 1318 492 pugnatum,
1342 444 1386 477 ut
1408 452 1460 478 cx
1482 441 1627 481 nostris

142 511 300 560 praeter
321 505 416 545 duos
439 504 690 544 centuriones
713 505 764 544 sit
785 519 899 545 nemo
923 506 1164 547 desideratus
1186 506 1311 560 gloria
1333 519 1377 546 se
1397 506 1626 548 efferentes.

145 572 314 614 Postero
346 572 406 612 die
437 573 485 612 ad
516 570 694 612 Soricam
727 579 982 626 utrorumque
1014 587 1238 614 conuenere
1271 574 1422 627 copiae.
1483 573 1624 615 Nostri
1645 575 1702 620 24

140 640 299 681 brachia
323 641 464 680 ducere
487 647 718 693 coeperunt.
762 638 972 693 Pompeius
996 655 1080 680 cum
1101 642 1436 682 animaduerteret
1464 642 1627 683 castello
1649 643 1676 684 2

142 722 183 749 sc
208 708 364 748 excludi
386 707 577 761 Aspauia,
604 707 704 760 quod
728 715 789 748 est
811 707 859 748 ab
882 707 1009 749 chbi
1032 709 1137 749 milia
1160 723 1343 762 passuum
1365 716 1411 758 V,
1446 709 1542 750 haec
1563 723 1629 750 res

141 776 367 817 necessario
391 775 621 825 deuocabat‚
648 782 684 815 ut
708 776 755 815 ad
770 776 1028 816 dimicandum
1045 777 1330 828 descenderet3
1355 791 1481 830 neque
1497 784 1627 819 tamen
1651 777 1676 819 3

142 857 264 897 aequo
287 844 372 884 loco
395 844 455 884 sui
478 851 711 898 potestatem
734 844 917 894 faciebat,
943 845 1012 885 sed
1035 858 1085 885 ex
1108 859 1246 898 grumo
1273 875 1469 885 ......
1496 846 1629 887 excel-

143 927 228 953 sum
261 912 451 951 tumulum
486 912 686 966 capiebat,
722 926 846 965 usque
867 926 914 952 eo
937 919 979 952 ut
1001 913 1230 953 necessario
1254 920 1464 966 cogeretur
1484 914 1630 954 inicum

144 981 269 1020 locum
311 979 457 1020 subire.
524 977 612 1032 Quo
646 980 691 1019 de
723 981 825 1020 facto
858 994 943 1020 cum
977 987 1231 1033 utrorumque
1274 981 1410 1034 copiae
1444 981 1631 1021 tumulum
1653 981 1681 1021 4

141 1048 402 1088 excellentem
433 1047 640 1101 petissent,
676 1047 858 1101 prohibiti
889 1062 911 1087 a
943 1048 1090 1088 nostris
1123 1055 1238 1099 sunt,
1273 1049 1414 1089 deiecti
1447 1049 1627 1103 planicie.

142 1113 256 1168 Quae
278 1129 342 1155 ros
365 1115 579 1155 secundum
603 1116 751 1156 nostris
774 1115 966 1156 efficiebat
995 1116 1199 1170 proelium.
1243 1114 1428 1170 Vndique
1459 1117 1631 1157 cedenti-
1654 1117 1679 1158 5

141 1183 214 1224 bus
236 1183 478 1223 aduersariis
511 1197 588 1223 non
619 1197 754 1238 parum
788 1198 929 1238 magna
950 1184 991 1224 in
1014 1185 1132 1225 caede
1154 1185 1431 1225 uersabantur.
1476 1183 1630 1237 Quibus

140 1265 268 1299 mons,
294 1265 371 1290 non
394 1251 521 1291 uirtus
546 1251 663 1291 saluti
686 1253 760 1292 fuit
781 1253 969 1311 subsidio.
1015 1250 1129 1305 Quod
1151 1253 1227 1294 nisi
1249 1254 1552 1308 aduesperasset
1567 1284 1577 1303 ,
1609 1267 1632 1294 a

141 1318 390 1373 paucioribus
422 1320 568 1360 nostris
600 1320 703 1360 omni
736 1321 885 1360 auxilio
914 1321 1057 1374 priuati
1079 1329 1229 1362 essent.
1274 1321 1379 1362 Nam
1404 1321 1632 1362 ceciderunt
1651 1319 1679 1361 6

142 1401 195 1427 ex
216 1386 293 1427 leui
317 1394 514 1427 armatura
533 1394 764 1438 CCCXXIIII,
790 1401 841 1428 ex
863 1388 1091 1442 legionariis
1110 1396 1333 1440 CXXXVIII,
1359 1396 1631 1444 praeterquam

141 1469 303 1508 quorum
328 1468 435 1495 arma
458 1462 496 1496 et
517 1455 643 1509 spolia
664 1456 780 1497 allata
804 1464 910 1497 sunt.
950 1455 1009 1497 Ita
1032 1458 1153 1512 pridie
1176 1458 1337 1498 duorum
1356 1458 1630 1498 centurionum

140 1523 315 1564 interitio
348 1523 420 1564 hac
442 1524 761 1565 aduersariorum
784 1539 908 1579 poena
941 1533 1002 1566 cst
1033 1526 1161 1567 litata.
1204 1524 1433 1580 Insequenti
1464 1526 1525 1567 die
1547 1525 1631 1581 pari
1651 1524 1706 1570 25

144 1591 428 1632 consuetudine
451 1606 536 1632 cum
559 1593 606 1633 ad
629 1593 794 1633 eundem
817 1594 944 1634 locum
967 1595 1052 1635 eius
1075 1593 1310 1649 praesidium
1335 1594 1527 1645 uenisset,
1552 1593 1632 1649 pri·

142 1660 246 1700 stino
278 1660 343 1700 illo
378 1674 449 1701 suo
472 1660 687 1701 utebantur
707 1661 912 1703 instituto:
949 1677 1037 1703 nam
1061 1671 1221 1718 praeter
1243 1662 1393 1716 equites
1415 1663 1522 1703 nullo
1544 1662 1630 1702 loco

137 1741 261 1781 aequo
279 1741 321 1768 se
340 1729 584 1769 committere
599 1729 807 1770 audebant.
833 1728 933 1771 Cum
949 1732 1073 1772 nostri
1094 1732 1134 1772 in
1152 1745 1271 1786 opere
1289 1738 1439 1781 essent,
1460 1730 1630 1784 equitum
1652 1729 1679 1770 2

141 1796 275 1849 copiae
298 1810 512 1837 concursus
536 1798 666 1837 facere
690 1806 926 1853 coeperunt.
961 1800 1153 1853 simulque
1175 1799 1486 1840 uociferantibus
1507 1798 1631 1852 legio-

138 1864 284 1915 nariis,
320 1879 404 1905 cum
438 1866 565 1905 locum
597 1866 858 1920 efflagitarent
887 1869 916 1921 -ξ-
946 1875 988 1908 ut
1019 1868 1199 1909 consueti
1223 1867 1376 1921 insequi
1399 1866 1630 1907 existimare

142 1946 281 1986 posses
304 1933 575 1986 paratissimos
599 1948 687 1976 esse
709 1936 757 1977 ad
780 1936 1055 1987 dimicandum,
1081 1936 1206 1977 nostri
1229 1950 1280 1976 ex
1300 1935 1433 1976 humili
1449 1933 1631 1975 conualle

138 2000 239 2041 bene
262 2000 377 2055 longe
399 2008 489 2041 sunt
511 2003 663 2054 egressi
685 2010 724 2044 et
745 2004 912 2058 planicie
933 2004 1127 2057 iniquiore
1149 2004 1235 2045 loco
1254 2004 1532 2044 constiterunt.
1567 2000 1630 2043 Illi
1650 2001 1674 2043 3

138 2076 270 2109 tamen
292 2070 427 2122 procul
450 2069 564 2110 dubio
586 2071 633 2110 ad
656 2071 987 2125 congrediendum
1010 2072 1050 2113 in
1072 2086 1236 2125 aequum
1269 2071 1396 2112 locum
1427 2084 1505 2110 non
1537 2077 1629 2111 sunt

138 2137 223 2178 ausi
256 2137 495 2179 descendere
527 2146 686 2193 praeter
717 2153 833 2180 unum
865 2138 1083 2181 Antistium
1105 2139 1372 2194 Turpionem3
1407 2138 1471 2192 qui
1503 2138 1628 2180 fidens

282 2231 294 2262 1
312 2239 354 2261 ex
372 2240 392 2261 a
414 2230 584 2273 ‘relz'qui'‚
605 2242 646 2263 ex
665 2231 716 2263 his
737 2231 814 2263 cod.
835 2231 915 2263 Vrs.
936 2242 971 2264 u.
1114 2232 1276 2266 2adfecti
1295 2242 1330 2264 a.
1472 2230 1627 2273 3Arqui-

133 2282 202 2314 tius
221 2292 242 2314 a
263 2282 385 2323 ‘mss.'‚
406 2282 609 2325 Arquitinus
629 2294 667 2323 ο,-
687 2284 846 2326 Aquitius
866 2284 981 2316 Aldus
998 2294 1034 2316 u.
1207 2287 1225 2318 5
1244 2285 1286 2316 ad
1307 2283 1562 2325 Glandorpius,
1584 2282 1626 2314 ab

136 2333 234 2366 codd.
386 2334 538 2367 Soricain
558 2346 634 2378 ego,
656 2335 829 2367 Soricaria
848 2336 948 2368 codd.
969 2336 1053 2368 Vid.
1075 2348 1104 2368 c.
1124 2336 1181 2377 27,
1201 2337 1235 2370 2.
1385 2337 1404 2369 7
1422 2335 1572 2378 Aspauia
1592 2335 1624 2367 b.

280 2385 382 2429 Vcity
400 2397 434 2419 a.
577 2388 597 2420 8
615 2393 652 2419 ut
671 2398 740 2419 om.
761 2399 794 2419 a.
938 2389 1191 2421 descenderent
1207 2400 1229 2421 α
1248 2390 1279 2421 b.
1421 2388 1440 2421 9
1460 2388 1627 2420 lacunam

138 2445 202 2476 ego
219 2440 359 2469 notaui.
378 2438 419 2470 P.
440 2439 518 2472 240.
669 2439 710 2471 10
730 2439 912 2481 capiebant
927 2450 961 2472 a.
1111 2440 1236 2472 inicum
1255 2451 1288 2472 a.
1441 2440 1482 2473 12
1501 2440 1626 2473 deiecti

137 2497 157 2517 (ι
177 2487 194 2518 b
213 2498 241 2527 c,
263 2488 456 2532 deiectique
476 2500 511 2522 u.
651 2491 792 2533 planitie
811 2492 878 2533 (a).
1019 2491 1059 2525 13
1072 2503 1158 2535 quae
1177 2492 1248 2535 res]
1269 2503 1409 2535 quorum
1428 2503 1462 2531 α,
1483 2493 1571 2535 quod
1592 2493 1624 2525 b.

280 2541 429 2583 undique
449 2541 565 2582 codd„
582 2542 730 2584 undique
750 2547 863 2574 autem
882 2553 919 2575 u.
1064 2544 1101 2576 14
1117 2555 1181 2575 non
1201 2554 1318 2587 parum
1337 2545 1455 2586 codd„
1470 2545 1577 2576 nostri
1589 2555 1624 2575 u.

282 2590 322 2622 15
342 2592 495 2624 subsidio
515 2593 602 2635 quod
622 2603 708 2635 ego‚·
728 2593 816 2636 quod
835 2594 989 2627 subsidio
1007 2605 1049 2636 α,
1079 2606 1142 2638 quo
1162 2597 1316 2629 subsidio
1337 2597 1432 2629 ‘mss.
1449 2596 1626 2639 plerique’

137 2650 173 2672 u.
195 2640 234 2672 P.
253 2641 332 2675 240.
481 2644 548 2676 nisi
567 2644 683 2686 codd„
702 2649 784 2676 tunc
804 2644 869 2676 nisi
889 2655 924 2677 u.
1074 2646 1111 2679 16
1132 2647 1289 2690 omnique
1309 2659 1388 2680 cum
1406 2659 1476 2680 uno
1496 2647 1566 2678 det.
1587 2657 1623 2678 u.

284 2693 324 2725 17
343 2703 484 2727 cccxxiv
502 2696 564 2736 (a).
717 2696 758 2729 18
778 2696 885 2729 allata
904 2703 984 2729 sunt
1000 2707 1034 2738 a,
1056 2704 1134 2731 sunt
1151 2700 1259 2732 allata
1275 2700 1355 2732 edd.
1495 2698 1625 2740 pridem

140 2745 169 2775 b.
317 2746 356 2779 21
378 2751 516 2788 propter
533 2758 563 2780 c.
705 2749 748 2782 24
765 2747 789 2790 †
806 2754 843 2781 ut
862 2749 1033 2792 consueti]
1052 2751 1092 2783 P.
1110 2752 1191 2785 241.
1331 2754 1374 2785 25
1393 2761 1508 2793 posses
1528 2760 1626 2793 paru-

139 2796 289 2829 tissimos
308 2796 564 2840 Schneiderus,
592 2809 691 2842 posse
718 2802 971 2843 speratissimos
998 2813 1019 2836 a
1039 2804 1079 2844 b,-
1106 2811 1245 2846 possent
1270 2816 1305 2836 se
1334 2804 1571 2846 paratissimos
1590 2815 1621 2836 u.

283 2857 358 2879 csse
378 2859 446 2880 om.
462 2849 492 2881 b.
633 2851 674 2883 26
689 2851 829 2893 planitie
841 2852 901 2892 (α).
1043 2854 1206 2897 iniquiori
1225 2865 1246 2886 α
1265 2858 1312 2896 ct,
1326 2858 1366 2887 ut
1383 2854 1539 2894 uidetur,
1563 2855 1580 2887 b
1593 2865 1622 2887 e.

282 2900 324 2931 27
344 2905 412 2932 tum
434 2901 463 2931 b.
