1835 3240
676 170 1100 212 *207—

142 290 294 330 fuisset.
339 286 417 338 Qui
440 300 557 339 supra
580 284 747 326 Labieni
770 299 913 326 nomen
935 291 1177 335 mutauerat,
1216 300 1301 326 cum
1338 287 1432 327 haec
1465 291 1510 330 de
1531 289 1626 331 Iuba

141 356 215 396 dici
237 368 315 394 non
337 367 452 408 posse
475 354 650 400 uideret,
686 353 746 392 hic
779 352 873 392 illud
902 353 1122 406 importune
1153 353 1381 393 inculcauit.
1434 354 1628 399 Extrema

139 424 273 463 horum
295 423 503 462 uerborum
524 423 563 461 in
574 420 668 461 Par.
685 433 766 460 see.
783 418 900 460 Leid.
918 435 977 473 pr.
994 419 1343 474 Scal.‹lu0busque
1366 422 1627 466 deterioribus

136 491 248 531 codd.
273 490 328 529 ita
349 490 496 542 scripta
519 496 630 529 sunt:
659 489 994 541 ‘conscripserat‚
1020 495 1256 537 armauerat,
1282 489 1338 529 uti
1362 490 1513 530 frenato
1537 506 1628 532 con-

137 557 356 599 didicerat'.
410 563 420 581 ί
438 554 739 597 Condidicerat'
773 556 889 594 etiam
913 569 965 595 ex
988 552 1080 595 Cui.
1106 564 1342 606 annotatur,
1376 557 1415 596 in
1439 572 1514 610 quo
1537 560 1627 612 quin

135 626 288 679 reliqua
311 639 463 678 quoque
486 624 620 665 eodem
654 623 766 662 modo
790 623 985 676 legantur,
1012 637 1090 662 non
1113 624 1264 664 dubito.
1326 623 1471 665 Editur
1493 628 1626 667 nescio

135 708 207 746 qua
230 693 489 741 auctoritate,
527 691 595 731 sed
626 697 691 730 aut
720 691 825 730 nulla
849 697 917 730 aut
938 691 1132 743 pessima,
1168 698 1418 733 ‘armauerat
1448 708 1627 748 equoque

134 762 192 801 uti
216 762 369 801 frenato
392 758 681 800 condoouerat’.
736 756 801 797 Ex
826 758 1002 798 codicum
1040 759 1237 812 scriptura
1259 774 1337 800 non
1361 762 1524 802 moleste
1547 764 1626 803 for-

133 842 240 868 mare
263 828 355 868 mihi
379 828 486 867 uisus
509 840 592 866 sum
618 826 696 865 ‘uti
722 827 896 866 frenatos
919 827 1210 866 constituerat'.
1235 826 1434 869 Frenatus
1456 828 1625 871 Labieni

133 910 253 949 eques
285 911 320 936 e.
355 894 435 943 61,
469 893 493 933 3
523 908 545 934 a
574 892 761 934 Numidis
795 892 1054 947 Gaetulisque
1094 894 1179 934 sine
1212 896 1335 935 frenis
1368 897 1621 938 discernitur.

133 961 410 1004 Constituendi
432 969 559 1002 autem
584 960 745 1001 uerbum
770 962 903 1002 eodem
928 963 1042 1002 modo
1059 962 1218 1015 ponitur
1234 962 1281 1002 ab
1296 962 1426 1004 Hirtio
1444 965 1481 1004 b.
1498 964 1622 1007 Alex.

131 1029 200 1080 34,
224 1030 251 1069 4
275 1030 466 1082 ‘adiungit
486 1028 683 1069 Domitius
706 1030 853 1083 legioni
884 1027 1077 1070 XXXVI
1099 1030 1194 1069 duas
1217 1029 1264 1070 ab
1289 1029 1504 1084 Deiotaro,
1530 1048 1624 1087 quas

130 1098 195 1139 ille
217 1098 422 1152 disciplina
444 1105 561 1150 atque
583 1103 781 1137 armatura
806 1104 943 1137 nostra
974 1098 1195 1151 complures
1227 1112 1353 1139 annos
1386 1102 1623 1142 constitutas

131 1165 323 1215 habebat',
349 1179 448 1218 quae
469 1171 700 1218 repetuntur
720 1163 799 1214 68,
839 1164 890 1214 4,
926 1165 1183 1218 similiterque
1206 1179 1227 1205 a
1251 1164 1427 1208 Caesare
1449 1168 1486 1208 b.
1514 1167 1621 1210 Gall.

132 1232 191 1273 vl
206 1264 215 1281 ,
252 1233 271 1272 1
288 1265 298 1283 ‚
334 1233 361 1273 4
395 1239 404 1256 ‘
423 1234 544 1274 tribus
567 1239 658 1273 ante
680 1239 863 1272 exactam
886 1233 1048 1273 hiemem
1074 1240 1113 1273 et
1135 1234 1363 1274 constitutis
1386 1242 1425 1276 et
1446 1237 1622 1278 adductis

131 1300 381 1354 legionibus'.
424 1300 644 1354 Excipiunt
670 1301 792 1341 haec:
832 1306 1060 1353 ‘praeterea
1094 1302 1204 1355 regia
1234 1302 1384 1343 auxilia
1406 1304 1623 1358 elephantis

132 1366 254 1408 CXX
276 1369 549 1421 equitatusque
570 1368 868 1408 innumerabilis
884 1399 893 1417 ,
927 1369 1065 1409 deinde
1093 1369 1270 1422 legiones
1303 1373 1548 1425 conscriptas
1572 1387 1623 1413 ex

132 1437 319 1489 cuiusque
342 1436 444 1476 modi
467 1436 623 1488 generis
646 1436 811 1488 amplius
833 1434 915 1475 XII
937 1435 1130 1477 mitibus'.
1177 1436 1318 1477 Editur
1349 1439 1621 1492 ‘elephantes'

131 1510 168 1543 et
194 1503 487 1557 ‘conscriptae',
535 1501 615 1543 Sed
647 1516 730 1542 cum
762 1504 858 1543 haec
880 1504 928 1543 ad
949 1504 1154 1557 superiora
1177 1506 1375 1558 pertinere
1398 1514 1435 1547 et
1457 1522 1477 1547 a
1500 1508 1621 1549 uerbo

132 1571 337 1611 ‘haberet'
370 1578 457 1623 apta
491 1583 579 1611 esse
609 1577 819 1623 appareat,
852 1571 891 1610 in
913 1569 1009 1610 Par.
1035 1578 1164 1612 autem
1187 1587 1267 1613 sec.
1296 1581 1335 1614 et
1359 1573 1478 1616 Voss.
1518 1577 1621 1618 ‘ele-

128 1638 312 1690 phantis',
337 1637 375 1677 in
397 1636 514 1677 Leid.
541 1652 598 1691 pr.
628 1637 869 1689 ‘elephanti’,
894 1638 933 1677 in
957 1636 1062 1679 Scal.
1089 1645 1129 1679 et
1150 1638 1237 1680 Pet.
1266 1645 1275 1663 ‘
1291 1642 1543 1696 elephantos'
1564 1645 1620 1686 le-

127 1712 257 1759 gatur,
285 1705 560 1759 ‘conscriptas'
583 1705 782 1758 corrigere
805 1719 884 1744 non
906 1705 1096 1746 dubitaui.
1126 1706 1273 1747 Verum
1296 1709 1335 1749 in
1359 1711 1452 1751 illis:
1483 1713 1621 1766 ‘legio-

128 1787 196 1813 nes
217 1773 462 1825 conscriptas
496 1787 549 1813 ex
581 1773 771 1826 cuiusque
804 1773 905 1812 modi
937 1774 1096 1826 generis
1128 1776 1295 1829 amplius
1328 1775 1413 1818 XII
1443 1780 1620 1821 milibus’

127 1855 314 1882 numerus
335 1838 417 1880 XII
439 1841 586 1881 milium
609 1840 725 1881 nimis
748 1841 919 1894 exiguus
943 1842 1174 1894 quibusdam
1198 1844 1306 1884 uisus
1339 1853 1422 1896 est,
1454 1861 1539 1887 cum
1574 1849 1619 1890 de

127 1909 321 1959 omuibus,
346 1917 386 1949 ut
407 1909 594 1959 arbitror,
620 1907 947 1963 Pompeianorum
973 1910 1095 1964 copiis
1119 1911 1193 1951 dici
1222 1919 1420 1965 putarent..
1468 1914 1617 1956 Verum

127 1975 328 2017 Labienus
351 1978 497 2017 auxilia
521 1985 670 2018 tantum
694 1985 922 2027 enumerat,
960 1979 1099 2031 quibus
1122 1980 1216 2019 solis
1240 1994 1326 2020 eum
1351 1979 1619 2026 Caesarianos

127 2045 349 2085 obruturum
373 2060 556 2099 sperasse
578 2047 615 2099 ξ
651 2045 679 2085 2
700 2047 938 2086 declaratum
964 2053 1050 2096 est,
1084 2054 1121 2087 et
1154 2048 1268 2101 paulo
1301 2058 1392 2090 ante
1413 2049 1614 2102 Numidis,

126 2110 251 2153 Gallis
275 2111 578 2167 Germanisque,
605 2113 783 2167 reliquiS,
811 2128 907 2170 quos
930 2115 1016 2169 ipse
1039 2124 1273 2168 parauerat,
1300 2121 1618 2161 commemoratis

124 2180 199 2220 iam
220 2181 329 2235 regia
350 2182 499 2223 auxilia
523 2182 714 2236 adiungit.
765 2181 862 2222 Iuba
885 2190 1013 2223 autem
1040 2191 1226 2236 quattuor
1249 2185 1426 2238 legiones
1451 2187 1621 2228 habebat

124 2250 177 2299 (c.
205 2248 243 2299 1,
268 2249 337 2301 4);
363 2264 462 2303 quae
483 2250 517 2290 si
537 2248 621 2290 XII
644 2251 797 2291 milibus
822 2251 1020 2291 hominum
1044 2253 1333 2301 constiterunt,
1359 2268 1616 2308 unaquaeque

124 2323 209 2356 erat
230 2317 423 2358 trinorum
445 2318 617 2365 milium,
652 2318 715 2371 qui
739 2333 926 2358 uumerus
956 2319 1053 2359 nihil
1074 2327 1156 2369 est,
1192 2323 1290 2373 quod
1324 2335 1419 2361 uero
1451 2322 1618 2364 inferior

124 2383 312 2425 uideatur.
359 2384 618 2426 Concluditur
641 2386 702 2426 liic
724 2388 833 2427 locus
867 2387 924 2426 his
957 2387 1116 2427 uerbis:
1164 2387 1274 2428 ‘Hae
1297 2403 1365 2443 spe
1398 2397 1513 2444 atque
1546 2407 1616 2433 au-

124 2451 231 2490 dacia
264 2452 526 2493 inflammatus
559 2452 760 2494 Labienus
804 2470 890 2495 cum
935 2455 1129 2508 equitibus
1163 2454 1289 2497 Gallis
1325 2456 1616 2513 Germanisque

125 2516 241 2559 MDC
259 2550 268 2567 ‚
303 2520 564 2562 Numidarum
596 2522 680 2561 sine
704 2523 834 2566 frenis
854 2521 930 2563 VII
952 2523 1107 2563 milibus
1124 2554 1133 2572 ,
1170 2532 1374 2578 praeterea
1395 2525 1614 2568 Petreiano

126 2586 272 2626 auxilio
295 2589 466 2629 adhibito
490 2591 684 2643 equitibus
708 2588 827 2631 MDC
845 2623 855 2639 ,
892 2592 1056 2644 peditum
1081 2606 1125 2631 ac
1147 2592 1246 2633 leuis
1269 2601 1495 2635 armaturae
1518 2610 1611 2648 qua-

126 2659 185 2691 ter
207 2660 313 2694 tanto
330 2687 340 2705 ,
366 2659 580 2712 sagittariis
605 2673 649 2698 ao
673 2659 935 2700 funditoribus
959 2660 1304 2714 hippotoxotisque
1327 2664 1609 2717 compluribus,

126 2719 182 2759 liis
206 2722 323 2773 copiis
345 2722 382 2763 II
404 2726 440 2764 d.
465 2725 575 2766 Non.
601 2725 686 2766 lau.
713 2734 802 2780 post
824 2728 921 2768 diem
946 2726 1005 2768 VI
1021 2759 1030 2776 ,
1057 2743 1169 2781 quam
1192 2729 1370 2770 Africam
1394 2732 1546 2784 attigit,
1572 2732 1611 2771 in

123 2788 266 2840 campis
290 2791 525 2842 planissimis
562 2794 861 2848 purissimisque
884 2795 930 2836 ab
955 2796 1047 2835 hora
1072 2796 1148 2836 diei
1174 2797 1309 2849 quinta
1332 2812 1455 2850 usque
1477 2800 1521 2838 ad
1546 2813 1610 2839 so-

125 2854 168 2893 tis
191 2869 371 2896 occasum
394 2866 454 2899 est
475 2862 744 2902 decertatum'.
772 2861 814 2902 Iu
839 2863 896 2902 his
920 2863 1052 2903 uerbis
1076 2864 1135 2904 bis
1158 2864 1204 2905 ab
1226 2865 1404 2905 instituta
1427 2866 1607 2907 oratione
