1835 3240
130 161 215 204 640
656 159 827 201 BELLl
848 158 1091 202 ALEXAN
1096 158 1233 202 DRlN
1237 160 1253 202 1

206 282 266 316 tes
289 271 479 315 Germani
501 273 667 328 dispersi
689 273 789 313 uada
812 272 1050 327 [fluminum]
1073 281 1308 326 quaerentes
1329 274 1469 329 partim
1487 273 1693 315 demissio-

206 342 316 384 ribus
337 342 433 397 ripis
454 342 596 382 ssumen
619 347 828 380 tranarunt
842 371 852 390 ‚
886 347 926 380 et
945 340 1155 395 legionarii
1176 341 1328 394 magnis
1350 342 1557 383 arboribus
1581 341 1691 382 exci-

207 410 262 452 sis
279 441 290 459 ‚
327 424 426 464 quae
457 408 699 462 longitudine
720 414 927 461 utramque
948 409 1072 462 ripam
1095 409 1394 462 contingerent,
1431 410 1616 464 proiectis
1638 411 1691 450 iis

159 476 184 520 5
206 479 487 533 repentinoque
509 489 653 529 aggere
674 475 819 516 iniecto
840 475 984 516 flumen
1005 477 1264 517 transierunt.
1307 473 1484 528 Quorum
1504 478 1691 532 impetum

206 547 303 588 adeo
326 546 614 600 pertimuerunt
635 543 784 594 hostes,
813 550 856 583 ut
877 544 918 584 in
940 545 1032 598 fuga
1053 558 1160 598 spem
1183 543 1319 584 salutis
1343 545 1596 595 collocarent,
1620 546 1688 586 sed
1720 552 1739 584 5

205 615 243 654 id
275 616 445 654 frustra:
480 625 647 665 namque
679 625 732 652 ex
760 625 807 652 ea
838 612 930 665 fuga
958 612 1071 665 pauci
1094 612 1141 652 ad
1164 625 1298 665 regem
1320 612 1551 666 refugerunt
1571 626 1693 667 paene

128 682 187 728 30
206 682 310 723 omni
323 681 474 734 reliqua
489 678 739 720 multitudine
754 679 978 720 interfecta.
1005 676 1158 720 Caesar
1173 693 1217 720 re
1234 679 1546 734 praeclarissime
1563 688 1690 733 gesta,

205 765 289 791 cum
313 748 483 790 subitum
505 747 717 788 aduentum
745 761 855 788 suum
878 747 1072 788 iudicaret
1092 762 1276 801 magnum
1300 754 1492 787 terrorem
1514 746 1695 788 Alexan-

157 818 186 861 2
207 817 327 858 drinis
349 816 601 866 iniecturum‚
628 816 807 870 protinus
830 815 959 856 uictor
980 816 1025 856 ad
1049 822 1179 856 castra
1200 816 1308 869 regis
1330 815 1541 869 pertendit.
1582 813 1693 856 Haec

207 899 293 926 cum
327 891 366 925 et
396 898 515 939 opere
542 897 683 935 magno
704 883 850 924 uallata
872 891 912 924 et
933 884 1008 924 loci
1030 891 1169 924 natura
1193 883 1341 923 munita
1363 883 1696 924 animaduerteret
1727 889 1768 923 10

205 953 502 1006 confertamque
524 959 764 992 armatorum
788 952 1070 992 multitudinem
1095 951 1325 992 collocatam
1346 951 1386 991 in
1404 951 1506 992 uallo
1523 951 1691 1002 uideret,

204 1021 334 1062 lassos
366 1021 510 1062 itinere
541 1034 586 1060 ac
617 1020 846 1074 proeliando
877 1020 1021 1061 milites
1051 1021 1097 1060 ad
1127 1020 1383 1075 oppugnanda
1407 1025 1537 1059 castra
1559 1033 1695 1059 succe-

205 1090 297 1131 dere
329 1088 470 1130 noluit.
512 1086 647 1141 Itaque
675 1103 754 1128 non
786 1103 929 1142 magno
964 1088 1176 1129 interuallo
1198 1088 1336 1129 relicto
1359 1086 1405 1127 ab
1429 1087 1542 1127 hoste
1563 1094 1692 1127 castra

157 1157 183 1199 3
205 1158 350 1213 posuit.
384 1155 552 1198 Postero
575 1157 636 1196 die
660 1156 880 1206 castellum,
897 1157 998 1210 quod
1019 1170 1092 1196 rex
1115 1156 1154 1196 in
1177 1156 1358 1210 proximo
1376 1155 1463 1195 uico
1482 1169 1560 1195 non
1576 1155 1693 1208 longe

205 1241 228 1267 a
269 1225 350 1266 suis
392 1225 533 1265 castris
566 1225 764 1264 munierat
795 1224 1044 1277 brachiisque
1076 1238 1163 1264 cum
1195 1237 1313 1276 opere
1345 1230 1566 1263 castrorum
1599 1238 1693 1263 con-
1726 1230 1766 1264 15

204 1295 391 1335 iunxerat
421 1292 498 1333 uici
530 1292 733 1332 obtinendi
766 1305 910 1342 causa,
944 1288 1097 1332 Caesar
1124 1291 1335 1345 adgressus
1368 1291 1546 1331 omnibus
1569 1290 1693 1344 copiis

203 1368 421 1416 expugnat,
438 1374 517 1400 non
538 1360 640 1414 quod
662 1360 815 1400 minore
836 1373 999 1400 numero
1021 1360 1185 1400 militum
1209 1359 1396 1413 consequi
1418 1358 1567 1398 difficile
1590 1360 1694 1399 factu

201 1436 386 1484 putaret,
419 1429 489 1470 sed
522 1435 565 1468 ut
595 1428 643 1469 ab
675 1441 722 1468 ea
753 1428 921 1468 uictoria
954 1428 1175 1482 perterritis
1197 1427 1482 1468 Alexandrinis
1514 1427 1693 1481 protinus

152 1498 181 1541 4
203 1505 333 1539 castra
355 1497 459 1552 regis
482 1503 746 1551 oppugnaret.
779 1495 917 1550 Itaque
940 1510 986 1537 eo
1009 1510 1141 1546 cursu,
1166 1511 1242 1550 quo
1256 1496 1499 1551 refugientes
1513 1494 1692 1535 Alexan-

203 1567 338 1607 drinos
370 1580 423 1607 ex
453 1565 618 1606 castello
648 1565 689 1605 in
721 1572 852 1605 castra
885 1571 978 1605 sunt
1008 1565 1151 1606 milites
1182 1564 1378 1614 insecuti,
1411 1562 1694 1604 munitionibus
1724 1569 1767 1603 20

156 1634 182 1676 5
204 1642 485 1676 successerunt
505 1633 774 1687 acerrimeque
796 1633 948 1674 eminus
972 1633 1157 1687 proeliari
1180 1638 1410 1687 coeperunt.
1453 1630 1618 1672 Duabus
1640 1644 1693 1671 ex

202 1703 379 1758 partibus
402 1703 531 1743 aditus
554 1702 856 1756 oppugnationis
880 1701 1026 1742 nostris
1049 1702 1240 1742 dabatur:
1266 1715 1364 1750 una,
1391 1714 1504 1753 quam
1526 1699 1691 1739 liberum

202 1786 405 1813 accessum
429 1770 575 1810 habere
599 1770 893 1820 demonstraui3
927 1769 1075 1820 altera,
1101 1783 1201 1822 quae
1223 1768 1420 1808 mediocre
1442 1766 1690 1808 interuallum

153 1838 181 1880 6
201 1840 306 1880 inter
327 1846 458 1879 castra
480 1845 518 1878 et
540 1838 681 1877 flumen
703 1836 839 1878 Nilum
864 1836 1044 1877 habebat.
1078 1835 1259 1877 Maxima
1281 1843 1320 1877 et
1341 1835 1577 1876 electissima
1593 1834 1691 1874 mul-

201 1908 328 1949 titudo
353 1906 718 1947 Alexandrinorum
751 1905 986 1945 defendebat
1017 1918 1102 1944 eam
1134 1912 1310 1958 partem,
1345 1917 1444 1957 quae
1466 1902 1690 1943 facillimum
1723 1909 1765 1943 25

152 1976 179 2019 7
201 1976 346 2016 aditum
369 1974 561 2023 babeba13
586 1973 793 2027 plurimum
816 1973 1072 2027 proficiebant
1092 1973 1133 2013 in
1155 1972 1392 2026 repellendis
1416 1971 1690 2011 uulnerandis-

202 2059 278 2098 que
301 2043 469 2091 nostris,
490 2041 553 2094 qui
576 2042 739 2095 regione
762 2041 932 2081 fluminis
945 2040 1031 2081 Nili
1054 2040 1379 2095 propugnabant:
1401 2039 1567 2080 diuersis
1585 2038 1688 2079 enim

201 2112 293 2154 telis
316 2110 442 2152 nostri
465 2109 706 2163 figebantur,
741 2109 897 2150 aduersi
920 2123 970 2149 ex
993 2109 1096 2149 uallo
1119 2116 1366 2158 castrorum,
1391 2107 1524 2148 auersi
1547 2120 1596 2146 ex
1619 2106 1689 2145 flu-

197 2182 302 2222 mine
318 2211 328 2230 ‚
361 2180 402 2220 in
434 2193 508 2232 quo
539 2178 684 2218 multae
709 2192 856 2228 naues,
890 2177 1106 2217 instructae
1128 2175 1389 2217 funditoribus
1413 2181 1452 2215 et
1473 2173 1689 2228 sagittariis

126 2250 181 2296 31
203 2256 361 2291 nostros
382 2245 667 2302 inpugnabant.
715 2244 883 2295 Caesar,
909 2260 994 2286 cum
1017 2246 1169 2285 uideret
1189 2244 1330 2284 milites
1353 2243 1482 2284 acrius
1504 2241 1689 2295 proeliari
1721 2248 1763 2281 30

204 2332 282 2360 non
313 2330 431 2373 posse
461 2329 533 2356 nec
555 2321 686 2355 tamen
709 2314 869 2354 multum
892 2313 1024 2370 profici
1048 2320 1208 2370 propter
1228 2313 1403 2353 locorum
1427 2310 1688 2350 difficultatem

347 2467 363 2500 1
384 2466 556 2498 fluminum
574 2476 594 2497 a
609 2465 639 2507 b,
660 2465 806 2497 fluminis
824 2475 859 2497 u.
880 2466 919 2497 P.
943 2466 1018 2498 194.
1160 2464 1179 2497 3
1196 2464 1238 2496 iis
1253 2472 1329 2505 ego,
1351 2471 1420 2493 om.
1433 2459 1532 2493 codd.
1553 2460 1593 2492 P.
1610 2459 1686 2492 194.

348 2518 366 2550 6
387 2528 471 2560 pene
490 2528 524 2549 α.
694 2518 734 2549 10
752 2517 1046 2549 animaduerteret
1063 2526 1084 2548 a
1104 2516 1121 2548 5
1141 2516 1252 2555 dett.‚·
1272 2514 1418 2546 animum
1438 2513 1639 2544 aduerteret
1656 2521 1685 2550 e,

204 2571 404 2604 aduerteret
423 2568 454 2599 b.
621 2568 662 2600 12
680 2577 718 2599 ac
738 2568 937 2609 proeliando
956 2578 1024 2599 om.
1047 2567 1078 2598 b.
1244 2565 1284 2597 16
1304 2565 1490 2605 adgressus
1508 2573 1543 2595 α.

205 2622 247 2655 17
266 2620 353 2664 quod
373 2629 393 2650 a
412 2621 447 2649 et
464 2620 516 2649 sic
535 2618 607 2649 ‘uel
624 2619 711 2660 quod
730 2619 762 2649 id
781 2629 865 2650 mss.
887 2617 987 2658 mei’,
1010 2628 1073 2660 quo
1093 2617 1125 2648 id
1144 2627 1234 2648 wius
1253 2616 1324 2647 det.
1345 2625 1379 2646 u.
1557 2613 1686 2645 minore

201 2687 223 2709 a
243 2675 340 2707 ‘mss.
360 2675 394 2703 el
412 2671 490 2702 edd.
511 2669 620 2712 qdd.’,
642 2671 763 2702 minori
782 2681 818 2702 u.
961 2670 1088 2702 sactum
1108 2670 1139 2701 b.
1280 2669 1324 2700 24
1342 2666 1523 2698 multitudo
1538 2666 1688 2697 Alexan-

203 2727 377 2759 drinorum
395 2734 429 2764 α,
451 2722 761 2755 Alexandrinorum
780 2723 960 2754 multitudo
972 2722 1050 2754 edd.
1192 2722 1234 2755 26
1249 2720 1427 2763 plurimum
1446 2719 1495 2750 ab
1508 2729 1526 2749 c
1544 2720 1563 2751 4
1582 2718 1685 2758 dett„

203 2778 382 2823 plurimum
402 2779 515 2806 autem
533 2783 569 2804 u.
748 2773 791 2806 28
810 2773 924 2804 auersi
943 2783 982 2804 ex
1003 2771 1138 2804 flumine
1157 2771 1233 2803 cod.
1254 2771 1423 2809 Brantz'i5
1442 2769 1546 2801 mersi
1565 2779 1606 2800 ex
1626 2769 1687 2800 ssu-

202 2832 291 2865 mine
311 2840 353 2870 a,
383 2826 507 2860 ‘mersi
526 2825 584 2856 uel
599 2825 769 2868 mersique
789 2826 878 2857 llum.
899 2835 984 2856 mss.
1005 2824 1105 2856 mei'.
1339 2822 1381 2855 30
1400 2820 1632 2865 inpugnabant
1649 2830 1683 2852 a.

345 2880 385 2913 31
407 2883 518 2911 tamen
537 2887 605 2910 om.
629 2877 659 2909 b.
