1835 3240
693 179 1121 220 —115—

158 294 272 335 stinis
295 293 506 339 acciderat,
522 292 585 344 qui
607 292 815 346 repentino
836 292 1043 333 latrocinio
1066 299 1181 346 atque
1202 294 1349 348 impetu
1372 311 1508 341 eorum
1530 312 1645 345 erant

159 360 364 414 oppressi'.
406 357 451 399 In
472 359 635 412 reliquis
658 360 845 413 scriptum
869 368 930 401 est
953 361 1115 414 ‘impetu
1138 362 1291 403 incolae
1314 364 1479 406 illorum'
1503 369 1645 412 leniter

157 429 196 468 in
218 427 448 480 quibusdam
479 427 607 467 medio
639 428 828 468 uocabulo
860 435 1060 482 corrupto.
1113 428 1242 470 Recte
1281 431 1356 471 iam
1390 432 1643 479 vascosanus

155 495 290 536 eiectis
312 495 454 535 incolis
474 495 595 535 edidit
620 496 781 549 ‘impetu
803 497 987 536 illorum'.

269 560 318 603 C.
346 563 397 604 13
428 564 579 604 initium
609 563 649 603 in
681 564 793 603 codd.
826 564 1028 617 utriusque
1060 565 1231 606 familiae
1261 566 1318 606 sic
1348 569 1535 623 scriptum
1559 580 1642 612 est:

157 628 267 670 ‘Non
289 630 510 671 intermittit
532 631 688 672 interim
711 631 906 672 cotidiana
928 631 1075 686 proelia
1096 632 1136 672 in
1159 642 1371 688 conspectu
1393 644 1647 692 utrorumque

155 706 371 739 castrorum
388 731 398 749 ,
432 713 530 752 quae
562 700 609 739 ad
631 699 732 740 uada
753 699 1023 752 transitusque
1046 700 1191 741 fiebant
1221 703 1399 756 paludis'.
1446 702 1491 744 Id
1518 706 1645 759 ipsum

155 767 309 820 probari
342 768 499 820 nequit:
532 782 621 808 nam
653 767 752 821 qnod
785 766 1088 821 Oudendorpius
1121 766 1334 810 Caesarem
1379 772 1528 825 proelia
1568 788 1647 815 non

153 835 414 875 intermisisse
435 835 610 888 intellegi
632 849 747 888 posse
769 835 975 889 opinatur,
1003 849 1130 888 neque
1152 838 1250 877 adeo
1273 839 1529 892 neglegenter
1547 842 1647 882 scri-

154 902 412 955 psitHirtius,
437 909 475 942 et
495 903 660 943 inferius
685 903 1114 944 ‘fiebant'demonstrat
1127 912 1273 944 certam
1299 921 1504 959 personam
1529 908 1576 948 ab
1599 923 1645 950 eo

154 984 231 1009 non
254 984 341 1010 esse
364 971 636 1024 significatam.
676 969 903 1011 Ponendum
929 977 1030 1019 erat,
1056 972 1156 1024 qnod
1178 973 1218 1012 in
1240 971 1372 1014 Haun.
1398 989 1457 1028 pr.
1481 976 1642 1029 legitur,

153 1037 464 1078 ‘inter111ittu11t'.
502 1037 541 1078 ld
566 1039 699 1079 eodem
723 1039 837 1079 modo
860 1040 962 1079 dixit
983 1036 1136 1080 Caesar
1155 1040 1194 1080 b.
1221 1039 1326 1081 Gall.
1351 1040 1384 1091 I,
1409 1041 1479 1093 38,
1504 1042 1528 1083 5
1554 1048 1647 1097 ‘qua

152 1105 543 1146 flumenintermittit'
563 1113 601 1146 et
616 1104 712 1146 Seu.
738 1107 852 1160 epist.
879 1105 952 1157 III,
976 1106 1002 1147 8
1024 1105 1134 1159 (29),
1158 1106 1184 1147 7
1222 1108 1343 1149 ‘uitia
1365 1109 1472 1160 eius,
1508 1112 1644 1152 etiam-

153 1173 187 1213 si
208 1188 285 1213 non
308 1174 509 1224 excidero,
533 1174 718 1214 inhibebo
735 1205 745 1224 ,
781 1174 814 1214 si
837 1189 915 1215 non
939 1175 1134 1223 desinent,
1159 1175 1448 1216 intermittent:
1475 1179 1646 1220 fortasse

151 1249 280 1281 autem
304 1248 344 1281 et
365 1242 567 1292 desinent,
602 1242 636 1282 si
668 1242 953 1283 intermittendi
976 1242 1300 1283 consuetudinem
1335 1245 1529 1286 fecerint'.
1583 1245 1645 1287 Ita

153 1310 255 1349 enim
281 1310 402 1349 uerba
426 1317 522 1349 ‘non
553 1310 759 1359 desinent,
793 1311 825 1350 si
854 1309 1130 1351 intermittent'
1167 1311 1403 1366 corrigenda
1433 1313 1641 1354 uidentur:

154 1377 324 1430 ineptule
357 1377 459 1417 enim
491 1375 644 1417 Seneca
672 1377 710 1416 id
743 1384 936 1430 tamquam
974 1385 1122 1418 certum
1153 1387 1344 1432 poneret,
1379 1382 1479 1433 quod
1513 1382 1645 1422 statim

155 1445 297 1485 mutari
321 1459 438 1498 posse
461 1444 675 1498 subiungit.

268 1511 317 1553 C.
345 1512 411 1562 14,
437 1512 462 1551 4
484 1512 623 1551 falsum
649 1526 726 1551 non
750 1519 860 1561 erat,
895 1514 995 1565 quod
1020 1512 1321 1568 Oudendorpius
1351 1515 1389 1555 in
1419 1516 1542 1569 prima
1563 1518 1645 1557 edi-

153 1580 260 1620 tione
282 1587 465 1634 posuerat
485 1597 494 1618 ε
523 1578 600 1618 ‘Ita
623 1594 707 1619 cum
732 1580 909 1633 paludem
931 1581 1156 1633 impeditam
1179 1596 1201 1621 a
1231 1583 1372 1622 castris
1396 1590 1527 1624 castra
1547 1585 1645 1625 diui-

152 1648 244 1687 dere
287 1651 404 1699 <quae
437 1646 667 1686 transeundi
700 1647 907 1686 difficultas
940 1648 1183 1689 celeritatem
1222 1650 1455 1704 insequendi
1487 1653 1643 1693 tardare

152 1718 302 1769 posset)
325 1722 439 1767 atque
461 1715 499 1755 id
521 1715 654 1768 iugum
671 1746 680 1764 ,
715 1716 814 1767 quod
838 1721 946 1754 trans
969 1716 1148 1768 paludem
1170 1731 1294 1770 paene
1316 1719 1364 1758 ad
1387 1718 1556 1759 hostium
1580 1734 1646 1760 ca-

151 1790 232 1823 stra
254 1784 493 1837 pertineret,
519 1783 708 1822 mediocri
731 1783 830 1822 ualle
852 1797 873 1823 a
896 1783 1040 1823 castris
1064 1797 1199 1824 eorum
1220 1784 1452 1826 intercisum
1474 1787 1644 1827 animum

151 1850 393 1897 aduerteret,
419 1850 598 1904 pontibus
622 1851 758 1904 palude
781 1858 985 1891 constrata
1008 1851 1187 1905 legiones
1210 1853 1408 1894 traducit'.
1451 1853 1499 1895 In
1521 1856 1645 1896 omni-

152 1918 221 1958 hus
250 1925 380 1958 tamen
411 1919 522 1959 codd.
558 1919 744 1972 scriptum
777 1925 836 1959 est
870 1919 1025 1972 ‘palude
1055 1920 1268 1974 impedita',
1294 1928 1334 1961 et
1358 1922 1579 1963 ‘diuideret'
1602 1924 1644 1964 in

152 1986 273 2027 Voss.
297 2001 355 2040 pr.
381 1985 497 2041 Egm.
522 1985 639 2027 Leid.
666 2001 723 2040 pr.
750 1985 858 2028 Scal.
886 1985 1025 2027 Cniae.
1048 1988 1260 2041 multisque
1283 1990 1561 2031 deterioribus.
1596 1989 1642 2032 In

152 2053 279 2108 Bong.
307 2068 365 2109 pr.
393 2055 487 2095 haec
509 2054 564 2094 ita
586 2056 789 2108 leguntur:
817 2055 887 2095 ‘ita
918 2055 1058 2108 palude
1080 2055 1266 2110 impedita
1298 2071 1318 2096 a
1342 2058 1483 2098 castris
1512 2066 1643 2100 castra

151 2123 238 2162 dum
263 2123 439 2172 uideret'3
465 2123 504 2162 in
528 2121 621 2162 Par.
647 2137 705 2176 pr.
734 2123 804 2163 ‘ita
827 2137 913 2163 eum
936 2123 1073 2175 palude
1094 2123 1281 2177 impedita
1304 2138 1325 2164 a
1349 2127 1490 2167 castris
1513 2134 1644 2168 castra

149 2191 236 2230 dum
261 2190 483 2241 diuideret'3
518 2192 557 2231 in
589 2190 722 2231 Haun.
749 2205 810 2245 pr.
838 2191 909 2230 ‘ita
933 2191 1072 2245 palude
1102 2192 1287 2245 impedita
1317 2200 1447 2234 castra
1479 2196 1642 2236 eastris-

150 2272 224 2312 que
247 2258 488 2298 dimitterent
509 2259 597 2299 dum
622 2259 840 2309 diuideret,
867 2273 918 2299 ex
940 2257 1034 2299 Par.
1060 2273 1140 2300 sec.
1167 2260 1423 2302 Acliaintrius
1435 2262 1531 2303 haec
1554 2277 1643 2317 pro-

150 2326 262 2366 tulit:
291 2327 360 2367 ‘ita
375 2341 459 2367 cum
483 2328 623 2381 palude
645 2327 829 2381 impedita
852 2334 982 2367 castra
1005 2327 1147 2367 castris
1171 2328 1520 2370 dimitterentdum
1543 2331 1641 2371 diui-

150 2395 332 2444 deretur',
358 2396 555 2448 passiuum
579 2395 853 2435 ‘diuideretur'
877 2408 929 2434 ex
961 2395 1033 2435 hoc
1065 2409 1189 2448 aeque
1220 2397 1317 2436 falso
1336 2427 1345 2444 ‚
1379 2404 1421 2436 ut
1450 2398 1639 2449 arbitror,

150 2469 262 2514 atque
295 2463 394 2517 quod
424 2463 524 2502 idem
556 2463 595 2502 in
617 2462 713 2503 Par.
739 2477 796 2517 pr.
822 2463 901 2516 legi
933 2463 1047 2502 dixit.
1099 2462 1173 2503 His
1206 2464 1480 2519 discrepantiis
1513 2472 1641 2506 motus

151 2527 450 2584 Oudendorpius
471 2531 512 2570 in
534 2531 660 2571 altera
681 2531 854 2571 editione
878 2538 957 2570 tres
981 2530 1200 2572 deteriores
1224 2533 1336 2572 codd.
1362 2540 1521 2573 secutus
1545 2533 1641 2573 haec

152 2597 298 2647 posuit:
328 2599 396 2638 ‘ita
419 2613 503 2637 cum
528 2599 665 2653 palude
688 2598 873 2652 impedita
894 2613 917 2639 a
938 2598 1082 2638 castris
1106 2606 1234 2640 castra
1257 2600 1554 2649 diuiderentur',
1575 2614 1641 2640 ea-

150 2663 311 2716 demque
334 2663 532 2706 Whittius
547 2698 556 2716 ‚
595 2667 670 2707 nisi
692 2667 791 2720 quod
816 2665 933 2705 ‘cum'
956 2666 1188 2719 particulam
1220 2674 1308 2721 post
1332 2667 1492 2708 ‘castra'
1514 2675 1640 2708 retra-

150 2729 224 2768 xit.
281 2729 386 2772 Haec
416 2734 462 2773 ad
495 2734 606 2774 codd.
632 2749 708 2775 non
731 2734 889 2788 propius
921 2734 1113 2775 accedunt
1142 2749 1254 2788 quam
1286 2749 1357 2784 ea,
1392 2749 1491 2788 quae
1527 2736 1638 2776 initio

149 2797 274 2849 posui,
300 2805 336 2837 et
360 2799 430 2839 hoc
453 2801 607 2842 nomine
633 2802 776 2842 uitiosa
797 2809 903 2851 sunt,
930 2803 1031 2854 quod
1055 2802 1179 2856 prima
1201 2803 1417 2843 enuntiatio
1440 2817 1493 2843 ex
1514 2802 1638 2844 Hirtii

147 2865 343 2905 sententia
365 2868 545 2920 ponitur,
582 2883 667 2909 cum
691 2869 964 2910 coniunctiuus
987 2870 1161 2910 adiuncti
1184 2870 1375 2910 enuntiati
1400 2875 1514 2922 ‘quae
1536 2870 1635 2910 diffi-

1305 2936 1331 2973 8
1346 2937 1360 2955 *ε
