1835 3240
85 899 125 931 10

88 1238 125 1270 15

86 1576 128 1608 20

574 162 757 205 COMM.
784 163 800 203 1
823 161 946 204 CAP.
971 161 1174 203 22-24.
1627 160 1707 204 505

155 284 285 329 liceat,
310 279 428 332 petit:
455 277 556 331 quod
579 278 624 318 de
647 291 717 318 sua
740 278 866 318 salute
887 274 1157 330 impetrauerit
1174 304 1184 324 ,
1218 274 1303 313 fore
1336 273 1452 313 etiam
1474 275 1634 329 reliquis

154 350 199 390 ad
223 361 330 388 suam
355 360 461 401 spem
484 345 646 395 solatio,
672 346 768 386 adeo
792 358 879 386 esse
901 343 1134 398 perterritos
1157 341 1382 388 nonnullos,
1408 348 1450 381 ut
1471 356 1564 382 suae
1577 343 1635 383 ui-

154 425 217 457 tae
239 415 372 455 durius
396 414 603 454 consulere
625 420 831 466 cogantur,
876 410 999 452 Facta
1021 417 1218 466 potestate
1240 408 1420 450 discedit.
1465 406 1631 459 Caesar,
1656 409 1714 455 23

156 484 221 524 ubi
243 483 358 532 luxit,
384 496 520 522 omues
543 489 750 521 senatores
767 487 1075 532 senatorumque
1097 479 1258 527 liberos,
1284 476 1461 517 tribunos
1475 476 1638 516 militum

159 552 383 605 equitesque
414 550 616 590 Romanos
648 551 693 589 ad
728 563 771 588 se
804 548 963 601 produci
986 547 1108 587 iubet.
1172 545 1300 586 Erant
1320 543 1638 598 -l-quinquagiuta
1660 542 1687 583 2

155 619 314 659 ordines
338 617 388 658 L.
414 617 637 668 Domitius,
663 617 711 658 P.
737 615 934 656 Lentulus
958 614 1170 668 Spinther,
1196 613 1247 654 L.
1273 613 1469 655 Vibullius
1492 611 1637 661 Rufus,

157 684 258 727 Sex.
286 685 500 738 Quintilius
523 685 656 727 Varus
678 691 884 738 quaestor,
913 682 962 723 L.
987 682 1184 732 Rubrius3
1212 688 1415 736 praeterea
1438 681 1537 721 filius
1560 679 1641 720 Do-

157 755 241 795 miti
264 756 408 808 aliique
439 753 659 807 complures
690 753 960 793 adolescentes
991 759 1030 791 et
1062 764 1228 803 magnus
1259 763 1447 789 numerus
1471 748 1641 802 equitum

157 822 424 863 Romanorum
448 829 487 862 et
509 822 761 861 decurionum
778 852 787 870 ,
825 834 921 873 quos
954 833 1007 859 ex
1037 818 1256 871 municipiis
1281 817 1477 858 Domitius
1501 830 1643 857 euoca-

158 897 282 931 uerat.
329 890 412 930 Hos
443 904 578 930 omnes
610 890 820 942 productos
853 903 874 928 a
905 885 1154 928 contumeliis
1187 886 1351 925 militum
1375 885 1643 938 conuiciisque
1665 882 1690 923 3

159 958 366 1014 prohibet,
392 972 515 1011 pauca
538 958 636 1011 apud
660 971 727 997 eos
752 957 937 1009 loquitur,
963 955 1064 1008 quod
1087 954 1159 994 sihi
1183 968 1204 993 a
1227 960 1338 1007 parte
1361 967 1492 993 eorum
1517 941 1641 1006 gratia

158 1026 282 1066 relata
305 1040 383 1065 non
414 1026 466 1064 sit
495 1039 564 1078 pro
595 1025 677 1065 suis
700 1025 738 1064 in
762 1038 831 1064 eos
854 1023 1036 1064 maximis
1059 1022 1283 1071 beneficiis3
1320 1021 1480 1060 dimittit
1508 1034 1644 1061 omnes

157 1093 389 1133 incolumes.
434 1090 505 1133 HS
528 1100 604 1140 LX,
629 1093 729 1146 quod
752 1093 970 1132 aduexerat
988 1090 1184 1131 Domitius
1206 1096 1322 1143 atque
1343 1089 1384 1128 in
1406 1088 1558 1142 publico
1581 1088 1647 1128 de·
1667 1087 1694 1127 4

159 1167 371 1217 posuerat,
396 1161 568 1201 adlatum
592 1162 637 1200 ad
662 1175 706 1201 se
734 1161 781 1200 ab
815 1160 944 1200 IIuiris
968 1158 1282 1200 Corfiniensibus
1304 1156 1480 1197 Domitio
1502 1155 1645 1205 reddit,

160 1244 209 1270 ne
233 1229 500 1270 continentior
530 1229 570 1269 in
591 1230 672 1269 uita
697 1229 893 1269 hominum
918 1242 1031 1281 quam
1055 1229 1093 1268 in
1116 1227 1279 1281 pecunia
1303 1225 1424 1266 fuisse
1448 1224 1644 1273 uideatur,

161 1297 235 1337 etsi
258 1312 340 1337 eam
366 1298 569 1350 pecuniam
600 1298 792 1350 publicam
824 1311 912 1337 esse
945 1295 1152 1336 constabat
1179 1295 1385 1347 datamque
1416 1307 1436 1332 a
1459 1291 1647 1345 Pompeio

162 1364 201 1404 in
230 1364 481 1418 stipendium.
535 1365 684 1405 Milites
709 1364 958 1405 Domitianos
991 1370 1281 1404 sacramentum
1315 1362 1412 1415 apud
1446 1375 1489 1401 se
1519 1360 1647 1400 dicere
1670 1356 1694 1398 5

161 1432 271 1472 iubet
292 1440 406 1486 atque
430 1447 476 1473 eo
499 1433 560 1473 die
583 1440 713 1473 castra
737 1440 867 1473 mouet
888 1433 1110 1485 iustumque
1132 1432 1207 1471 iter
1229 1429 1385 1469 conticit
1404 1436 1465 1468 VII
1488 1427 1647 1467 omuino

162 1501 244 1540 dies
267 1503 312 1540 ad
326 1498 544 1541 Corfinium
568 1509 832 1542 commoratus
855 1509 893 1541 et
914 1515 983 1554 per
1003 1501 1100 1540 fines
1123 1498 1457 1547 Marrucinorum,
1481 1495 1651 1536 Frenta-

160 1583 317 1618 norum,
341 1568 591 1610 Larinatium
614 1570 653 1609 in
676 1570 857 1623 Apuliam
886 1569 1082 1622 peruenit.

272 1635 483 1690 Pompeius
507 1637 565 1677 his
587 1637 703 1677 rebus
727 1638 911 1688 cognitis,
937 1649 1036 1689 quae
1059 1642 1173 1676 erant
1193 1634 1238 1674 ad
1254 1631 1470 1675 Corfinium
1493 1638 1644 1686 gestae,
1669 1629 1728 1674 24

161 1702 336 1744 Luceria
368 1705 631 1758 proficiscitur
654 1703 871 1745 Canusium
904 1712 1019 1757 atque
1053 1704 1143 1744 inde
1166 1701 1438 1743 Brundisium.
1504 1697 1650 1754 Copias
1671 1698 1699 1739 2

163 1772 331 1826 undique
364 1787 499 1814 omnes
522 1787 575 1813 ex
597 1773 711 1813 nouis
734 1773 949 1813 delectibus
972 1772 1019 1811 ad
1042 1785 1084 1811 se
1109 1771 1195 1826 cogi
1218 1770 1348 1819 iubet3
1383 1782 1523 1809 seruos
1539 1798 1550 1818 ,
1583 1781 1652 1822 pa·

163 1847 292 1881 stores
314 1848 442 1881 armat
461 1848 579 1894 atque
600 1842 650 1881 iis
674 1855 794 1895 equos
817 1840 1029 1881 adtribuit:
1056 1854 1109 1880 ex
1130 1840 1189 1880 his
1212 1838 1373 1879 circiter
1393 1844 1474 1877 CCC
1500 1835 1653 1890 equites

114 1938 120 1946 .
164 1908 334 1949 conficit.
378 1908 430 1949 L.
457 1908 632 1950 Manlius
665 1917 825 1964 praetor
846 1909 949 1950 Alba
981 1923 1068 1949 cum
1100 1906 1326 1949 cohortibus
1365 1919 1439 1946 sex
1460 1903 1650 1959 profugit,
1675 1901 1701 1944 3

309 2082 327 2113 4
349 2081 435 2113 luxit
451 2083 514 2122 ab,
537 2082 699 2113 illuxitu.
842 2087 1035 2115 senatorum
1056 2081 1183 2112 liberos
1197 2080 1228 2111 b.
1371 2079 1387 2109 5
1409 2076 1654 2119 qninquaginta

165 2132 301 2163 ordines
315 2134 430 2174 codd„
453 2136 619 2166 senatorii
638 2134 769 2167 ordinis
791 2145 832 2165 11.-
852 2136 1000 2176 quinque
1018 2133 1181 2164 senatorii
1199 2131 1328 2162 ordinis
1342 2131 1539 2166 Da112'51’115,·
1560 2126 1656 2169 quod

165 2186 216 2215 ila
231 2185 416 2225 probabile
435 2186 592 2225 uidebar,
614 2188 647 2217 si
664 2186 826 2217 senatorii
841 2190 928 2227 pos!
948 2186 1077 2216 ordinis
1098 2183 1423 2223 colloceluribsqne
1443 2191 1456 2211 s
1476 2179 1655 2210 ‹ea-cidisse

165 2238 409 2267 ewtstImetur.
551 2238 569 2269 6
591 2237 762 2269 Domicius
782 2248 815 2268 a.
956 2236 995 2267 L.
1018 2235 1189 2266 Vibullius
1210 2234 1375 2275 Scaliger
1393 2231 1579 2274 (Vibullius
1593 2229 1657 2262 Al-

166 2285 269 2327 dus)‚·
297 2286 336 2317 L.
359 2286 532 2319 Caecilius
552 2287 715 2330 Spinther
733 2299 753 2319 α
781 2289 828 2328 (ss
856 2287 1086 2329 (Ζθς.)6(1ιίε
1113 2286 1265 2327 Spinter)
1287 2286 1391 2316 ‘tm-S.
1412 2284 1484 2314 mei
1500 2279 1654 2321 omncs',

167 2349 235 2369 om.
256 2338 333 2370 edd.
352 2343 437 2371 ante
456 2340 537 2371 Αἶά.
563 2340 643 2372 ls'sd.
666 2351 695 2370 e.
721 2340 772 2380 15,
794 2341 826 2372 4.
847 2340 901 2375 34,
928 2341 954 2370 Ι.
975 2339 1037 2379 III,
1063 2339 1122 2377 10,
1147 2338 1175 2369 1.
1199 2337 1369 2368 Caecilius
1390 2345 1435 2365 ear
1457 2334 1531 2366 Cc'c.
1550 2333 1654 2365 Fam.

169 2389 263 2430 VIII,
283 2391 302 2422 8
319 2415 327 2430 ,
350 2392 367 2422 5
386 2392 586 2422 oscz‘tonler
602 2391 765 2422 Domitio
785 2392 966 2431 ascriptus
986 2394 1020 2421 e!
1038 2389 1166 2421 deinde
1185 2399 1260 2419 oum
1282 2388 1492 2428 cognomine
1511 2383 1659 2417 Lentuli

168 2439 283 2471 alieno
304 2441 379 2473 loco
399 2442 522 2474 illatus
539 2444 731 2484 genuinam
749 2444 966 2484 seripho-am
986 2440 1168 2482 eoepulz'sse
1186 2439 1344 2478 uidetur,
1365 2438 1456 2470 ulP.
1470 2437 1511 2470 46
1524 2437 1565 2468 de
1578 2435 1658 2468 Fir-

170 2503 225 2524 mo
243 2495 376 2524 monui.
518 2496 534 2527 7
557 2494 682 2526 Sextus
700 2504 735 2526 a.
875 2492 1001 2524 Domiti
1020 2503 1054 2524 α.
1196 2492 1216 2524 8
1235 2491 1454 2534 quamplures
1477 2499 1511 2521 a.

176 2543 210 2576 11
232 2544 294 2574 sibi
314 2549 430 2586 aperte
449 2555 483 2576 α.
628 2546 665 2577 13
686 2544 871 2576 incolomes
889 2553 923 2575 α.
1128 2542 1194 2574 ‘HS
1207 2553 1246 2574 cx
1260 2542 1355 2574 uelti
1370 2552 1410 2573 Lx
1429 2540 1482 2581 d',
1512 2539 1539 2571 H
1558 2549 1599 2572 nx
1613 2549 1654 2576 a,-

172 2607 213 2628 Lx
231 2596 372 2635 (omisso
392 2596 458 2638 HS)
477 2609 505 2638 e,
526 2598 694 2640 peculium
714 2608 754 2628 Lx
771 2606 934 2639 suprasc.
956 2595 1163 2638 stipendium
1184 2596 1215 2626 b.
1420 2593 1555 2636 publico
1578 2601 1598 2622 a
1614 2591 1654 2629 b,

174 2646 342 2688 publicum
362 2657 398 2678 u.
541 2649 578 2681 14
598 2649 749 2680 adlatum
768 2658 802 2679 α.
955 2646 1145 2678 duumuiris
1165 2645 1300 2685 Aldus;
1321 2646 1363 2677 iis
1381 2645 1466 2676 uiris
1484 2654 1518 2684 a,
1539 2643 1590 2674 his
1608 2641 1659 2673 ui-

174 2697 220 2728 ris
241 2697 258 2727 b
277 2696 355 2728 edd.
376 2701 459 2729 ante
477 2699 574 2739 Ald„
597 2699 647 2731 bis
667 2699 752 2731 uiris
772 2698 806 2730 d.
964 2697 1114 2729 reddidit
1134 2697 1165 2728 b.
1320 2696 1360 2728 16
1379 2693 1473 2736 esse]
1496 2694 1604 2725 fuisse
1624 2691 1656 2722 b.

320 2746 359 2779 19
380 2747 434 2789 ad]
455 2750 540 2790 apud
563 2750 594 2781 b.
735 2749 774 2783 21
797 2749 848 2780 his
867 2759 888 2780 a
907 2748 986 2780 edd.
1001 2751 1157 2790 priores,
1180 2748 1221 2778 iis
1239 2747 1277 2779 P.
1300 2746 1487 2779 Manutius
1506 2755 1540 2775 u.

176 2799 217 2831 23
238 2799 420 2831 dilectibus
439 2810 472 2831 α.
633 2801 676 2834 24
695 2806 796 2844 atque
815 2801 878 2832 hiis
899 2811 931 2841 α,
954 2806 1054 2844 atque
1076 2801 1126 2832 his
1145 2799 1223 2831 edd.
1409 2808 1448 2828 ex
1469 2796 1521 2827 his
1539 2805 1561 2826 a
1578 2793 1657 2826 edd.

179 2855 263 2884 ante
281 2851 364 2884 Ald.
386 2852 599 2894 Stephanus,
622 2864 662 2884 ex
682 2853 722 2884 iis
742 2853 857 2885 Aldus
877 2864 909 2884 τι.
1116 2854 1158 2884 25
1176 2851 1296 2883 Albam
1314 2860 1334 2881 a
1357 2851 1451 2880 ‘mssa
1468 2845 1658 2890 plerique'.
