<?xml version="1.0" encoding="UTF-8"?>
<!DOCTYPE html PUBLIC "-//W3C//DTD XHTML 1.0 Transitional//EN"
    "http://www.w3.org/TR/xhtml1/DTD/xhtml1-transitional.dtd">
<html xmlns="http://www.w3.org/1999/xhtml" xml:lang="en" lang="en">
 <head>
  <title>
</title>
<meta http-equiv="Content-Type" content="text/html;charset=utf-8" />
  <meta name='ocr-system' content='tesseract 3.04.00' />
  <meta name='ocr-capabilities' content='ocr_page ocr_carea ocr_par ocr_line ocrx_word'/>
</head>
<body>
  <div class='ocr_page' id='page_1' title='image "./commentarii00caesuoft_0714.png"; bbox 0 0 1835 3240; ppageno 0'>
   <div class='ocr_carea' id='block_1_1' title="bbox 139 205 1177 249">
    <p class='ocr_par' dir='ltr' id='par_1_1' title="bbox 139 205 1177 249">
     <span class='ocr_line' id='line_1_1' title="bbox 139 205 1177 249; baseline 0.001 -1"><span class='ocrx_word' id='word_1_1' title='bbox 139 205 221 248; x_wconf 85' lang='lat'><strong>704</strong></span> <span class='ocrx_word' id='word_1_2' title='bbox 727 206 899 249; x_wconf 89' lang='lat' dir='ltr'>BELLI</span> <span class='ocrx_word' id='word_1_3' title='bbox 929 205 1177 249; x_wconf 84' lang='lat' dir='ltr'><strong>AFRICAE</strong></span> 
     </span>
    </p>
   </div>
   <div class='ocr_carea' id='block_1_2' title="bbox 122 317 1691 2261">
    <p class='ocr_par' dir='ltr' id='par_1_2' title="bbox 215 317 1690 373">
     <span class='ocr_line' id='line_1_2' title="bbox 215 317 1690 373; baseline 0.003 -15"><span class='ocrx_word' id='word_1_4' title='bbox 215 317 391 372; x_wconf 88' lang='lat' dir='ltr'><strong>corporis</strong></span> <span class='ocrx_word' id='word_1_5' title='bbox 421 317 505 360; x_wconf 91' lang='lat' dir='ltr'><strong>eius</strong></span> <span class='ocrx_word' id='word_1_6' title='bbox 536 319 621 360; x_wconf 90' lang='lat' dir='ltr'><strong>sine</strong></span> <span class='ocrx_word' id='word_1_7' title='bbox 643 319 813 372; x_wconf 87' lang='lat' dir='ltr'><strong>tegmine</strong></span> <span class='ocrx_word' id='word_1_8' title='bbox 835 320 938 359; x_wconf 88' lang='lat' dir='ltr'><strong>nuda</strong></span> <span class='ocrx_word' id='word_1_9' title='bbox 958 320 1249 373; x_wconf 76' lang='lat' dir='ltr'>relinqueretur</span> <span class='ocrx_word' id='word_1_10' title='bbox 1263 351 1272 368; x_wconf 88' lang='lat'>‚</span> <span class='ocrx_word' id='word_1_11' title='bbox 1307 329 1348 361; x_wconf 92' lang='lat' dir='ltr'><strong>ut</strong></span> <span class='ocrx_word' id='word_1_12' title='bbox 1369 335 1415 362; x_wconf 91' lang='lat' dir='ltr'><strong>eo</strong></span> <span class='ocrx_word' id='word_1_13' title='bbox 1436 322 1512 363; x_wconf 90' lang='lat' dir='ltr'><strong>tela</strong></span> <span class='ocrx_word' id='word_1_14' title='bbox 1536 323 1690 364; x_wconf 89' lang='lat' dir='ltr'><strong>conice-</strong></span> 
     </span>
    </p>

    <p class='ocr_par' dir='ltr' id='par_1_3' title="bbox 131 385 1691 844">
     <span class='ocr_line' id='line_1_3' title="bbox 166 385 1690 443; baseline 0.003 -17"><span class='ocrx_word' id='word_1_15' title='bbox 166 385 191 425; x_wconf 87' lang='grc'><strong>5</strong></span> <span class='ocrx_word' id='word_1_16' title='bbox 212 392 374 437; x_wconf 86' lang='lat' dir='ltr'><strong>rentur,</strong></span> <span class='ocrx_word' id='word_1_17' title='bbox 406 394 613 440; x_wconf 86' lang='lat' dir='ltr'><strong>practerea</strong></span> <span class='ocrx_word' id='word_1_18' title='bbox 629 417 638 434; x_wconf 88' lang='lat'><strong>‚</strong></span> <span class='ocrx_word' id='word_1_19' title='bbox 672 393 714 425; x_wconf 91' lang='lat' dir='ltr'><strong>ut</strong></span> <span class='ocrx_word' id='word_1_20' title='bbox 734 387 907 426; x_wconf 90' lang='lat' dir='ltr'><strong>iumenta</strong></span> <span class='ocrx_word' id='word_1_21' title='bbox 926 387 1142 427; x_wconf 82' lang='lat' dir='ltr'><strong>bestiarum</strong></span> <span class='ocrx_word' id='word_1_22' title='bbox 1165 388 1324 428; x_wconf 91' lang='lat' dir='ltr'><strong>odorem</strong></span> <span class='ocrx_word' id='word_1_23' title='bbox 1346 389 1629 443; x_wconf 70' lang='lat' dir='ltr'>stridoremque</span> <span class='ocrx_word' id='word_1_24' title='bbox 1651 397 1690 430; x_wconf 95' lang='lat' dir='ltr'><strong>et</strong></span> 
     </span>
     <span class='ocr_line' id='line_1_4' title="bbox 164 451 1689 507; baseline 0.003 -15"><span class='ocrx_word' id='word_1_25' title='bbox 164 451 191 492; x_wconf 89' lang='grc'>6</span> <span class='ocrx_word' id='word_1_26' title='bbox 213 453 380 507; x_wconf 87' lang='lat' dir='ltr'><strong>speciem</strong></span> <span class='ocrx_word' id='word_1_27' title='bbox 414 453 698 493; x_wconf 87' lang='lat' dir='ltr'><strong>consuetudine</strong></span> <span class='ocrx_word' id='word_1_28' title='bbox 728 461 840 507; x_wconf 89' lang='lat' dir='ltr'><strong>capta</strong></span> <span class='ocrx_word' id='word_1_29' title='bbox 863 468 941 494; x_wconf 91' lang='lat' dir='ltr'><strong>non</strong></span> <span class='ocrx_word' id='word_1_30' title='bbox 962 455 1282 494; x_wconf 79' lang='lat' dir='ltr'>reformidarent.</span> <span class='ocrx_word' id='word_1_31' title='bbox 1326 453 1478 507; x_wconf 83' lang='lat' dir='ltr'><strong>Quibus</strong></span> <span class='ocrx_word' id='word_1_32' title='bbox 1500 470 1552 497; x_wconf 84' lang='lat' dir='ltr'><strong>ex</strong></span> <span class='ocrx_word' id='word_1_33' title='bbox 1571 457 1689 497; x_wconf 89' lang='lat' dir='ltr'><strong>rebus</strong></span> 
     </span>
     <span class='ocr_line' id='line_1_5' title="bbox 210 519 1690 577; baseline 0.003 -17"><span class='ocrx_word' id='word_1_34' title='bbox 210 520 375 574; x_wconf 87' lang='lat' dir='ltr'><strong>largiter</strong></span> <span class='ocrx_word' id='word_1_35' title='bbox 405 528 491 561; x_wconf 86' lang='lat' dir='ltr'><strong>erat</strong></span> <span class='ocrx_word' id='word_1_36' title='bbox 520 527 773 560; x_wconf 85' lang='lat' dir='ltr'><strong>consecutus.</strong></span> <span class='ocrx_word' id='word_1_37' title='bbox 818 519 924 561; x_wconf 90' lang='lat' dir='ltr'><strong>Nam</strong></span> <span class='ocrx_word' id='word_1_38' title='bbox 946 527 985 561; x_wconf 92' lang='lat' dir='ltr'><strong>et</strong></span> <span class='ocrx_word' id='word_1_39' title='bbox 1005 521 1148 562; x_wconf 90' lang='lat' dir='ltr'><strong>milites</strong></span> <span class='ocrx_word' id='word_1_40' title='bbox 1170 521 1318 561; x_wconf 75' lang='lat' dir='ltr'>bestias</span> <span class='ocrx_word' id='word_1_41' title='bbox 1341 522 1517 562; x_wconf 91' lang='lat' dir='ltr'><strong>manibus</strong></span> <span class='ocrx_word' id='word_1_42' title='bbox 1540 531 1690 577; x_wconf 80' lang='lat' dir='ltr'><strong>pertra-</strong></span> 
     </span>
     <span class='ocr_line' id='line_1_6' title="bbox 209 588 1684 645; baseline 0.002 -17"><span class='ocrx_word' id='word_1_43' title='bbox 209 588 367 628; x_wconf 88' lang='lat' dir='ltr'><strong>ctabant</strong></span> <span class='ocrx_word' id='word_1_44' title='bbox 394 601 605 638; x_wconf 91' lang='lat' dir='ltr'><strong>earumque</strong></span> <span class='ocrx_word' id='word_1_45' title='bbox 626 588 851 628; x_wconf 79' lang='lat' dir='ltr'>tarditatem</span> <span class='ocrx_word' id='word_1_46' title='bbox 874 588 1180 642; x_wconf 80' lang='lat' dir='ltr'>cognoscebant,</span> <span class='ocrx_word' id='word_1_47' title='bbox 1210 589 1437 642; x_wconf 81' lang='lat' dir='ltr'><strong>equitesque</strong></span> <span class='ocrx_word' id='word_1_48' title='bbox 1458 589 1498 629; x_wconf 91' lang='grc'><strong>111</strong></span> <span class='ocrx_word' id='word_1_49' title='bbox 1519 603 1586 630; x_wconf 88' lang='grc'><strong>005</strong></span> <span class='ocrx_word' id='word_1_50' title='bbox 1608 592 1684 645; x_wconf 89' lang='lat' dir='ltr'><strong>pila</strong></span> 
     </span>
     <span class='ocr_line' id='line_1_7' title="bbox 209 653 1689 710; baseline 0.002 -15"><span class='ocrx_word' id='word_1_51' title='bbox 209 655 422 709; x_wconf 86' lang='lat' dir='ltr'><strong>praepilata</strong></span> <span class='ocrx_word' id='word_1_52' title='bbox 462 653 732 705; x_wconf 80' lang='lat' dir='ltr'><strong>coniciebant,</strong></span> <span class='ocrx_word' id='word_1_53' title='bbox 776 663 892 708; x_wconf 90' lang='lat' dir='ltr'><strong>atque</strong></span> <span class='ocrx_word' id='word_1_54' title='bbox 922 656 963 696; x_wconf 89' lang='lat' dir='ltr'><strong>in</strong></span> <span class='ocrx_word' id='word_1_55' title='bbox 994 657 1317 697; x_wconf 77' lang='lat' dir='ltr'><strong>consuetudinem</strong></span> <span class='ocrx_word' id='word_1_56' title='bbox 1350 669 1469 709; x_wconf 90' lang='lat' dir='ltr'><strong>equos</strong></span> <span class='ocrx_word' id='word_1_57' title='bbox 1502 657 1689 710; x_wconf 88' lang='lat' dir='ltr'><strong>patientia</strong></span> 
     </span>
     <span class='ocr_line' id='line_1_8' title="bbox 131 720 1686 777; baseline 0.001 -14"><span class='ocrx_word' id='word_1_58' title='bbox 131 722 188 766; x_wconf 85' lang='grc'><strong>’73</strong></span> <span class='ocrx_word' id='word_1_59' title='bbox 207 722 419 763; x_wconf 89' lang='lat' dir='ltr'><strong>bestiarum</strong></span> <span class='ocrx_word' id='word_1_60' title='bbox 449 721 684 761; x_wconf 80' lang='lat' dir='ltr'><strong>adduxerat.</strong></span> <span class='ocrx_word' id='word_1_61' title='bbox 730 720 792 763; x_wconf 90' lang='lat' dir='ltr'><strong>Ob</strong></span> <span class='ocrx_word' id='word_1_62' title='bbox 824 722 893 763; x_wconf 87' lang='lat' dir='ltr'><strong>has</strong></span> <span class='ocrx_word' id='word_1_63' title='bbox 923 737 1085 772; x_wconf 79' lang='lat' dir='ltr'><strong>causas,</strong></span> <span class='ocrx_word' id='word_1_64' title='bbox 1112 738 1207 776; x_wconf 88' lang='lat' dir='ltr'><strong>quas</strong></span> <span class='ocrx_word' id='word_1_65' title='bbox 1230 737 1346 777; x_wconf 88' lang='lat' dir='ltr'><strong>supra</strong></span> <span class='ocrx_word' id='word_1_66' title='bbox 1369 727 1686 775; x_wconf 88' lang='lat' dir='ltr'><strong>commemoraui,</strong></span> 
     </span>
     <span class='ocr_line' id='line_1_9' title="bbox 206 786 1691 844; baseline 0.001 -14"><span class='ocrx_word' id='word_1_67' title='bbox 206 789 489 830; x_wconf 80' lang='lat' dir='ltr'><strong>sollicitabatur</strong></span> <span class='ocrx_word' id='word_1_68' title='bbox 508 786 660 829; x_wconf 88' lang='lat' dir='ltr'><strong>Caesar</strong></span> <span class='ocrx_word' id='word_1_69' title='bbox 689 791 916 844; x_wconf 83' lang='lat' dir='ltr'><strong>tardiorque</strong></span> <span class='ocrx_word' id='word_1_70' title='bbox 948 798 985 831; x_wconf 87' lang='lat' dir='ltr'><strong>et</strong></span> <span class='ocrx_word' id='word_1_71' title='bbox 1015 791 1301 831; x_wconf 88' lang='lat' dir='ltr'><strong>consideratior</strong></span> <span class='ocrx_word' id='word_1_72' title='bbox 1321 798 1408 830; x_wconf 91' lang='lat' dir='ltr'><strong>erat</strong></span> <span class='ocrx_word' id='word_1_73' title='bbox 1428 792 1554 831; x_wconf 83' lang='lat' dir='ltr'><strong>factus</strong></span> <span class='ocrx_word' id='word_1_74' title='bbox 1577 799 1616 832; x_wconf 86' lang='lat' dir='ltr'><strong>et</strong></span> <span class='ocrx_word' id='word_1_75' title='bbox 1637 806 1691 832; x_wconf 81' lang='lat' dir='ltr'><strong>ex</strong></span> 
     </span>
    </p>

    <p class='ocr_par' dir='ltr' id='par_1_4' title="bbox 157 856 1688 1047">
     <span class='ocr_line' id='line_1_10' title="bbox 157 856 1684 911; baseline 0.001 -14"><span class='ocrx_word' id='word_1_76' title='bbox 157 856 186 897; x_wconf 79' lang='lat'>2</span> <span class='ocrx_word' id='word_1_77' title='bbox 207 856 372 910; x_wconf 85' lang='lat' dir='ltr'><strong>pristina</strong></span> <span class='ocrx_word' id='word_1_78' title='bbox 383 856 552 896; x_wconf 92' lang='lat' dir='ltr'><strong>bellandi</strong></span> <span class='ocrx_word' id='word_1_79' title='bbox 566 858 850 898; x_wconf 89' lang='lat' dir='ltr'><strong>consuetudine</strong></span> <span class='ocrx_word' id='word_1_80' title='bbox 865 857 1144 911; x_wconf 89' lang='lat' dir='ltr'><strong>eeleritateque</strong></span> <span class='ocrx_word' id='word_1_81' title='bbox 1159 866 1404 899; x_wconf 81' lang='lat' dir='ltr'><strong>excesserat.</strong></span> <span class='ocrx_word' id='word_1_82' title='bbox 1429 857 1517 899; x_wconf 85' lang='lat' dir='ltr'><strong>Nee</strong></span> <span class='ocrx_word' id='word_1_83' title='bbox 1531 859 1684 898; x_wconf 90' lang='lat' dir='ltr'><strong>mirum.</strong></span> 
     </span>
     <span class='ocr_line' id='line_1_11' title="bbox 205 921 1688 980; baseline 0.001 -16"><span class='ocrx_word' id='word_1_84' title='bbox 205 921 351 977; x_wconf 90' lang='lat' dir='ltr'><strong>Copias</strong></span> <span class='ocrx_word' id='word_1_85' title='bbox 373 923 476 964; x_wconf 92' lang='lat' dir='ltr'><strong>enim</strong></span> <span class='ocrx_word' id='word_1_86' title='bbox 500 924 664 964; x_wconf 88' lang='lat' dir='ltr'><strong>habebat</strong></span> <span class='ocrx_word' id='word_1_87' title='bbox 685 926 724 964; x_wconf 91' lang='lat' dir='ltr'><strong>in</strong></span> <span class='ocrx_word' id='word_1_88' title='bbox 740 923 871 965; x_wconf 86' lang='lat' dir='ltr'><strong>Gallia</strong></span> <span class='ocrx_word' id='word_1_89' title='bbox 893 925 1039 966; x_wconf 91' lang='lat' dir='ltr'><strong>bellare</strong></span> <span class='ocrx_word' id='word_1_90' title='bbox 1063 933 1270 966; x_wconf 88' lang='lat' dir='ltr'><strong>consuetas</strong></span> <span class='ocrx_word' id='word_1_91' title='bbox 1291 926 1386 966; x_wconf 91' lang='lat' dir='ltr'><strong>locis</strong></span> <span class='ocrx_word' id='word_1_92' title='bbox 1404 927 1688 980; x_wconf 86' lang='lat' dir='ltr'><strong>campestribus</strong></span> 
     </span>
     <span class='ocr_line' id='line_1_12' title="bbox 204 989 1686 1047; baseline 0.002 -17"><span class='ocrx_word' id='word_1_93' title='bbox 204 997 244 1030; x_wconf 93' lang='lat' dir='ltr'><strong>ct</strong></span> <span class='ocrx_word' id='word_1_94' title='bbox 265 998 403 1031; x_wconf 87' lang='lat' dir='ltr'><strong>contra</strong></span> <span class='ocrx_word' id='word_1_95' title='bbox 426 989 586 1043; x_wconf 85' lang='lat' dir='ltr'><strong>Gallos,</strong></span> <span class='ocrx_word' id='word_1_96' title='bbox 626 992 801 1033; x_wconf 88' lang='lat' dir='ltr'><strong>homines</strong></span> <span class='ocrx_word' id='word_1_97' title='bbox 824 1000 979 1046; x_wconf 92' lang='lat' dir='ltr'><strong>apertos</strong></span> <span class='ocrx_word' id='word_1_98' title='bbox 1002 993 1235 1046; x_wconf 88' lang='lat' dir='ltr'><strong>minimeque</strong></span> <span class='ocrx_word' id='word_1_99' title='bbox 1257 993 1468 1034; x_wconf 88' lang='lat' dir='ltr'><strong>insidiosos</strong></span> <span class='ocrx_word' id='word_1_100' title='bbox 1484 1023 1494 1043; x_wconf 94' lang='lat'><strong>,</strong></span> <span class='ocrx_word' id='word_1_101' title='bbox 1531 994 1595 1046; x_wconf 89' lang='lat' dir='ltr'><strong>qui</strong></span> <span class='ocrx_word' id='word_1_102' title='bbox 1617 1007 1686 1047; x_wconf 90' lang='lat' dir='ltr'><strong>per</strong></span> 
     </span>
    </p>

    <p class='ocr_par' dir='ltr' id='par_1_5' title="bbox 155 1056 1687 1451">
     <span class='ocr_line' id='line_1_13' title="bbox 156 1056 1686 1113; baseline 0.002 -15"><span class='ocrx_word' id='word_1_103' title='bbox 156 1056 180 1098; x_wconf 89' lang='lat'><strong>3</strong></span> <span class='ocrx_word' id='word_1_104' title='bbox 206 1059 416 1109; x_wconf 85' lang='lat' dir='ltr'><strong>uirtutem,</strong></span> <span class='ocrx_word' id='word_1_105' title='bbox 442 1073 520 1099; x_wconf 92' lang='lat' dir='ltr'><strong>non</strong></span> <span class='ocrx_word' id='word_1_106' title='bbox 542 1073 610 1113; x_wconf 86' lang='lat' dir='ltr'><strong>per</strong></span> <span class='ocrx_word' id='word_1_107' title='bbox 632 1060 758 1100; x_wconf 90' lang='lat' dir='ltr'><strong>dolum</strong></span> <span class='ocrx_word' id='word_1_108' title='bbox 783 1060 967 1100; x_wconf 87' lang='lat' dir='ltr'><strong>dimicare</strong></span> <span class='ocrx_word' id='word_1_109' title='bbox 990 1067 1255 1110; x_wconf 68' lang='lat' dir='ltr'><strong>consuerunt,</strong></span> <span class='ocrx_word' id='word_1_110' title='bbox 1287 1068 1366 1100; x_wconf 92' lang='lat' dir='ltr'><strong>tum</strong></span> <span class='ocrx_word' id='word_1_111' title='bbox 1388 1068 1519 1101; x_wconf 90' lang='lat' dir='ltr'><strong>autem</strong></span> <span class='ocrx_word' id='word_1_112' title='bbox 1542 1068 1631 1101; x_wconf 90' lang='lat' dir='ltr'><strong>erat</strong></span> <span class='ocrx_word' id='word_1_113' title='bbox 1651 1061 1686 1101; x_wconf 92' lang='lat' dir='ltr'><strong>ei</strong></span> 
     </span>
     <span class='ocr_line' id='line_1_14' title="bbox 202 1125 1686 1179; baseline 0.002 -15"><span class='ocrx_word' id='word_1_114' title='bbox 202 1125 452 1167; x_wconf 87' lang='lat' dir='ltr'><strong>laborandum</strong></span> <span class='ocrx_word' id='word_1_115' title='bbox 468 1157 478 1176; x_wconf 95' lang='lat'><strong>,</strong></span> <span class='ocrx_word' id='word_1_116' title='bbox 503 1134 544 1166; x_wconf 90' lang='lat' dir='ltr'><strong>ut</strong></span> <span class='ocrx_word' id='word_1_117' title='bbox 566 1129 864 1168; x_wconf 83' lang='lat' dir='ltr'><strong>consuefaceret</strong></span> <span class='ocrx_word' id='word_1_118' title='bbox 884 1127 1025 1168; x_wconf 82' lang='lat' dir='ltr'><strong>milites</strong></span> <span class='ocrx_word' id='word_1_119' title='bbox 1048 1128 1217 1167; x_wconf 91' lang='lat' dir='ltr'><strong>hostium</strong></span> <span class='ocrx_word' id='word_1_120' title='bbox 1240 1128 1365 1178; x_wconf 88' lang='lat' dir='ltr'><strong>dolos,</strong></span> <span class='ocrx_word' id='word_1_121' title='bbox 1389 1128 1570 1179; x_wconf 86' lang='lat' dir='ltr'><strong>insidias,</strong></span> <span class='ocrx_word' id='word_1_122' title='bbox 1594 1130 1686 1168; x_wconf 89' lang='lat' dir='ltr'><strong>arti-</strong></span> 
     </span>
     <span class='ocr_line' id='line_1_15' title="bbox 155 1191 1685 1248; baseline 0.001 -15"><span class='ocrx_word' id='word_1_123' title='bbox 155 1191 182 1232; x_wconf 84' lang='grc'>4</span> <span class='ocrx_word' id='word_1_124' title='bbox 204 1193 291 1233; x_wconf 88' lang='lat' dir='ltr'><strong>ficia</strong></span> <span class='ocrx_word' id='word_1_125' title='bbox 313 1208 554 1248; x_wconf 85' lang='lat' dir='ltr'><strong>cognoscere</strong></span> <span class='ocrx_word' id='word_1_126' title='bbox 577 1202 616 1234; x_wconf 92' lang='lat' dir='ltr'><strong>et</strong></span> <span class='ocrx_word' id='word_1_127' title='bbox 637 1195 726 1247; x_wconf 92' lang='lat' dir='ltr'><strong>quid</strong></span> <span class='ocrx_word' id='word_1_128' title='bbox 749 1195 874 1247; x_wconf 91' lang='lat' dir='ltr'><strong>sequi,</strong></span> <span class='ocrx_word' id='word_1_129' title='bbox 892 1195 982 1247; x_wconf 89' lang='lat' dir='ltr'><strong>quid</strong></span> <span class='ocrx_word' id='word_1_130' title='bbox 1004 1195 1132 1235; x_wconf 90' lang='lat' dir='ltr'><strong>uitare</strong></span> <span class='ocrx_word' id='word_1_131' title='bbox 1154 1195 1399 1235; x_wconf 83' lang='lat' dir='ltr'><strong>conueniret.</strong></span> <span class='ocrx_word' id='word_1_132' title='bbox 1433 1194 1584 1248; x_wconf 88' lang='lat' dir='ltr'><strong>Itaque,</strong></span> <span class='ocrx_word' id='word_1_133' title='bbox 1610 1209 1685 1248; x_wconf 90' lang='lat' dir='ltr'><strong>quo</strong></span> 
     </span>
     <span class='ocr_line' id='line_1_16' title="bbox 203 1260 1687 1315; baseline 0.002 -15"><span class='ocrx_word' id='word_1_134' title='bbox 203 1260 299 1300; x_wconf 87' lang='lat' dir='ltr'><strong>haec</strong></span> <span class='ocrx_word' id='word_1_135' title='bbox 323 1262 491 1301; x_wconf 89' lang='lat' dir='ltr'><strong>celerius</strong></span> <span class='ocrx_word' id='word_1_136' title='bbox 514 1262 792 1314; x_wconf 87' lang='lat' dir='ltr'><strong>conciperent,</strong></span> <span class='ocrx_word' id='word_1_137' title='bbox 827 1261 943 1301; x_wconf 91' lang='lat' dir='ltr'><strong>dabat</strong></span> <span class='ocrx_word' id='word_1_138' title='bbox 974 1275 1131 1315; x_wconf 85' lang='lat' dir='ltr'><strong>operam</strong></span> <span class='ocrx_word' id='word_1_139' title='bbox 1148 1292 1158 1310; x_wconf 91' lang='lat'><strong>,</strong></span> <span class='ocrx_word' id='word_1_140' title='bbox 1184 1269 1227 1301; x_wconf 90' lang='lat' dir='ltr'><strong>ut</strong></span> <span class='ocrx_word' id='word_1_141' title='bbox 1248 1261 1424 1315; x_wconf 84' lang='lat' dir='ltr'><strong>legiones</strong></span> <span class='ocrx_word' id='word_1_142' title='bbox 1447 1277 1524 1302; x_wconf 92' lang='lat' dir='ltr'><strong>non</strong></span> <span class='ocrx_word' id='word_1_143' title='bbox 1546 1263 1586 1302; x_wconf 92' lang='lat' dir='ltr'><strong>in</strong></span> <span class='ocrx_word' id='word_1_144' title='bbox 1609 1276 1687 1303; x_wconf 93' lang='lat' dir='ltr'><strong>uno</strong></span> 
     </span>
     <span class='ocr_line' id='line_1_17' title="bbox 200 1328 1686 1384; baseline 0.002 -17"><span class='ocrx_word' id='word_1_145' title='bbox 200 1328 287 1367; x_wconf 93' lang='lat' dir='ltr'><strong>loco</strong></span> <span class='ocrx_word' id='word_1_146' title='bbox 311 1328 543 1377; x_wconf 90' lang='lat' dir='ltr'><strong>contineret,</strong></span> <span class='ocrx_word' id='word_1_147' title='bbox 564 1329 629 1367; x_wconf 89' lang='lat' dir='ltr'><strong>sed</strong></span> <span class='ocrx_word' id='word_1_148' title='bbox 653 1342 723 1381; x_wconf 91' lang='lat' dir='ltr'><strong>per</strong></span> <span class='ocrx_word' id='word_1_149' title='bbox 744 1341 902 1368; x_wconf 85' lang='lat' dir='ltr'><strong>causam</strong></span> <span class='ocrx_word' id='word_1_150' title='bbox 927 1329 1189 1369; x_wconf 83' lang='lat' dir='ltr'><strong>frumentandi</strong></span> <span class='ocrx_word' id='word_1_151' title='bbox 1212 1329 1285 1368; x_wconf 90' lang='lat' dir='ltr'><strong>huc</strong></span> <span class='ocrx_word' id='word_1_152' title='bbox 1307 1335 1422 1382; x_wconf 86' lang='lat' dir='ltr'><strong>atque</strong></span> <span class='ocrx_word' id='word_1_153' title='bbox 1443 1329 1535 1370; x_wconf 89' lang='lat' dir='ltr'><strong>illuc</strong></span> <span class='ocrx_word' id='word_1_154' title='bbox 1556 1337 1686 1384; x_wconf 90' lang='lat' dir='ltr'><strong>rapta-</strong></span> 
     </span>
     <span class='ocr_line' id='line_1_18' title="bbox 199 1395 1684 1451; baseline 0.001 -16"><span class='ocrx_word' id='word_1_155' title='bbox 199 1402 276 1445; x_wconf 88' lang='lat' dir='ltr'><strong>ret,</strong></span> <span class='ocrx_word' id='word_1_156' title='bbox 292 1396 380 1436; x_wconf 90' lang='lat' dir='ltr'><strong>ideo</strong></span> <span class='ocrx_word' id='word_1_157' title='bbox 403 1395 504 1448; x_wconf 89' lang='lat' dir='ltr'><strong>quod</strong></span> <span class='ocrx_word' id='word_1_158' title='bbox 525 1395 694 1435; x_wconf 91' lang='lat' dir='ltr'><strong>hostium</strong></span> <span class='ocrx_word' id='word_1_159' title='bbox 717 1396 850 1450; x_wconf 90' lang='lat' dir='ltr'><strong>copias</strong></span> <span class='ocrx_word' id='word_1_160' title='bbox 873 1396 919 1436; x_wconf 90' lang='lat' dir='ltr'><strong>ab</strong></span> <span class='ocrx_word' id='word_1_161' title='bbox 937 1409 980 1436; x_wconf 90' lang='lat' dir='ltr'><strong>se</strong></span> <span class='ocrx_word' id='word_1_162' title='bbox 999 1410 1146 1449; x_wconf 88' lang='lat' dir='ltr'><strong>suoque</strong></span> <span class='ocrx_word' id='word_1_163' title='bbox 1161 1397 1328 1451; x_wconf 89' lang='lat' dir='ltr'><strong>uestigio</strong></span> <span class='ocrx_word' id='word_1_164' title='bbox 1347 1411 1425 1436; x_wconf 90' lang='lat' dir='ltr'><strong>non</strong></span> <span class='ocrx_word' id='word_1_165' title='bbox 1441 1397 1684 1438; x_wconf 87' lang='lat' dir='ltr'><strong>discessuras</strong></span> 
     </span>
    </p>

    <p class='ocr_par' dir='ltr' id='par_1_6' title="bbox 122 1461 1683 2261">
     <span class='ocr_line' id='line_1_19' title="bbox 150 1461 1683 1518; baseline 0.001 -16"><span class='ocrx_word' id='word_1_166' title='bbox 150 1461 175 1502; x_wconf 88' lang='lat'>5</span> <span class='ocrx_word' id='word_1_167' title='bbox 201 1462 467 1503; x_wconf 80' lang='lat' dir='ltr'><strong>existimabat.</strong></span> <span class='ocrx_word' id='word_1_168' title='bbox 512 1463 645 1516; x_wconf 89' lang='lat' dir='ltr'><strong>Atque</strong></span> <span class='ocrx_word' id='word_1_169' title='bbox 677 1470 765 1517; x_wconf 87' lang='lat' dir='ltr'><strong>post</strong></span> <span class='ocrx_word' id='word_1_170' title='bbox 797 1464 895 1504; x_wconf 89' lang='lat' dir='ltr'><strong>diem</strong></span> <span class='ocrx_word' id='word_1_171' title='bbox 929 1464 1085 1504; x_wconf 89' lang='lat' dir='ltr'><strong>tertium</strong></span> <span class='ocrx_word' id='word_1_172' title='bbox 1117 1464 1327 1518; x_wconf 89' lang='lat' dir='ltr'><strong>productas</strong></span> <span class='ocrx_word' id='word_1_173' title='bbox 1349 1465 1569 1505; x_wconf 83' lang='lat' dir='ltr'><strong>accuratius</strong></span> <span class='ocrx_word' id='word_1_174' title='bbox 1592 1478 1683 1505; x_wconf 90' lang='lat' dir='ltr'><strong>suas</strong></span> 
     </span>
     <span class='ocr_line' id='line_1_20' title="bbox 199 1530 1682 1586; baseline 0.001 -16"><span class='ocrx_word' id='word_1_175' title='bbox 199 1530 332 1584; x_wconf 89' lang='lat' dir='ltr'><strong>copias</strong></span> <span class='ocrx_word' id='word_1_176' title='bbox 364 1530 467 1571; x_wconf 87' lang='lat' dir='ltr'><strong>sicut</strong></span> <span class='ocrx_word' id='word_1_177' title='bbox 495 1531 767 1582; x_wconf 85' lang='lat' dir='ltr'><strong>instruxerat,</strong></span> <span class='ocrx_word' id='word_1_178' title='bbox 802 1539 962 1586; x_wconf 88' lang='lat' dir='ltr'><strong>propter</strong></span> <span class='ocrx_word' id='word_1_179' title='bbox 992 1532 1159 1572; x_wconf 83' lang='lat' dir='ltr'><strong>hostium</strong></span> <span class='ocrx_word' id='word_1_180' title='bbox 1192 1539 1323 1572; x_wconf 90' lang='lat' dir='ltr'><strong>castra</strong></span> <span class='ocrx_word' id='word_1_181' title='bbox 1362 1539 1682 1586; x_wconf 85' lang='lat' dir='ltr'><strong>praetergressus</strong></span> 
     </span>
     <span class='ocr_line' id='line_1_21' title="bbox 198 1598 1681 1653; baseline 0 -15"><span class='ocrx_word' id='word_1_182' title='bbox 198 1612 322 1652; x_wconf 88' lang='lat' dir='ltr'><strong>aequo</strong></span> <span class='ocrx_word' id='word_1_183' title='bbox 344 1599 432 1639; x_wconf 92' lang='lat' dir='ltr'><strong>loco</strong></span> <span class='ocrx_word' id='word_1_184' title='bbox 454 1599 596 1638; x_wconf 87' lang='lat' dir='ltr'><strong>inuitat</strong></span> <span class='ocrx_word' id='word_1_185' title='bbox 617 1599 663 1639; x_wconf 87' lang='lat' dir='ltr'><strong>ad</strong></span> <span class='ocrx_word' id='word_1_186' title='bbox 687 1599 960 1639; x_wconf 91' lang='lat' dir='ltr'><strong>dimicandum.</strong></span> <span class='ocrx_word' id='word_1_187' title='bbox 995 1598 1207 1653; x_wconf 86' lang='lat' dir='ltr'><strong>Postquam</strong></span> <span class='ocrx_word' id='word_1_188' title='bbox 1232 1599 1445 1640; x_wconf 88' lang='lat' dir='ltr'><strong>abhorrere</strong></span> <span class='ocrx_word' id='word_1_189' title='bbox 1468 1613 1535 1640; x_wconf 91' lang='lat' dir='ltr'><strong>eos</strong></span> <span class='ocrx_word' id='word_1_190' title='bbox 1558 1599 1681 1648; x_wconf 86' lang='lat' dir='ltr'><strong>uidet,</strong></span> 
     </span>
     <span class='ocr_line' id='line_1_22' title="bbox 122 1665 1682 1722; baseline 0 -16"><span class='ocrx_word' id='word_1_191' title='bbox 122 1665 180 1710; x_wconf 76' lang='lat'><strong>&#39;74</strong></span> <span class='ocrx_word' id='word_1_192' title='bbox 198 1666 348 1706; x_wconf 89' lang='lat' dir='ltr'><strong>reducit</strong></span> <span class='ocrx_word' id='word_1_193' title='bbox 369 1666 439 1707; x_wconf 92' lang='lat' dir='ltr'><strong>sub</strong></span> <span class='ocrx_word' id='word_1_194' title='bbox 461 1681 669 1721; x_wconf 88' lang='lat' dir='ltr'><strong>uesperum</strong></span> <span class='ocrx_word' id='word_1_195' title='bbox 691 1667 868 1720; x_wconf 87' lang='lat' dir='ltr'><strong>legiones</strong></span> <span class='ocrx_word' id='word_1_196' title='bbox 890 1667 930 1707; x_wconf 94' lang='lat' dir='ltr'><strong>in</strong></span> <span class='ocrx_word' id='word_1_197' title='bbox 953 1675 1098 1708; x_wconf 89' lang='lat' dir='ltr'><strong>castra.</strong></span> <span class='ocrx_word' id='word_1_198' title='bbox 1133 1666 1277 1722; x_wconf 79' lang='lat' dir='ltr'><strong>Legati</strong></span> <span class='ocrx_word' id='word_1_199' title='bbox 1299 1667 1454 1708; x_wconf 89' lang='lat' dir='ltr'><strong>interim</strong></span> <span class='ocrx_word' id='word_1_200' title='bbox 1473 1681 1525 1708; x_wconf 82' lang='lat' dir='ltr'><strong>ex</strong></span> <span class='ocrx_word' id='word_1_201' title='bbox 1543 1666 1682 1721; x_wconf 92' lang='lat' dir='ltr'><strong>oppido</strong></span> 
     </span>
     <span class='ocr_line' id='line_1_23' title="bbox 195 1732 1681 1788; baseline -0.001 -13"><span class='ocrx_word' id='word_1_202' title='bbox 195 1732 327 1788; x_wconf 83' lang='lat' dir='ltr'><strong>Vaga,</strong></span> <span class='ocrx_word' id='word_1_203' title='bbox 352 1735 452 1787; x_wconf 91' lang='lat' dir='ltr'><strong>quod</strong></span> <span class='ocrx_word' id='word_1_204' title='bbox 476 1735 678 1774; x_wconf 88' lang='lat' dir='ltr'><strong>finitimum</strong></span> <span class='ocrx_word' id='word_1_205' title='bbox 702 1735 774 1775; x_wconf 87' lang='lat' dir='ltr'><strong>fuit</strong></span> <span class='ocrx_word' id='word_1_206' title='bbox 796 1734 934 1784; x_wconf 87' lang='lat' dir='ltr'><strong>Zetae,</strong></span> <span class='ocrx_word' id='word_1_207' title='bbox 952 1735 1062 1775; x_wconf 87' lang='lat' dir='ltr'><strong>cuius</strong></span> <span class='ocrx_word' id='word_1_208' title='bbox 1085 1732 1298 1776; x_wconf 88' lang='lat' dir='ltr'><strong>Caesarem</strong></span> <span class='ocrx_word' id='word_1_209' title='bbox 1321 1735 1481 1788; x_wconf 85' lang='lat' dir='ltr'><strong>potitum</strong></span> <span class='ocrx_word' id='word_1_210' title='bbox 1505 1747 1594 1774; x_wconf 92' lang='lat' dir='ltr'><strong>esse</strong></span> <span class='ocrx_word' id='word_1_211' title='bbox 1616 1734 1681 1773; x_wconf 92' lang='lat' dir='ltr'><strong>de-</strong></span> 
     </span>
     <span class='ocr_line' id='line_1_24' title="bbox 150 1800 1681 1856; baseline 0.001 -16"><span class='ocrx_word' id='word_1_212' title='bbox 150 1800 175 1841; x_wconf 80' lang='grc'>2</span> <span class='ocrx_word' id='word_1_213' title='bbox 197 1803 528 1852; x_wconf 89' lang='lat' dir='ltr'><strong>monstrauimus,</strong></span> <span class='ocrx_word' id='word_1_214' title='bbox 560 1803 751 1852; x_wconf 79' lang='lat' dir='ltr'><strong>ueniunt3</strong></span> <span class='ocrx_word' id='word_1_215' title='bbox 786 1809 921 1856; x_wconf 89' lang='lat' dir='ltr'><strong>petunt</strong></span> <span class='ocrx_word' id='word_1_216' title='bbox 951 1809 990 1842; x_wconf 90' lang='lat' dir='ltr'><strong>et</strong></span> <span class='ocrx_word' id='word_1_217' title='bbox 1021 1803 1256 1852; x_wconf 86' lang='lat' dir='ltr'><strong>obsecrant,</strong></span> <span class='ocrx_word' id='word_1_218' title='bbox 1288 1809 1332 1842; x_wconf 91' lang='lat' dir='ltr'><strong>ut</strong></span> <span class='ocrx_word' id='word_1_219' title='bbox 1351 1802 1425 1842; x_wconf 92' lang='lat' dir='ltr'><strong>sibi</strong></span> <span class='ocrx_word' id='word_1_220' title='bbox 1448 1800 1681 1855; x_wconf 87' lang='lat' dir='ltr'><strong>praesidium</strong></span> 
     </span>
     <span class='ocr_line' id='line_1_25' title="bbox 197 1869 1677 1923; baseline 0 -15"><span class='ocrx_word' id='word_1_221' title='bbox 197 1869 346 1909; x_wconf 88' lang='lat' dir='ltr'><strong>mittat:</strong></span> <span class='ocrx_word' id='word_1_222' title='bbox 380 1883 424 1910; x_wconf 91' lang='lat' dir='ltr'><strong>se</strong></span> <span class='ocrx_word' id='word_1_223' title='bbox 445 1883 509 1910; x_wconf 90' lang='lat' dir='ltr'><strong>res</strong></span> <span class='ocrx_word' id='word_1_224' title='bbox 532 1869 751 1923; x_wconf 85' lang='lat' dir='ltr'><strong>complures</strong></span> <span class='ocrx_word' id='word_1_225' title='bbox 767 1899 777 1919; x_wconf 89' lang='lat'><strong>,</strong></span> <span class='ocrx_word' id='word_1_226' title='bbox 814 1883 912 1922; x_wconf 88' lang='lat' dir='ltr'><strong>quae</strong></span> <span class='ocrx_word' id='word_1_227' title='bbox 934 1870 1049 1910; x_wconf 90' lang='lat' dir='ltr'><strong>utiles</strong></span> <span class='ocrx_word' id='word_1_228' title='bbox 1070 1869 1171 1910; x_wconf 90' lang='lat' dir='ltr'><strong>bello</strong></span> <span class='ocrx_word' id='word_1_229' title='bbox 1194 1871 1295 1920; x_wconf 90' lang='lat' dir='ltr'><strong>sint,</strong></span> <span class='ocrx_word' id='word_1_230' title='bbox 1321 1870 1677 1909; x_wconf 89' lang='lat' dir='ltr'><strong>administraturos.</strong></span> 
     </span>
     <span class='ocr_line' id='line_1_26' title="bbox 150 1934 1681 1991; baseline -0.001 -15"><span class='ocrx_word' id='word_1_231' title='bbox 150 1934 175 1975; x_wconf 86' lang='lat'><strong>3</strong></span> <span class='ocrx_word' id='word_1_232' title='bbox 197 1934 276 1976; x_wconf 89' lang='lat' dir='ltr'><strong>Per</strong></span> <span class='ocrx_word' id='word_1_233' title='bbox 296 1936 397 1977; x_wconf 90' lang='lat' dir='ltr'><strong>idem</strong></span> <span class='ocrx_word' id='word_1_234' title='bbox 420 1944 569 1990; x_wconf 87' lang='lat' dir='ltr'><strong>tempus</strong></span> <span class='ocrx_word' id='word_1_235' title='bbox 592 1937 753 1977; x_wconf 90' lang='lat' dir='ltr'><strong>deorum</strong></span> <span class='ocrx_word' id='word_1_236' title='bbox 772 1937 975 1977; x_wconf 88' lang='lat' dir='ltr'><strong>uoluntate</strong></span> <span class='ocrx_word' id='word_1_237' title='bbox 992 1937 1198 1990; x_wconf 88' lang='lat' dir='ltr'><strong>studioque</strong></span> <span class='ocrx_word' id='word_1_238' title='bbox 1213 1951 1305 1991; x_wconf 87' lang='lat' dir='ltr'><strong>erga</strong></span> <span class='ocrx_word' id='word_1_239' title='bbox 1321 1935 1535 1978; x_wconf 88' lang='lat' dir='ltr'><strong>Caesarem</strong></span> <span class='ocrx_word' id='word_1_240' title='bbox 1552 1943 1681 1976; x_wconf 82' lang='lat' dir='ltr'><strong>trans·</strong></span> 
     </span>
     <span class='ocr_line' id='line_1_27' title="bbox 197 2002 1680 2058; baseline 0.001 -16"><span class='ocrx_word' id='word_1_241' title='bbox 197 2004 289 2057; x_wconf 86' lang='lat' dir='ltr'><strong>fuga</strong></span> <span class='ocrx_word' id='word_1_242' title='bbox 321 2018 413 2045; x_wconf 90' lang='grc'>51105</span> <span class='ocrx_word' id='word_1_243' title='bbox 449 2004 556 2044; x_wconf 86' lang='grc'>01005</span> <span class='ocrx_word' id='word_1_244' title='bbox 590 2004 681 2044; x_wconf 85' lang='lat' dir='ltr'><strong>facit</strong></span> <span class='ocrx_word' id='word_1_245' title='bbox 715 2005 906 2045; x_wconf 86' lang='lat' dir='ltr'><strong>certiores</strong></span> <span class='ocrx_word' id='word_1_246' title='bbox 928 2002 1062 2044; x_wconf 87' lang='lat' dir='ltr'><strong>Iubam</strong></span> <span class='ocrx_word' id='word_1_247' title='bbox 1092 2019 1225 2058; x_wconf 87' lang='lat' dir='ltr'><strong>regem</strong></span> <span class='ocrx_word' id='word_1_248' title='bbox 1248 2005 1429 2045; x_wconf 86' lang='lat' dir='ltr'><strong>celeriter</strong></span> <span class='ocrx_word' id='word_1_249' title='bbox 1451 2019 1536 2044; x_wconf 91' lang='lat' dir='ltr'><strong>cum</strong></span> <span class='ocrx_word' id='word_1_250' title='bbox 1559 2004 1680 2057; x_wconf 90' lang='lat' dir='ltr'><strong>copiis</strong></span> 
     </span>
     <span class='ocr_line' id='line_1_28' title="bbox 196 2070 1680 2127; baseline 0.001 -17"><span class='ocrx_word' id='word_1_251' title='bbox 196 2071 293 2119; x_wconf 88' lang='lat' dir='ltr'><strong>suis,</strong></span> <span class='ocrx_word' id='word_1_252' title='bbox 318 2079 527 2125; x_wconf 85' lang='lat' dir='ltr'><strong>antequam</strong></span> <span class='ocrx_word' id='word_1_253' title='bbox 547 2070 735 2113; x_wconf 87' lang='lat' dir='ltr'><strong>Caesaris</strong></span> <span class='ocrx_word' id='word_1_254' title='bbox 758 2072 993 2127; x_wconf 88' lang='lat' dir='ltr'><strong>praesidium</strong></span> <span class='ocrx_word' id='word_1_255' title='bbox 1017 2087 1063 2113; x_wconf 91' lang='lat' dir='ltr'><strong>eo</strong></span> <span class='ocrx_word' id='word_1_256' title='bbox 1086 2073 1325 2126; x_wconf 88' lang='lat' dir='ltr'><strong>perueniret,</strong></span> <span class='ocrx_word' id='word_1_257' title='bbox 1344 2073 1391 2112; x_wconf 88' lang='lat' dir='ltr'><strong>ad</strong></span> <span class='ocrx_word' id='word_1_258' title='bbox 1414 2072 1591 2126; x_wconf 88' lang='lat' dir='ltr'><strong>oppidum</strong></span> <span class='ocrx_word' id='word_1_259' title='bbox 1614 2071 1680 2111; x_wconf 89' lang='lat' dir='ltr'><strong>ad-</strong></span> 
     </span>
     <span class='ocr_line' id='line_1_29' title="bbox 196 2139 1678 2193; baseline -0.001 -15"><span class='ocrx_word' id='word_1_260' title='bbox 196 2139 423 2179; x_wconf 88' lang='lat' dir='ltr'><strong>cucurrisse</strong></span> <span class='ocrx_word' id='word_1_261' title='bbox 456 2147 572 2193; x_wconf 88' lang='lat' dir='ltr'><strong>atque</strong></span> <span class='ocrx_word' id='word_1_262' title='bbox 601 2140 875 2180; x_wconf 84' lang='lat' dir='ltr'><strong>aduenientem</strong></span> <span class='ocrx_word' id='word_1_263' title='bbox 905 2140 1152 2181; x_wconf 88' lang='lat' dir='ltr'><strong>multitudine</strong></span> <span class='ocrx_word' id='word_1_264' title='bbox 1184 2141 1417 2180; x_wconf 86' lang='lat' dir='ltr'><strong>circumdata</strong></span> <span class='ocrx_word' id='word_1_265' title='bbox 1442 2154 1488 2180; x_wconf 91' lang='lat' dir='ltr'><strong>eo</strong></span> <span class='ocrx_word' id='word_1_266' title='bbox 1517 2139 1678 2193; x_wconf 88' lang='lat' dir='ltr'><strong>potitum</strong></span> 
     </span>
     <span class='ocr_line' id='line_1_30' title="bbox 197 2206 1677 2261; baseline -0.001 -15"><span class='ocrx_word' id='word_1_267' title='bbox 197 2206 452 2260; x_wconf 88' lang='lat' dir='ltr'><strong>omnibusque</strong></span> <span class='ocrx_word' id='word_1_268' title='bbox 475 2208 557 2248; x_wconf 91' lang='lat' dir='ltr'><strong>eius</strong></span> <span class='ocrx_word' id='word_1_269' title='bbox 581 2208 705 2261; x_wconf 87' lang='lat' dir='ltr'><strong>oppidi</strong></span> <span class='ocrx_word' id='word_1_270' title='bbox 728 2207 868 2248; x_wconf 89' lang='lat' dir='ltr'><strong>incolis</strong></span> <span class='ocrx_word' id='word_1_271' title='bbox 891 2208 937 2248; x_wconf 91' lang='lat' dir='ltr'><strong>ad</strong></span> <span class='ocrx_word' id='word_1_272' title='bbox 960 2222 1076 2248; x_wconf 89' lang='lat' dir='ltr'><strong>unum</strong></span> <span class='ocrx_word' id='word_1_273' title='bbox 1091 2208 1312 2248; x_wconf 91' lang='lat' dir='ltr'><strong>interfectis</strong></span> <span class='ocrx_word' id='word_1_274' title='bbox 1331 2207 1482 2248; x_wconf 89' lang='lat' dir='ltr'><strong>dedisse</strong></span> <span class='ocrx_word' id='word_1_275' title='bbox 1497 2206 1677 2260; x_wconf 88' lang='lat' dir='ltr'><strong>oppidum</strong></span> 
     </span>
    </p>
   </div>
   <div class='ocr_carea' id='block_1_3' title="bbox 192 2331 1679 2927">
    <p class='ocr_par' dir='ltr' id='par_1_7' title="bbox 193 2331 1679 2632">
     <span class='ocr_line' id='line_1_31' title="bbox 339 2331 1677 2377; baseline -0.003 -12"><span class='ocrx_word' id='word_1_276' title='bbox 339 2333 352 2365; x_wconf 83' lang='lat'>1</span> <span class='ocrx_word' id='word_1_277' title='bbox 376 2333 527 2374; x_wconf 86' lang='lat' dir='ltr'><strong>corporis</strong></span> <span class='ocrx_word' id='word_1_278' title='bbox 548 2333 621 2364; x_wconf 86' lang='lat' dir='ltr'><strong>eius</strong></span> <span class='ocrx_word' id='word_1_279' title='bbox 641 2344 661 2365; x_wconf 83' lang='grc' dir='ltr'><em>α</em></span> <span class='ocrx_word' id='word_1_280' title='bbox 680 2333 892 2375; x_wconf 76' lang='lat' dir='ltr'><strong>Stephanus,</strong></span> <span class='ocrx_word' id='word_1_281' title='bbox 916 2334 989 2365; x_wconf 90' lang='lat' dir='ltr'><strong>eins</strong></span> <span class='ocrx_word' id='word_1_282' title='bbox 1009 2333 1162 2377; x_wconf 88' lang='lat' dir='ltr'><strong>corporis</strong></span> <span class='ocrx_word' id='word_1_283' title='bbox 1183 2337 1319 2365; x_wconf 66' lang='lat' dir='ltr'><strong>ceierae</strong></span> <span class='ocrx_word' id='word_1_284' title='bbox 1337 2333 1415 2365; x_wconf 80' lang='lat' dir='ltr'><strong>edd.</strong></span> <span class='ocrx_word' id='word_1_285' title='bbox 1606 2331 1677 2362; x_wconf 74' lang='lat' dir='ltr'><strong>sinc</strong></span> 
     </span>
     <span class='ocr_line' id='line_1_32' title="bbox 194 2383 1678 2427; baseline -0.002 -11"><span class='ocrx_word' id='word_1_286' title='bbox 194 2385 342 2425; x_wconf 84' lang='lat' dir='ltr'><strong>tegmine</strong></span> <span class='ocrx_word' id='word_1_287' title='bbox 362 2386 450 2416; x_wconf 88' lang='lat' dir='ltr'><strong>nuda</strong></span> <span class='ocrx_word' id='word_1_288' title='bbox 470 2395 502 2425; x_wconf 75' lang='grc' dir='ltr'><strong>α,</strong></span> <span class='ocrx_word' id='word_1_289' title='bbox 527 2386 614 2417; x_wconf 87' lang='lat' dir='ltr'><strong>nuda</strong></span> <span class='ocrx_word' id='word_1_290' title='bbox 635 2386 708 2417; x_wconf 88' lang='lat' dir='ltr'><strong>sine</strong></span> <span class='ocrx_word' id='word_1_291' title='bbox 729 2386 876 2427; x_wconf 80' lang='lat' dir='ltr'><strong>tegmine</strong></span> <span class='ocrx_word' id='word_1_292' title='bbox 897 2385 975 2417; x_wconf 78' lang='lat' dir='ltr'><strong>edd.</strong></span> <span class='ocrx_word' id='word_1_293' title='bbox 997 2386 1182 2426; x_wconf 81' lang='lat' dir='ltr'><strong>(tegumine</strong></span> <span class='ocrx_word' id='word_1_294' title='bbox 1203 2385 1249 2427; x_wconf 83' lang='lat' dir='ltr'><strong>e).</strong></span> <span class='ocrx_word' id='word_1_295' title='bbox 1391 2385 1409 2418; x_wconf 73' lang='grc'><strong>2</strong></span> <span class='ocrx_word' id='word_1_296' title='bbox 1430 2383 1678 2423; x_wconf 84' lang='lat' dir='ltr'><strong>stridoremque</strong></span> 
     </span>
     <span class='ocr_line' id='line_1_33' title="bbox 194 2433 1679 2478; baseline -0.001 -13"><span class='ocrx_word' id='word_1_297' title='bbox 194 2444 214 2464; x_wconf 86' lang='grc' dir='ltr'><em>α</em></span> <span class='ocrx_word' id='word_1_298' title='bbox 228 2435 257 2474; x_wconf 81' lang='lat' dir='ltr'><strong>b,</strong></span> <span class='ocrx_word' id='word_1_299' title='bbox 280 2435 462 2466; x_wconf 83' lang='lat' dir='ltr'><strong>stridorem</strong></span> <span class='ocrx_word' id='word_1_300' title='bbox 481 2445 515 2466; x_wconf 75' lang='lat'><strong>1!-</strong></span> <span class='ocrx_word' id='word_1_301' title='bbox 658 2441 692 2468; x_wconf 87' lang='lat' dir='ltr'><strong>et</strong></span> <span class='ocrx_word' id='word_1_302' title='bbox 710 2436 860 2478; x_wconf 75' lang='lat' dir='ltr'><strong>speciem</strong></span> <span class='ocrx_word' id='word_1_303' title='bbox 879 2446 971 2467; x_wconf 77' lang='lat' dir='ltr'><strong>unus</strong></span> <span class='ocrx_word' id='word_1_304' title='bbox 990 2436 1076 2476; x_wconf 59' lang='lat' dir='ltr'><strong>det„</strong></span> <span class='ocrx_word' id='word_1_305' title='bbox 1098 2436 1243 2478; x_wconf 82' lang='lat' dir='ltr'><strong>speciem</strong></span> <span class='ocrx_word' id='word_1_306' title='bbox 1262 2435 1407 2476; x_wconf 66' lang='lat' dir='ltr'><strong>reliqui.</strong></span> <span class='ocrx_word' id='word_1_307' title='bbox 1549 2433 1567 2465; x_wconf 87' lang='lat'><strong>3</strong></span> <span class='ocrx_word' id='word_1_308' title='bbox 1580 2438 1679 2475; x_wconf 84' lang='lat' dir='ltr'><strong>capta</strong></span> 
     </span>
     <span class='ocr_line' id='line_1_34' title="bbox 193 2487 1675 2530; baseline -0.001 -13"><span class='ocrx_word' id='word_1_309' title='bbox 193 2497 286 2518; x_wconf 78' lang='lat' dir='ltr'><strong>unns</strong></span> <span class='ocrx_word' id='word_1_310' title='bbox 299 2487 384 2527; x_wconf 66' lang='lat' dir='ltr'><strong>(let.2</strong></span> <span class='ocrx_word' id='word_1_311' title='bbox 400 2492 572 2529; x_wconf 83' lang='lat' dir='ltr'><strong>captarum</strong></span> <span class='ocrx_word' id='word_1_312' title='bbox 588 2488 815 2530; x_wconf 74' lang='lat' dir='ltr'><strong>reliqm&#39;sere</strong></span> <span class='ocrx_word' id='word_1_313' title='bbox 830 2498 962 2520; x_wconf 78' lang='lat' dir='ltr'><strong>omues.</strong></span> <span class='ocrx_word' id='word_1_314' title='bbox 1102 2488 1326 2519; x_wconf 81' lang='lat' dir='ltr'><strong>reformidare</strong></span> <span class='ocrx_word' id='word_1_315' title='bbox 1344 2497 1363 2517; x_wconf 85' lang='grc' dir='ltr'><strong>(ι</strong></span> <span class='ocrx_word' id='word_1_316' title='bbox 1379 2487 1409 2517; x_wconf 80' lang='lat' dir='ltr'><strong>h.</strong></span> <span class='ocrx_word' id='word_1_317' title='bbox 1552 2496 1592 2516; x_wconf 81' lang='lat' dir='ltr'><strong>ex</strong></span> <span class='ocrx_word' id='word_1_318' title='bbox 1607 2495 1675 2516; x_wconf 82' lang='lat' dir='ltr'><strong>om.</strong></span> 
     </span>
     <span class='ocr_line' id='line_1_35' title="bbox 195 2536 1679 2570; baseline -0.001 -2"><span class='ocrx_word' id='word_1_319' title='bbox 195 2538 226 2568; x_wconf 81' lang='lat' dir='ltr'><strong>b.</strong></span> <span class='ocrx_word' id='word_1_320' title='bbox 368 2539 387 2570; x_wconf 88' lang='grc'>4</span> <span class='ocrx_word' id='word_1_321' title='bbox 400 2539 661 2570; x_wconf 83' lang='lat' dir='ltr'><strong>contractabant</strong></span> <span class='ocrx_word' id='word_1_322' title='bbox 681 2540 712 2570; x_wconf 87' lang='lat' dir='ltr'><strong>b.</strong></span> <span class='ocrx_word' id='word_1_323' title='bbox 853 2538 871 2570; x_wconf 83' lang='grc'><strong>6</strong></span> <span class='ocrx_word' id='word_1_324' title='bbox 890 2538 1082 2569; x_wconf 86' lang='lat' dir='ltr'><strong>coiciebant</strong></span> <span class='ocrx_word' id='word_1_325' title='bbox 1099 2548 1133 2569; x_wconf 85' lang='grc' dir='ltr'><strong>α.</strong></span> <span class='ocrx_word' id='word_1_326' title='bbox 1273 2537 1304 2568; x_wconf 88' lang='grc'><strong>10</strong></span> <span class='ocrx_word' id='word_1_327' title='bbox 1325 2547 1392 2568; x_wconf 81' lang='lat' dir='ltr'><strong>om.</strong></span> <span class='ocrx_word' id='word_1_328' title='bbox 1413 2547 1446 2568; x_wconf 83' lang='lat' dir='ltr'><strong>a.</strong></span> <span class='ocrx_word' id='word_1_329' title='bbox 1587 2536 1605 2568; x_wconf 77' lang='lat'>9</span> <span class='ocrx_word' id='word_1_330' title='bbox 1623 2546 1679 2567; x_wconf 81' lang='lat' dir='ltr'><strong>nc-</strong></span> 
     </span>
     <span class='ocr_line' id='line_1_36' title="bbox 194 2588 1674 2632; baseline -0.002 -11"><span class='ocrx_word' id='word_1_331' title='bbox 194 2599 256 2631; x_wconf 88' lang='lat' dir='ltr'><strong>que</strong></span> <span class='ocrx_word' id='word_1_332' title='bbox 277 2590 307 2620; x_wconf 83' lang='lat' dir='ltr'><strong>b.</strong></span> <span class='ocrx_word' id='word_1_333' title='bbox 464 2590 504 2622; x_wconf 77' lang='lat'><strong>14</strong></span> <span class='ocrx_word' id='word_1_334' title='bbox 523 2595 770 2630; x_wconf 81' lang='lat' dir='ltr'><strong>cognoscerent</strong></span> <span class='ocrx_word' id='word_1_335' title='bbox 788 2590 866 2632; x_wconf 88' lang='lat' dir='ltr'><strong>quid</strong></span> <span class='ocrx_word' id='word_1_336' title='bbox 885 2600 905 2621; x_wconf 89' lang='grc' dir='ltr'><em>α</em></span> <span class='ocrx_word' id='word_1_337' title='bbox 926 2591 957 2621; x_wconf 80' lang='grc' dir='ltr'><strong>Ι).</strong></span> <span class='ocrx_word' id='word_1_338' title='bbox 1112 2589 1195 2630; x_wconf 79' lang='lat' dir='ltr'><strong>qued</strong></span> <span class='ocrx_word' id='word_1_339' title='bbox 1217 2589 1325 2620; x_wconf 83' lang='lat' dir='ltr'><strong>uitare</strong></span> <span class='ocrx_word' id='word_1_340' title='bbox 1345 2599 1379 2619; x_wconf 81' lang='grc' dir='ltr'><strong>(ι.</strong></span> <span class='ocrx_word' id='word_1_341' title='bbox 1535 2588 1620 2629; x_wconf 87' lang='lat' dir='ltr'><strong>quod</strong></span> <span class='ocrx_word' id='word_1_342' title='bbox 1641 2598 1674 2619; x_wconf 80' lang='lat' dir='ltr'><strong>a.</strong></span> 
     </span>
    </p>

    <p class='ocr_par' dir='ltr' id='par_1_8' title="bbox 192 2639 1679 2835">
     <span class='ocr_line' id='line_1_37' title="bbox 337 2639 1678 2681; baseline -0.001 -9"><span class='ocrx_word' id='word_1_343' title='bbox 337 2640 377 2672; x_wconf 85' lang='lat'><strong>15</strong></span> <span class='ocrx_word' id='word_1_344' title='bbox 399 2640 526 2671; x_wconf 86' lang='lat' dir='ltr'><strong>dabant</strong></span> <span class='ocrx_word' id='word_1_345' title='bbox 543 2651 577 2671; x_wconf 85' lang='lat' dir='ltr'><strong>a.</strong></span> <span class='ocrx_word' id='word_1_346' title='bbox 719 2642 751 2673; x_wconf 89' lang='lat' dir='ltr'><strong>in</strong></span> <span class='ocrx_word' id='word_1_347' title='bbox 771 2651 839 2672; x_wconf 83' lang='lat' dir='ltr'><strong>om.</strong></span> <span class='ocrx_word' id='word_1_348' title='bbox 860 2651 893 2672; x_wconf 89' lang='grc' dir='ltr'><strong>α.</strong></span> <span class='ocrx_word' id='word_1_349' title='bbox 1042 2640 1080 2672; x_wconf 79' lang='grc'><strong>16</strong></span> <span class='ocrx_word' id='word_1_350' title='bbox 1099 2649 1239 2681; x_wconf 83' lang='lat' dir='ltr'><strong>rapsarc</strong></span> <span class='ocrx_word' id='word_1_351' title='bbox 1257 2650 1277 2671; x_wconf 85' lang='lat' dir='ltr'><strong>a</strong></span> <span class='ocrx_word' id='word_1_352' title='bbox 1298 2640 1315 2670; x_wconf 82' lang='lat' dir='ltr'><strong>b</strong></span> <span class='ocrx_word' id='word_1_353' title='bbox 1335 2650 1362 2670; x_wconf 81' lang='lat' dir='ltr'><strong>e.</strong></span> <span class='ocrx_word' id='word_1_354' title='bbox 1502 2639 1542 2671; x_wconf 90' lang='lat'><strong>18</strong></span> <span class='ocrx_word' id='word_1_355' title='bbox 1561 2639 1678 2670; x_wconf 81' lang='lat' dir='ltr'><strong>existi-</strong></span> 
     </span>
     <span class='ocr_line' id='line_1_38' title="bbox 192 2689 1678 2734; baseline -0.001 -12"><span class='ocrx_word' id='word_1_356' title='bbox 192 2690 331 2722; x_wconf 82' lang='lat' dir='ltr'><strong>mabant</strong></span> <span class='ocrx_word' id='word_1_357' title='bbox 348 2701 383 2723; x_wconf 84' lang='grc' dir='ltr'><strong>α.</strong></span> <span class='ocrx_word' id='word_1_358' title='bbox 534 2692 709 2734; x_wconf 82' lang='lat' dir='ltr'><strong>productis</strong></span> <span class='ocrx_word' id='word_1_359' title='bbox 727 2710 771 2714; x_wconf 92' lang='grc'><strong>--</strong></span> <span class='ocrx_word' id='word_1_360' title='bbox 789 2692 859 2723; x_wconf 90' lang='lat' dir='ltr'><strong>suis</strong></span> <span class='ocrx_word' id='word_1_361' title='bbox 880 2691 986 2733; x_wconf 87' lang='lat' dir='ltr'><strong>copiis</strong></span> <span class='ocrx_word' id='word_1_362' title='bbox 1007 2689 1188 2722; x_wconf 71' lang='lat' dir='ltr'><strong>Clarlfz&#39;us.</strong></span> <span class='ocrx_word' id='word_1_363' title='bbox 1334 2691 1371 2722; x_wconf 77' lang='lat'><strong>19</strong></span> <span class='ocrx_word' id='word_1_364' title='bbox 1392 2689 1551 2731; x_wconf 80' lang='lat' dir='ltr'><strong>hostium]</strong></span> <span class='ocrx_word' id='word_1_365' title='bbox 1572 2690 1678 2720; x_wconf 84' lang='lat' dir='ltr'><strong>aciem</strong></span> 
     </span>
     <span class='ocr_line' id='line_1_39' title="bbox 194 2740 1679 2783; baseline 0 -11"><span class='ocrx_word' id='word_1_366' title='bbox 194 2744 278 2772; x_wconf 80' lang='lat' dir='ltr'><strong>ante</strong></span> <span class='ocrx_word' id='word_1_367' title='bbox 297 2751 388 2773; x_wconf 79' lang='lat' dir='ltr'><strong>corr.</strong></span> <span class='ocrx_word' id='word_1_368' title='bbox 409 2752 442 2773; x_wconf 88' lang='grc' dir='ltr'><strong>α.</strong></span> <span class='ocrx_word' id='word_1_369' title='bbox 598 2742 641 2775; x_wconf 74' lang='grc'><strong>22</strong></span> <span class='ocrx_word' id='word_1_370' title='bbox 660 2742 755 2783; x_wconf 78' lang='lat' dir='ltr'><strong>Vaga</strong></span> <span class='ocrx_word' id='word_1_371' title='bbox 772 2753 793 2774; x_wconf 84' lang='lat' dir='ltr'><strong>a</strong></span> <span class='ocrx_word' id='word_1_372' title='bbox 812 2743 829 2774; x_wconf 86' lang='lat' dir='ltr'><strong>b</strong></span> <span class='ocrx_word' id='word_1_373' title='bbox 849 2754 876 2782; x_wconf 78' lang='lat' dir='ltr'><strong>e,</strong></span> <span class='ocrx_word' id='word_1_374' title='bbox 898 2741 990 2773; x_wconf 82' lang='lat' dir='ltr'><strong>vaca</strong></span> <span class='ocrx_word' id='word_1_375' title='bbox 1011 2741 1054 2780; x_wconf 84' lang='lat' dir='ltr'><strong>d‚-</strong></span> <span class='ocrx_word' id='word_1_376' title='bbox 1073 2741 1188 2774; x_wconf 84' lang='lat' dir='ltr'><strong>Vacca</strong></span> <span class='ocrx_word' id='word_1_377' title='bbox 1205 2751 1240 2773; x_wconf 80' lang='lat' dir='ltr'><strong>n.</strong></span> <span class='ocrx_word' id='word_1_378' title='bbox 1392 2740 1498 2772; x_wconf 87' lang='lat' dir='ltr'><strong>Zeiae</strong></span> <span class='ocrx_word' id='word_1_379' title='bbox 1519 2741 1536 2772; x_wconf 89' lang='lat' dir='ltr'><strong>b</strong></span> <span class='ocrx_word' id='word_1_380' title='bbox 1556 2743 1600 2781; x_wconf 81' lang='lat' dir='ltr'><strong>et,</strong></span> <span class='ocrx_word' id='word_1_381' title='bbox 1615 2742 1679 2782; x_wconf 74' lang='lat' dir='ltr'><strong>qui</strong></span> 
     </span>
     <span class='ocr_line' id='line_1_40' title="bbox 197 2793 1673 2835; baseline 0 -11"><span class='ocrx_word' id='word_1_382' title='bbox 197 2793 256 2825; x_wconf 81' lang='lat' dir='ltr'><strong>‘ad</strong></span> <span class='ocrx_word' id='word_1_383' title='bbox 272 2803 371 2825; x_wconf 82' lang='lat' dir='ltr'><strong>oram</strong></span> <span class='ocrx_word' id='word_1_384' title='bbox 390 2794 492 2825; x_wconf 88' lang='lat' dir='ltr'><strong>credo</strong></span> <span class='ocrx_word' id='word_1_385' title='bbox 512 2793 646 2835; x_wconf 88' lang='lat' dir='ltr'><strong>Zutae&#39;,</strong></span> <span class='ocrx_word' id='word_1_386' title='bbox 667 2794 701 2826; x_wconf 77' lang='lat' dir='ltr'><strong>cl.</strong></span> <span class='ocrx_word' id='word_1_387' title='bbox 875 2794 917 2827; x_wconf 78' lang='lat'><strong>23</strong></span> <span class='ocrx_word' id='word_1_388' title='bbox 937 2798 972 2825; x_wconf 85' lang='lat' dir='ltr'><strong>et</strong></span> <span class='ocrx_word' id='word_1_389' title='bbox 992 2804 1059 2826; x_wconf 85' lang='lat' dir='ltr'><strong>om.</strong></span> <span class='ocrx_word' id='word_1_390' title='bbox 1081 2804 1101 2826; x_wconf 86' lang='grc' dir='ltr'><em>α</em></span> <span class='ocrx_word' id='word_1_391' title='bbox 1122 2795 1151 2826; x_wconf 87' lang='lat' dir='ltr'><strong>b.</strong></span> <span class='ocrx_word' id='word_1_392' title='bbox 1324 2794 1366 2827; x_wconf 78' lang='lat'><strong>25</strong></span> <span class='ocrx_word' id='word_1_393' title='bbox 1387 2793 1582 2834; x_wconf 84' lang='lat' dir='ltr'><strong>transfugas</strong></span> <span class='ocrx_word' id='word_1_394' title='bbox 1600 2804 1621 2825; x_wconf 90' lang='grc' dir='ltr'><em>α</em></span> <span class='ocrx_word' id='word_1_395' title='bbox 1643 2794 1673 2825; x_wconf 85' lang='lat' dir='ltr'><strong>b.</strong></span> 
     </span>
    </p>

    <p class='ocr_par' dir='ltr' id='par_1_9' title="bbox 194 2843 1675 2927">
     <span class='ocr_line' id='line_1_41' title="bbox 337 2843 1675 2887; baseline -0.001 -10"><span class='ocrx_word' id='word_1_396' title='bbox 337 2844 379 2878; x_wconf 75' lang='lat'><strong>27</strong></span> <span class='ocrx_word' id='word_1_397' title='bbox 399 2845 654 2886; x_wconf 85' lang='lat' dir='ltr'><strong>(adcucurrisse</strong></span> <span class='ocrx_word' id='word_1_398' title='bbox 674 2845 741 2887; x_wconf 82' lang='lat' dir='ltr'><strong>(a))</strong></span> <span class='ocrx_word' id='word_1_399' title='bbox 761 2844 957 2877; x_wconf 84' lang='lat' dir='ltr'><strong>decurrisse</strong></span> <span class='ocrx_word' id='word_1_400' title='bbox 979 2844 1010 2875; x_wconf 88' lang='lat' dir='ltr'><strong>b.</strong></span> <span class='ocrx_word' id='word_1_401' title='bbox 1166 2845 1209 2879; x_wconf 77' lang='grc'><strong>28</strong></span> <span class='ocrx_word' id='word_1_402' title='bbox 1228 2843 1465 2877; x_wconf 85' lang='lat' dir='ltr'><strong>aduenientem</strong></span> <span class='ocrx_word' id='word_1_403' title='bbox 1483 2855 1503 2876; x_wconf 88' lang='grc' dir='ltr'><em>α</em></span> <span class='ocrx_word' id='word_1_404' title='bbox 1523 2854 1550 2885; x_wconf 80' lang='lat' dir='ltr'><strong>e,</strong></span> <span class='ocrx_word' id='word_1_405' title='bbox 1572 2844 1675 2876; x_wconf 89' lang='lat' dir='ltr'><strong>adue-</strong></span> 
     </span>
     <span class='ocr_line' id='line_1_42' title="bbox 194 2895 361 2927; baseline 0.006 -1"><span class='ocrx_word' id='word_1_406' title='bbox 194 2895 309 2927; x_wconf 87' lang='lat' dir='ltr'><strong>niente</strong></span> <span class='ocrx_word' id='word_1_407' title='bbox 328 2905 361 2927; x_wconf 82' lang='lat' dir='ltr'><strong>u.</strong></span> 
     </span>
    </p>
   </div>
   <div class='ocr_carea' id='block_1_4' title="bbox 1722 933 1761 966">
    <p class='ocr_par' dir='ltr' id='par_1_10' title="bbox 1722 933 1761 966">
     <span class='ocr_line' id='line_1_43' title="bbox 1722 933 1761 966; baseline -0.026 0"><span class='ocrx_word' id='word_1_408' title='bbox 1722 933 1761 966; x_wconf 83' lang='lat'><strong>10</strong></span> 
     </span>
    </p>
   </div>
   <div class='ocr_carea' id='block_1_5' title="bbox 1720 1270 1760 1302">
    <p class='ocr_par' dir='ltr' id='par_1_11' title="bbox 1720 1270 1760 1302">
     <span class='ocr_line' id='line_1_44' title="bbox 1720 1270 1760 1302; baseline 0 0"><span class='ocrx_word' id='word_1_409' title='bbox 1720 1270 1760 1302; x_wconf 85' lang='lat'><strong>15</strong></span> 
     </span>
    </p>
   </div>
   <div class='ocr_carea' id='block_1_6' title="bbox 1711 1942 1754 1976">
    <p class='ocr_par' dir='ltr' id='par_1_12' title="bbox 1711 1942 1754 1976">
     <span class='ocr_line' id='line_1_45' title="bbox 1711 1942 1754 1976; baseline -0.047 0"><span class='ocrx_word' id='word_1_410' title='bbox 1711 1942 1754 1976; x_wconf 83' lang='lat'><strong>25</strong></span> 
     </span>
    </p>
   </div>
  </div>
 </body>
</html>
