1835 3240
674 169 1098 210 —201—

136 286 199 326 ubi
221 290 339 338 ponat
360 283 400 323 in
422 296 509 331 suo,
535 296 611 323 non
635 281 781 333 habet’,
807 283 871 333 iis,
897 297 996 336 quae
1018 284 1117 337 apud
1140 282 1311 324 Hirtium
1336 288 1617 340 suppleuiwus,

135 357 380 405 repugnant,
406 365 492 390 cum
516 364 605 404 pars
628 350 691 389 illa
715 350 930 391 Armeniae
953 351 1115 391 minoris
1138 351 1342 392 Ariarathi
1365 367 1442 392 non
1465 357 1619 408 propria

135 432 324 459 concessa
356 420 419 458 sit.
473 417 538 457 Ne
579 417 664 470 quis
694 425 823 458 autem
854 419 1121 469 Ariarathen,
1165 419 1450 459 Ariobarzanis
1484 421 1618 471 filium,

135 486 198 539 qui
221 486 321 538 apud
343 483 577 526 Ciceronem
603 485 745 524 dicitur
761 516 771 532 ,
805 486 922 525 alium
956 493 1065 539 putet
1086 493 1203 539 atque
1227 487 1483 537 Ariarathen,
1509 502 1620 540 quem

134 552 290 593 Hirtius
315 555 473 593 fratrem
497 552 784 592 Ariobarzanis
808 553 990 606 appellat,
1016 554 1051 593 id
1077 554 1178 606 quod
1203 555 1346 595 factum
1371 563 1431 596 est
1452 556 1489 595 in
1507 554 1622 596 Orel-

134 621 175 660 lii
207 622 449 661 onomastico
471 619 657 660 Tulliano
673 651 683 669 ‚
713 621 803 660 inde
818 651 827 669 ‚
863 621 963 673 quod
986 619 1141 660 Hirtius
1163 621 1405 663 Ariarathen
1439 624 1621 664 heredem

133 689 244 742 regni
268 689 460 742 appellat,
492 690 652 728 fratrem
677 688 759 728 eius
782 688 1086 729 Ariobarzanen
1108 688 1226 728 filium
1250 704 1326 729 non
1350 691 1535 731 habuisse
1556 705 1623 744 ap-

134 763 259 810 paret.
304 755 605 796 Ariobarzanen
637 763 676 795 et
697 755 936 796 Ariarathen
969 756 1069 810 apud
1091 755 1264 796 Hirtium
1298 766 1621 799 commemoratos

134 824 233 864 filios
258 824 375 864 fuisse
397 823 683 863 Ariobarzanis
707 821 794 863 Cic.
820 825 866 863 ad
889 822 1001 863 Fam.
1026 822 1081 872 ΙΙ,
1110 823 1177 873 17,
1202 825 1229 864 2
1250 825 1509 866 demonstrat.
1544 823 1623 866 Ce-

135 898 259 932 terum
281 891 363 945 ipsa
384 891 520 941 uerba,
546 905 644 947 quae
667 891 859 945 supplem,
884 905 944 931 me
966 905 1046 931 non
1067 899 1269 945 praestare
1299 894 1368 933 uix
1400 901 1486 944 est,
1519 894 1622 947 quod

132 972 327 999 moneam.

247 1024 296 1068 C.
322 1026 376 1067 72
397 1027 452 1067 in.
489 1029 678 1069 edebatur
713 1027 825 1069 ‘Zela
857 1036 916 1069 est
949 1029 1130 1083 oppidum
1152 1030 1192 1069 in
1215 1028 1343 1069 Ponto
1367 1032 1493 1085 positu
1517 1031 1618 1085 ip80‚

134 1102 177 1135 ut
198 1096 237 1135 in
269 1096 384 1148 plano
415 1096 528 1144 loco,
562 1097 658 1137 satis
690 1099 901 1137 munitum:
939 1099 1110 1138 tumulus
1144 1098 1246 1138 enim
1278 1099 1470 1139 naturalis
1502 1099 1623 1138 ueluti

134 1178 249 1203 manu
272 1165 401 1205 faetus
424 1164 645 1205 excelsiore
669 1166 838 1218 undique
861 1166 1018 1220 fastigio
1040 1165 1205 1205 sustinet
1232 1165 1415 1205 murum'.
1441 1164 1483 1205 ln
1508 1166 1620 1206 codd.

134 1231 279 1285 legitur
309 1236 319 1255 ‘
349 1233 435 1272 sela
466 1239 526 1272 est
556 1233 737 1287 oppidum
769 1234 808 1272 in
831 1232 961 1274 Ponto
994 1234 1186 1287 positum,
1221 1233 1346 1287 ipsum
1381 1234 1483 1273 utin
1508 1234 1624 1287 plano

135 1299 222 1338 loco
254 1300 349 1340 satis
381 1300 605 1340 munitum'.
647 1301 779 1354 Atque
809 1301 905 1341 haec
936 1309 1046 1342 recta
1079 1300 1359 1355 Oudendorpio
1391 1303 1480 1342 uisa
1513 1308 1620 1342 suut.

140 1364 284 1406 Verum
308 1381 357 1407 ex
380 1368 451 1415 iis,
487 1383 584 1421 quae
616 1369 899 1422 adiunguntur,
934 1377 1096 1422 apparet
1118 1368 1257 1410 Zelam
1280 1370 1358 1409 situ
1381 1370 1476 1410 satis
1499 1369 1625 1409 muni-

138 1441 214 1473 tam
240 1435 448 1489 suisse‚{iis
471 1443 616 1485 autem,
642 1450 740 1491 quae
762 1437 801 1476 in
825 1437 935 1476 codd.
962 1437 1161 1491 leguntur,
1188 1437 1370 1490 operibus
1395 1438 1541 1477 munita
1568 1437 1624 1477 di-

138 1509 309 1542 ceretur.
352 1503 414 1542 Ad
437 1503 670 1543 sententiam
695 1504 815 1558 igitur
836 1511 943 1544 recta
966 1512 1072 1554 sunt,
1098 1518 1195 1557 quae
1218 1506 1401 1544 eduntur.
1437 1503 1516 1546 Sed
1540 1512 1624 1559 pot-

138 1578 220 1610 erat
243 1570 357 1622 paulo
390 1571 545 1623 propius
574 1572 619 1610 ad
643 1571 755 1610 codd.
782 1571 936 1622 accedi,
962 1579 1005 1612 ut
1027 1573 1079 1612 ita
1103 1573 1373 1613 scriberetur:
1421 1572 1537 1613 ‘Zela
1562 1579 1623 1613 est

136 1638 314 1690 oppidum
338 1638 376 1676 in
400 1636 544 1687 Ponto,
576 1639 742 1691 positum
766 1639 904 1691 ipsum,
930 1645 974 1678 ut
994 1639 1033 1678 in
1058 1640 1188 1693 plano,
1213 1641 1299 1680 loco
1322 1641 1420 1680 satis
1442 1639 1620 1680 munito'.

136 1704 327 1758 Oppidum
359 1705 485 1759 ipsum
515 1704 612 1745 satis
644 1705 792 1745 munito
823 1707 908 1745 loco
932 1708 1097 1760 positum
1123 1708 1289 1757 dicitur,
1325 1708 1414 1760 quia
1444 1708 1625 1760 proxima

134 1775 249 1828 plana
272 1780 399 1822 erant,
425 1787 509 1812 cum
533 1773 658 1826 ipsum
681 1773 721 1813 in
744 1780 876 1813 monte
898 1774 1062 1814 iaceret.
1091 1773 1245 1815 Similia
1260 1776 1355 1816 haec
1378 1782 1470 1815 sunt
1491 1789 1525 1815 c.
1550 1774 1620 1825 28,

136 1842 161 1882 3
186 1841 438 1881 ‘consederat
469 1855 553 1880 cum
577 1841 698 1895 copiis
722 1856 795 1882 rex
818 1842 904 1882 loco
928 1849 1066 1883 natura
1090 1844 1237 1883 munito
1255 1875 1264 1893 ‚
1302 1844 1402 1896 quod
1435 1850 1520 1883 erat
1540 1842 1624 1896 ipse

137 1909 334 1950 excelsior
354 1909 513 1963 planitie
536 1923 589 1949 ex
610 1910 790 1951 omnibus
814 1911 990 1964 partibus
1022 1912 1221 1951 subiecta’
1255 1919 1295 1951 et
1325 1910 1400 1960 36,
1436 1909 1460 1950 3
1497 1911 1625 1964 ‘quod

138 1977 317 2031 oppidum
349 1978 514 2031 positum
546 1978 585 2017 in
607 1978 800 2018 Armenia
832 1979 984 2019 minore
1006 1986 1067 2019 est
1088 1979 1203 2033 plano
1224 1979 1349 2034 ipsum
1374 1979 1460 2019 loeo
1483 1979 1626 2018 monti-

134 2044 206 2084 bus
230 2052 356 2084 tamen
380 2045 470 2086 altis
493 2045 540 2086 ab
564 2047 712 2086 duobus
736 2047 926 2087 lateribus
951 2047 1144 2087 obiectis'.

245 2110 404 2153 Initium
429 2128 462 2154 c.
487 2113 540 2154 77
564 2115 602 2154 in
627 2115 739 2155 codd.
764 2115 819 2155 ita
841 2116 1028 2168 scriptum
1052 2123 1136 2156 est:
1165 2114 1273 2156 ‘Tali
1291 2115 1458 2156 uictoria
1477 2115 1623 2156 totiens

135 2180 262 2220 uictor
284 2178 436 2222 Caesar
457 2182 675 2223 incredibili
699 2190 761 2222 est
781 2183 929 2224 laetitia
952 2183 1113 2224 affectus
1130 2214 1140 2232 ‚
1173 2185 1274 2236 quod
1306 2183 1521 2223 maximum
1544 2182 1627 2223 bel-

133 2248 209 2288 lum
233 2256 339 2289 tanta
362 2250 569 2291 celeritate
592 2252 843 2301 confecerat‚
880 2253 1059 2305 quodque
1093 2252 1210 2292 subiti
1245 2252 1406 2306 periculi
1439 2252 1625 2292 recorda-

133 2316 240 2357 tione
264 2318 419 2368 laetior‚
455 2320 554 2372 quod
578 2319 745 2359 uictoria
770 2319 896 2359 facilis
920 2334 972 2360 ex
995 2320 1231 2360 difficillimis
1254 2320 1371 2360 rebus
1394 2320 1622 2360 acciderat'.

134 2382 209 2424 Hic
231 2391 339 2426 recte
360 2386 488 2426 editur
512 2386 752 2427 ‘recordatio
775 2394 834 2426 est
855 2387 1035 2437 laetior',
1074 2389 1173 2440 quod
1197 2389 1361 2442 primum
1385 2388 1425 2427 in
1449 2388 1511 2427 ed.
1534 2385 1625 2427 Me-

136 2451 226 2491 diol.
251 2467 288 2492 a.
318 2453 424 2494 1477
448 2455 616 2508 positum
641 2461 713 2495 est.
761 2452 840 2495 Sed
872 2462 999 2496 restat
1029 2456 1195 2496 alterum
1230 2456 1382 2496 uitium.
1426 2454 1624 2496 Peruerse

137 2519 237 2558 enim
260 2521 384 2561 altera
406 2522 579 2563 laetitiae
602 2536 721 2564 causa
743 2523 892 2575 primae
915 2538 986 2577 per
1007 2524 1184 2578 copulam
1217 2524 1467 2578 adiungitur,
1506 2522 1625 2562 tertia

138 2587 312 2639 copulam
335 2603 411 2629 non
437 2589 565 2630 habet.
609 2589 763 2630 Deinde
784 2591 915 2644 inepte
939 2589 1094 2632 Caesar
1116 2593 1203 2633 ideo
1227 2593 1394 2632 laetatus
1417 2604 1507 2631 esse
1529 2590 1626 2630 dici-

139 2658 216 2699 tur,
241 2655 326 2706 quia
349 2657 464 2697 subiti
488 2658 650 2711 periculi
673 2659 895 2699 recordatio
912 2667 1019 2700 esset
1040 2660 1198 2709 laetior,
1224 2660 1335 2712 quasi
1358 2659 1390 2698 is
1406 2659 1622 2698 delectatus

139 2727 245 2760 esset
265 2725 503 2775 reputando,
539 2740 652 2778 quam
683 2727 921 2781 uoluptatem
953 2742 1005 2768 ex
1027 2729 1217 2769 memoria
1232 2728 1353 2782 *huius
1377 2726 1537 2780 periculi
1561 2739 1625 2765 ca-

139 2795 276 2840 pturus
299 2799 416 2831 esset.
447 2791 501 2831 Et
521 2795 610 2846 quid
631 2795 685 2834 ita
707 2795 826 2835 subiti
849 2795 1012 2850 periculi
1034 2796 1257 2837 recordatio
1279 2795 1423 2835 laetior
1444 2801 1503 2834 est
1526 2793 1625 2832 alius

137 2855 300 2907 periculi
330 2860 628 2903 recordatione?
681 2860 941 2904 scribendum
980 2870 1067 2904 erat
1100 2869 1275 2916 ‘quoque
1310 2862 1429 2902 subiti
1460 2859 1626 2914 periculi
