1835 3240
713 176 900 220 CAPVT
922 176 1065 218 2—3.
1625 179 1707 221 719

154 291 348 346 praesidio
371 289 516 330 babuit.
561 288 660 331 Erat
691 292 791 331 idem
822 291 1007 345 temporis
1031 287 1128 330 Sex.
1153 286 1364 341 Pompeius
1389 292 1529 342 l'rater,
1566 293 1630 345 qui
1648 292 1676 336 3

154 372 239 399 cum
261 357 456 410 praesidio
480 355 704 398 Cordubam
727 359 897 407 tenebat,
924 358 1025 411 quod
1048 357 1132 398 eius
1155 356 1381 411 prouinciae
1404 366 1520 410 caput
1541 373 1629 400 esse

151 425 477 476 existimaban1r3
512 426 595 480 ipse
626 433 755 466 autem
780 425 857 465 Cn.
883 424 1093 479 Pompeius
1116 424 1347 464 adolescens
1372 423 1501 464 Vliam
1525 428 1631 480 oppi-

152 493 240 532 dum
262 493 509 546 oppuguabat
530 500 567 533 et
591 494 672 533 fere
694 493 770 533 iam
793 493 940 545 aliquot
956 492 1156 533 mensibus
1179 491 1230 532 ibi
1245 491 1508 532 detinebatur.
1543 492 1629 545 Quo
1653 497 1679 536 2

103 567 121 598 5
154 573 205 600 ex
228 560 366 613 oppido
388 560 544 613 cognito
559 559 749 601 Caesaris
771 560 941 600 aduentu
963 560 1080 613 legati
1097 560 1195 600 clam
1213 558 1406 613 praesidia
1423 556 1500 599 Cn.
1517 558 1632 600 Pom-

73 904 113 936 lt)

74 1242 114 1274 15

149 628 209 681 pei
234 626 448 668 Caesarem
472 642 557 667 cum
579 627 768 674 adissent,
794 634 928 680 petere
951 634 1180 680 coeperunt,
1218 627 1272 666 uti
1295 626 1369 666 sibi
1392 627 1515 680 primo
1538 642 1632 681 quo-

148 709 222 748 que
245 702 416 749 tempore
431 695 644 735 subsidium
660 693 847 733 mitteret.
883 691 1035 734 Caesar
1057 697 1159 746 (cam
1184 694 1382 734 ciuitatem
1406 694 1511 734 omni
1534 703 1630 735 tem·
1652 696 1676 736 3

148 776 243 816 pore
265 763 409 817 optime
431 763 476 802 de
498 762 637 816 populo
660 761 841 801 Romano
863 761 1043 801 meritam
1067 761 1174 815 esse)
1196 762 1378 802 celeriter
1399 776 1473 802 sex
1495 761 1633 803 cohor-

149 831 199 870 tis
222 831 392 870 secunda
417 830 548 884 uigilia
578 830 688 870 iubet
710 829 925 883 proficisci,
962 829 1043 882 pari
1074 829 1225 882 equites
1258 844 1434 870 numero.
1481 828 1631 882 Quibus

146 898 337 951 praefecit
359 898 554 938 hominem
580 897 663 938 eius
688 896 916 950 prouinciae
939 904 1073 936 notum
1106 904 1145 936 et
1166 911 1243 936 non
1266 911 1400 950 parum
1423 897 1627 947 scientem,

146 964 198 1005 L.
217 963 371 1005 Iunium
384 964 630 1006 Paciaecum.
665 962 742 1016 Qui
767 979 853 1004 cum
877 964 923 1004 ad
947 963 1021 1004 Cn.
1037 962 1201 1017 Pompei
1223 965 1414 1017 praesidia
1436 966 1627 1015 uenisset,
1654 966 1679 1005 4

146 1032 283 1072 incidit
303 1033 404 1072 idem
428 1032 612 1085 temporis
628 1062 638 1082 ,
674 1039 717 1071 ut
739 1038 968 1084 tempestate
991 1031 1158 1071 aduersa
1188 1032 1488 1086 uehementique
1512 1041 1631 1073 uento

146 1099 437 1150 adflictaretur3
464 1114 561 1153 quae
577 1100 637 1139 uis
657 1099 899 1152 tempestatis
921 1099 975 1139 ita
998 1098 1249 1148 obscurabat,
1266 1107 1308 1139 ut
1322 1100 1390 1139 uix
1407 1101 1629 1153 proximum
1651 1098 1676 1140 5

147 1182 365 1221 agnoscere
387 1175 563 1222 possent.
608 1164 734 1207 Cuius
765 1166 1050 1207 incommodum
1083 1180 1271 1207 summam
1304 1167 1507 1207 utilitatem
1539 1168 1634 1221 ipsis

147 1235 371 1288 praebebat.
414 1234 474 1275 Ita
496 1250 582 1275 cum
606 1234 653 1275 ad
676 1248 762 1275 eum
785 1241 1005 1283 uenerunt,
1030 1233 1140 1274 iubet
1160 1234 1272 1274 binos
1295 1248 1415 1287 equos
1439 1248 1632 1275 conscen-
1653 1234 1679 1275 6

149 1304 257 1353 dere,
283 1312 321 1344 et
341 1311 446 1344 recta
470 1317 539 1356 per
560 1303 875 1343 aduersariorum
899 1302 1094 1355 praesidia
1115 1303 1163 1342 ad
1177 1302 1356 1356 oppidum
1374 1303 1629 1342 contendunt.

145 1370 369 1424 Mediisque
391 1385 525 1411 eorum
550 1371 753 1424 praesidiis
776 1385 861 1410 cum
885 1377 1020 1410 essent
1045 1400 1242 1410 ......
1271 1384 1369 1410 unus
1401 1384 1450 1410 ex
1484 1370 1631 1410 nostris
1652 1369 1679 1409 7

148 1439 372 1492 respondit,
407 1446 449 1479 ut
481 1439 596 1479 sileat
626 1438 790 1479 uerbum
822 1439 977 1478 facere:
1014 1451 1101 1477 nam
1135 1438 1171 1477 id
1204 1438 1390 1491 temporis
1419 1437 1556 1478 conari
1586 1438 1634 1478 ad

147 1520 298 1546 murum
323 1507 535 1555 accedere,
570 1513 612 1546 ut
633 1506 813 1559 oppidum
836 1506 1013 1559 capiant,
1048 1513 1088 1545 et
1110 1505 1248 1559 partim
1272 1512 1504 1559 tempestate
1525 1504 1633 1559 inpe-

148 1573 214 1614 diti
236 1573 376 1628 uigiles
399 1588 476 1614 non
500 1573 933 1628 poterantdiligentiam
959 1580 1179 1627 praestare,
1205 1574 1345 1627 partim
1360 1573 1426 1613 illo
1442 1587 1632 1626 responso

148 1641 463 1682 deterrebantur.
509 1638 610 1682 Cum
642 1642 689 1681 ad
721 1648 871 1695 portam
894 1641 1298 1695 adpropinquassent,
1337 1641 1450 1694 signo
1474 1641 1562 1680 dato
1585 1640 1632 1680 ab
1655 1639 1681 1681 8

146 1709 348 1762 oppidanis
371 1717 461 1749 sunt
481 1709 654 1762 recepti,
679 1716 718 1749 et
739 1709 889 1762 pedites
915 1709 1085 1763 [equites
1109 1708 1278 1749 clamore
1300 1709 1423 1762 facto]
1457 1708 1636 1761 dispositi

148 1777 289 1830 partim
314 1777 363 1817 ibi
387 1783 660 1817 remanserunt
677 1807 688 1826 ,
723 1777 875 1829 equites
907 1777 1079 1816 clamore
1112 1777 1216 1816 facto
1239 1776 1482 1829 eruptionem
1506 1776 1546 1815 in
1568 1777 1634 1816 ad-

146 1845 410 1885 uersariorum
444 1851 574 1885 castra
608 1845 800 1885 fecerunt.
846 1841 912 1884 Sic
942 1843 981 1884 in
1004 1843 1070 1884 illo
1093 1845 1222 1893 facto,
1259 1858 1345 1884 cum
1377 1844 1635 1884 inscientibus

292 1936 304 1967 1
327 1937 359 1967 id
379 1941 510 1978 tempus
529 1947 556 1975 e,
579 1937 666 1968 idem
687 1937 771 1978 (om.
793 1936 969 1979 temporis)
979 1936 1017 1977 s.
1159 1936 1238 1968 Sex.
1259 1947 1292 1976 (ι,
1313 1936 1436 1967 Sextus
1455 1947 1489 1967 η.

146 1988 164 2019 ⁶2
185 1987 338 2029 capudf.
502 1987 520 2018 3
541 1987 718 2030 Gneiuss.
871 1987 981 2019 Vliain
1003 1986 1229 2028 Ciam-onius,
1253 1987 1364 2020 Vllum
1384 1989 1513 2030 ubique
1532 1989 1633 2020 codd.

290 2039 507 2080 expugnabat
525 2040 679 2081 oppidum
690 2040 728 2081 s.
889 2041 904 2071 5
923 2037 1025 2080 clam]
1046 2044 1183 2080 praeter
1203 2040 1285 2071 add.
1307 2040 1341 2071 (Ι.
1500 2040 1637 2083 Pompei

145 2100 178 2121 a.
343 2090 361 2122 7
381 2089 522 2132 Caesar]
542 2101 616 2122 cum
635 2091 718 2122 add.
741 2102 770 2122 e.
926 2091 946 2122 S
965 2100 1039 2121 esse
1059 2101 1080 2121 (ι
1102 2091 1119 2121 b
1139 2090 1201 2131 cs,
1223 2100 1300 2122 esse
1320 2091 1434 2122 sciens
1453 2100 1489 2121 u.

145 2152 224 2174 sexs
242 2153 276 2183 (ι,
299 2142 388 2174 sess
407 2142 634 2185 Pompeiusf.
791 2142 941 2174 cohortis
961 2151 980 2172 α
999 2145 1035 2172 et
1052 2151 1098 2172 m.
1116 2142 1223 2182 pius.
1366 2142 1384 2173 9
1404 2142 1515 2184 paria
1536 2143 1553 2174 b
1571 2144 1632 2185 cf,

144 2194 286 2236 parique
299 2205 333 2226 (ι.
455 2195 488 2227 ll
510 2194 639 2226 quium
651 2195 688 2236 s.
808 2193 933 2225 Paciae
949 2203 1021 2224 cuni
1038 2193 1164 2234 (sz'c)s‚
1180 2193 1360 2226 Pacieculn
1382 2194 1437 2235 (α)
1456 2205 1489 2226 u.

145 2244 290 2287 Gneiif.
478 2245 629 2287 (Pompei
649 2245 685 2285 (ι)
704 2255 772 2277 om.
795 2246 824 2275 b.
1004 2244 1043 2275 13
1063 2244 1300 2275 adflictaretur
1318 2255 1352 2276 a.
1550 2255 1634 2287 quae

143 2298 164 2332 2
181 2298 281 2339 dett„
304 2309 401 2341 quem
420 2309 440 2330 a
459 2299 476 2330 b
496 2309 513 2329 c
531 2298 597 2339 ds.
743 2297 782 2329 14
802 2301 942 2338 possent
961 2305 1036 2336 ego,
1060 2300 1175 2337 posset
1193 2296 1293 2327 codd.
1438 2297 1477 2329 15
1499 2296 1545 2328 ita
1565 2307 1634 2328 om.

136 2349 170 2390 s.
344 2360 417 2381 eum
436 2360 456 2381 α
478 2350 495 2381 b
514 2360 531 2380 c
549 2349 615 2390 clf,
638 2357 713 2379 cum
732 2347 842 2378 locum
863 2357 897 2379 ιι.
1072 2357 1176 2387 equos
1196 2357 1260 2388 ego
1279 2346 1416 2388 (equum
1437 2347 1630 2388 Ilec‘nsfus),

154 2400 286 2440 equites
305 2401 407 2432 codd.
560 2399 792 2431 conscendere
811 2409 831 2430 a
852 2400 916 2441 bs,
938 2398 1098 2429 incedere
1117 2398 1231 2430 Aldus
1249 2409 1285 2430 u.
1437 2399 1477 2430 16
1497 2405 1636 2431 conten-

146 2452 258 2484 dunta
273 2453 303 2493 b,
317 2454 569 2485 contenderunt
581 2463 609 2492 e,
625 2451 858 2492 contendits5
871 2451 1079 2481 contendere
1093 2461 1126 2481 (ι.
1271 2450 1309 2483 17
1323 2450 1444 2482 mediis
1459 2451 1488 2482 b.

146 2507 262 2533 essent
280 2513 300 2534 a
314 2503 330 2533 b
344 2514 360 2534 c
373 2504 441 2544 clf,
457 2506 684 2545 quaereretur
703 2501 757 2543 qui
772 2505 887 2532 essent
902 2511 934 2531 (ι.
950 2500 1130 2531 Lacunam
1145 2510 1208 2542 ego
1224 2503 1364 2532 notaui.
1379 2500 1419 2532 P.
1434 2501 1490 2533 26.

148 2555 186 2587 19
207 2560 334 2596 partem
351 2567 382 2587 α.
524 2555 711 2598 inpeditis.
853 2554 896 2585 ‘20
916 2554 1011 2585 illum
1033 2563 1231 2595 responsum
1249 2563 1268 2584 a
1290 2553 1320 2593 b,
1342 2553 1400 2584 illo
1421 2556 1631 2596 responsus.

289 2606 328 2638 21
350 2607 681 2650 adpropinquassent
701 2616 734 2638 α.
876 2607 920 2639 22
935 2606 1068 2647 equites
1087 2615 1106 2637 a
1127 2616 1144 2636 c
1162 2605 1228 2646 ds,
1251 2606 1452 2647 equitesque
1472 2607 1489 2637 b
1508 2617 1542 2637 η.
1563 2605 1634 2637 Vn—

146 2667 202 2687 eos
221 2666 284 2698 ego
299 2659 418 2697 posui.
575 2657 732 2699 d1spositi
753 2657 784 2696 b,
806 2656 981 2698 dispositis
1002 2657 1050 2695 (a)
1070 2656 1159 2697 esu
1178 2656 1368 2698 (dispositis
1387 2674 1431 2678 ——
1450 2655 1521 2696 (23)
1542 2655 1633 2687 sacto

148 2710 185 2738 in
199 2708 268 2739 ima
278 2717 365 2749 pag.
380 2706 457 2738 ead.
471 2717 517 2738 m.
532 2709 721 2750 supplets,
742 2718 810 2739 om.
824 2707 874 2749 (Ι).
1015 2707 1057 2740 23
1075 2707 1197 2749 partim
1217 2707 1263 2738 ibi
1285 2710 1524 2739 remanserunt
1542 2716 1562 2737 a
1576 2707 1630 2747 bs,

151 2759 195 2790 ibi
215 2759 336 2801 partim
357 2768 552 2791 remansere
572 2771 610 2799 c,-
631 2760 676 2792 ibi
697 2760 819 2802 partim
839 2759 893 2801 qni
912 2769 1110 2791 remansere
1130 2770 1164 2792 u.
1332 2760 1464 2800 equites
1484 2759 1631 2791 clamore

151 2810 240 2842 l'acto
259 2821 278 2842 (1
299 2811 363 2852 bs,
379 2820 448 2842 om.
469 2820 486 2841 c
504 2820 538 2841 u.
679 2816 762 2843 ante
782 2812 990 2854 eruptionem
1011 2812 1092 2843 add.
1114 2813 1170 2854 qui
1189 2812 1222 2843 d.
1363 2813 1403 2844 24
1421 2812 1545 2844 castris
1565 2814 1630 2855 as.

295 2861 326 2892 in
348 2861 405 2892 illo
427 2861 516 2892 facto
536 2871 554 2892 (1
575 2862 636 2904 cs,
657 2862 715 2893 illo
736 2862 826 2894 sueto
847 2863 864 2894 b
884 2863 927 2902 (I,
949 2863 1032 2894 illud
1052 2863 1164 2895 cllclus
1184 2873 1218 2893 u.
