1835 3240
743 186 1166 227 ——114—

211 306 402 347 dificatam
426 301 555 341 dicere
577 302 725 353 potuit,
760 313 844 339 cuni
868 299 974 339 nulla
994 299 1094 339 ratio
1117 299 1384 351 superioribus
1408 299 1540 340 uerbis
1564 301 1691 340 decla-

209 380 296 414 rata
319 377 438 412 esset.
471 366 572 407 Mihi
595 366 839 407 scribendum
869 367 1025 406 uidetur
1059 366 1276 406 ‘loriculam
1309 380 1377 419 per
1398 368 1690 421 aggerationem

209 442 292 482 eius
315 437 509 479 altitudini
532 432 800 475 inaedificari'.
825 432 905 473 Per
926 433 1218 486 aggerationem
1242 433 1340 472 hanc
1361 433 1522 474 loricam
1544 436 1691 475 inaedi-

210 510 362 549 ficatam
385 518 473 546 esse
496 509 672 550 notatur,
707 500 798 553 quia
819 500 921 539 infra
942 500 982 539 in
1004 500 1186 552 pontibus
1208 499 1379 540 uiminea
1399 501 1564 542 loricula
1588 518 1691 542 com-

209 580 465 615 memoratur.
500 568 574 618 VI,
598 567 669 615 40,
693 566 719 607 6
741 581 794 606 ex
815 566 985 606 cratibus
1007 567 1150 619 pinnae
1181 567 1405 619 loricaeque
1436 570 1539 609 uallo
1562 577 1691 610 attex-

210 649 272 682 tae
294 641 488 680 dicuntur.
523 634 758 689 Aggeratio,
777 647 853 685 quo
874 633 1064 672 uocabulo
1086 646 1180 672 usus
1203 640 1265 672 est
1283 632 1491 675 Vitruuius
1512 634 1569 686 X,
1584 637 1652 686 16,
1669 638 1693 678 9

212 714 350 748 ‘naues
373 718 491 758 supra
512 702 825 756 aggerationem,
850 714 949 752 quae
972 701 1100 740 fuerat
1120 700 1191 740 sub
1214 714 1328 753 aqua,
1352 702 1570 753 sederunt',
1595 705 1692 757 apud

210 776 379 816 Hirtium
412 786 457 811 eo
489 771 618 809 minus
650 768 849 808 offendere
881 767 1016 817 debet,
1050 782 1136 807 cum
1168 781 1247 807 non
1278 783 1424 822 agger,
1467 771 1537 810 sed
1567 771 1691 824 ipsum

208 855 399 896 aggerare
422 837 680 891 significetur.
725 833 839 887 Quod
861 835 1101 887 quorundam
1126 836 1334 875 uerborum
1357 838 1532 878 ordinem
1556 852 1692 878 secun-

206 911 294 950 dum
327 907 492 961 optimos
525 904 636 943 codd.
671 903 844 951 mutaui,
877 903 923 942 de
944 902 1107 955 reliquis
1130 903 1226 942 nihil
1247 906 1481 945 monendum
1512 907 1690 946 uidetur:

206 977 242 1016 id
265 983 401 1016 contra
426 973 627 1025 uulgarem
649 971 823 1023 regulam
847 971 913 1017 fit,
946 970 1045 1022 quod
1081 971 1251 1010 ‘fossam
1284 973 1423 1025 pedum
1447 974 1587 1014 denum
1611 974 1693 1026 qui-

206 1042 310 1084 num'
335 1041 461 1095 posui.
497 1039 648 1079 Verum
671 1038 804 1078 eodem
829 1038 941 1077 niodo
965 1035 1085 1077 Caes.
1102 1038 1139 1077 h.
1157 1036 1262 1078 Gall.
1286 1038 1320 1087 Ι,
1346 1039 1386 1089 8,
1416 1040 1433 1079 l
1461 1041 1583 1079 ‘milia
1606 1055 1692 1093 pas-

206 1125 315 1151 suum
339 1110 470 1149 decem
494 1106 647 1146 noueni'
670 1105 844 1158 scripsit,
870 1112 908 1145 et
930 1103 1124 1145 Priscian,
1150 1119 1186 1158 p.
1212 1105 1322 1147 1170
1341 1106 1507 1147 Putsch.
1532 1106 1692 1147 Liuium

206 1179 435 1230 frequenter
466 1175 616 1214 ‘decem
640 1172 802 1226 septem*
826 1173 976 1212 dixisse
999 1173 1141 1222 tradit,
1176 1175 1275 1226 apud
1297 1188 1409 1227 quen]
1444 1172 1690 1222 XXXVIII,

206 1244 261 1285 38
282 1244 403 1284 uerba
427 1248 492 1282 ‘ne
515 1242 688 1281 minores
711 1248 893 1281 octonum
916 1241 1057 1281 denum
1081 1256 1272 1281 annorum
1304 1255 1380 1281 neu
1413 1243 1582 1282 maiores
1605 1243 1690 1294 qui—

205 1327 294 1353 num
318 1309 621 1364 quadragenuni'
645 1309 728 1362 ipsa
750 1322 902 1363 quoque
925 1309 980 1348 illi
1002 1309 1162 1361 regulae
1183 1316 1420 1362 repugnant.
1475 1308 1608 1350 Verba
1633 1315 1696 1348 ‘ut

205 1380 252 1420 ab
274 1379 450 1419 hostibus
475 1376 613 1430 duplici
637 1377 768 1426 fossa,
808 1375 950 1429 duplici
982 1383 1316 1429 propugnatorum
1349 1377 1487 1416 ordine
1510 1377 1693 1416 defende-

204 1448 356 1488 rentur'
380 1447 607 1487 reseruntur
629 1444 675 1483 ad
698 1443 903 1497 superiora
927 1444 1040 1482 ‘haec
1063 1443 1240 1496 imperat'
1264 1449 1379 1492 cett.,
1414 1451 1452 1483 et
1473 1451 1603 1484 castra
1627 1445 1693 1484 de-

205 1516 308 1557 fendi
332 1515 529 1554 dicuntur.
581 1509 627 1551 In
660 1510 906 1564 interpolatis
938 1511 1049 1550 codd.
1077 1525 1145 1563 pro
1178 1511 1236 1550 his
1258 1510 1391 1550 uerbis
1421 1511 1553 1562 inepta
1576 1524 1692 1563 quae-

205 1585 290 1625 dam
313 1583 439 1637 posita
461 1587 569 1630 sunt,
595 1594 647 1619 ex
669 1578 807 1632 quibus
832 1585 870 1618 et
892 1577 1125 1630 optimorum
1148 1579 1259 1617 codd.
1285 1577 1482 1630 scriptura
1505 1576 1691 1617 Dauisius

207 1665 253 1691 ea
276 1649 577 1702 conglutinauit,
603 1661 699 1700 quae
722 1645 822 1699 apud
836 1643 1156 1698 Oudendorpium
1180 1645 1378 1697 leguntur,
1404 1644 1450 1684 de
1474 1644 1613 1696 quibus
1636 1645 1690 1684 di-

205 1732 295 1759 cere
318 1718 413 1757 nibil
435 1716 590 1756 attinet.

319 1782 368 1825 C.
396 1783 463 1833 12,
490 1782 511 1821 ‘l
537 1780 839 1834 Oudendorpius
862 1794 914 1819 ex
936 1779 1115 1833 pessimis
1139 1779 1366 1832 quibusdam
1391 1779 1502 1818 codd.
1536 1779 1590 1818 ita
1613 1778 1692 1818 edi-

205 1855 281 1894 dit:
310 1851 441 1906 ‘Quod
474 1865 558 1891 cum
591 1849 730 1889 cotidie
763 1849 872 1887 tieret
905 1861 950 1886 ac
971 1847 1046 1887 iam
1077 1847 1363 1886 consuetudine
1397 1845 1598 1898 diligentia
1622 1846 1693 1885 mi-

205 1928 417 1969 nueretur,
453 1918 553 1972 quod
585 1917 813 1970 plerumque
846 1915 988 1954 accidit
1009 1914 1292 1963 diuturnitate,
1319 1912 1521 1953 Bellouaci
1544 1913 1691 1953 delecta

204 2003 318 2029 manu
351 1988 518 2041 peditum
552 1984 721 2037 cognitis
753 1982 988 2022 stationibus
1022 1980 1229 2021 cotidianis
1263 1980 1435 2032 equitum
1468 1987 1692 2020 nostrorum

203 2055 450 2097 siluestribus
472 2053 570 2093 locis
592 2051 754 2092 insidias
786 2051 995 2103 disponunt
1016 2050 1228 2101 eodemque
1261 2047 1414 2100 equites
1448 2055 1607 2102 postero
1630 2048 1692 2087 dic

205 2125 378 2171 mittunt,
404 2122 467 2175 qui
489 2120 653 2175 prinlum
676 2119 867 2159 elicerent
888 2123 1046 2157 nostros
1068 2116 1222 2156 insidiis
1239 2147 1248 2164 ,
1284 2116 1423 2156 deinde
1446 2117 1690 2155 circumuen-

204 2199 265 2231 tos
289 2187 632 2244 aggrederentur'.
672 2184 860 2226 ‘Insidiis’
884 2183 1187 2236 Oudendorpius
1209 2190 1315 2222 recte
1339 2184 1414 2222 dici
1437 2183 1690 2223 existimabat

203 2273 273 2313 pro
297 2272 359 2307 eo,
385 2256 485 2310 quod
507 2262 623 2295 antea
647 2254 852 2302 edebatur,
881 2253 935 2291 ‘in
957 2251 1149 2291 insidias'.
1198 2249 1372 2290 Debebat
1395 2259 1502 2290 certe
1524 2264 1690 2302 sequen-

205 2327 307 2366 tibus
329 2324 462 2365 uerbis
486 2324 740 2375 coniungere.
776 2318 877 2360 Cum
898 2320 938 2358 in
961 2318 1128 2370 integris
1151 2318 1262 2357 codd.
1289 2317 1419 2357 omnia
1442 2331 1463 2357 a
1487 2318 1523 2369 ξ.
1556 2317 1570 2356 l
1597 2330 1683 2370 sup.

204 2408 289 2447 cap.
314 2407 437 2446 usque
459 2392 505 2432 ad
530 2392 566 2444 ἓ.
593 2390 616 2430 3
641 2390 754 2429 huius
784 2402 868 2441 cap.
895 2386 1138 2433 exciderint,
1173 2385 1399 2438 interpolati
1431 2384 1490 2423 hic
1525 2384 1687 2437 primani

203 2462 478 2502 auctoritatem
515 2458 707 2497 obtinent.
760 2454 806 2496 In
839 2454 1018 2494 omnibus
1052 2460 1181 2492 autem
1224 2452 1307 2492 eius
1340 2451 1495 2504 generis
1530 2458 1688 2504 praeter

203 2528 373 2582 Scalig,
397 2528 436 2567 in
459 2541 534 2579 quo
557 2524 739 2566 Oudend.
767 2521 949 2562 ‘insidiis'
973 2522 1049 2574 legi
1072 2521 1150 2569 ait,
1175 2519 1365 2573 scriptum
1388 2525 1450 2558 cst
1474 2518 1684 2558 ‘insidiae'.

201 2595 338 2650 Itaque
369 2595 465 2635 uidit
494 2592 692 2634 Whiuins
732 2591 770 2630 id
801 2589 1032 2629 uocabulum
1077 2588 1286 2627 tollendum
1320 2600 1433 2626 esse:
1469 2593 1555 2625 erat
1585 2586 1688 2626 enim

202 2665 243 2704 in
256 2664 434 2717 margine
447 2662 676 2714 ascriptum,
702 2666 754 2705 ut,
778 2658 869 2714 quid
891 2657 963 2697 hoc
980 2656 1064 2696 loco
1079 2655 1364 2702 contineretur,
1389 2652 1598 2693 indicaret.
1624 2651 1688 2694 Si-

203 2733 349 2772 militer
370 2729 599 2770 uocabulum
623 2727 736 2781 paulo
758 2725 942 2773 inferius,
967 2738 1002 2763 c.
1025 2722 1096 2772 24,
1121 2720 1162 2769 3,
1187 2722 1226 2761 in
1249 2721 1404 2774 optimis
1428 2721 1540 2760 codd.
1564 2721 1689 2760 inter-—

204 2801 375 2855 polatum
399 2805 474 2846 est,
498 2797 562 2836 ubi
586 2809 635 2836 ex
659 2792 903 2847 interpolatis
935 2791 1064 2831 editur
1099 2795 1109 2814 ‘
1126 2804 1174 2829 ne
1197 2789 1294 2841 quod
1319 2789 1445 2828 simile
1475 2789 1688 2828 incommo-

204 2870 292 2909 dum
316 2866 514 2908 accideret
535 2862 767 2904 decursione
790 2860 1060 2907 barbarorum,
1085 2871 1130 2898 ac
1149 2857 1353 2910 superiore
1371 2863 1524 2897 aestate
1536 2854 1572 2895 T
1575 2868 1687 2909 erge-
