1835 3240
586 173 770 218 COMM.
796 173 857 216 111
880 172 1002 215 CAP.
1027 170 1232 215 84—87.
1645 173 1728 218 609

175 294 274 335 hanc
303 289 377 331 sibi
407 288 761 330 commodissimam
791 288 882 329 belli
912 287 1107 329 rationem
1127 285 1338 334 iudicauit,
1373 286 1429 326 uti
1451 295 1579 329 castra
1601 302 1653 329 ex

175 376 221 403 eo
241 360 328 400 loco
349 364 528 399 moueret
549 370 780 411 semperque
803 362 910 397 esset
930 356 970 396 in
991 354 1198 396 itineribus
1213 385 1224 404 ‚
1256 354 1352 394 haec
1373 361 1554 408 spectans
1569 387 1579 406 ,
1612 363 1653 396 ut

172 426 376 469 mouendis
394 426 536 466 castris
552 425 801 480 pluribusque
819 423 1007 464 adeundis
1025 423 1124 463 locis
1141 421 1405 462 commodiore
1422 435 1465 462 re
1481 423 1652 462 frumcn-

174 495 274 536 taria
294 502 489 544 uteretur,
505 493 698 546 simulque
720 493 760 533 in
776 492 920 532 itinere
938 498 980 531 ut
997 490 1165 544 aliquam
1182 489 1430 531 occasionem
1447 489 1655 530 dimicandi

126 572 144 603 5
177 563 477 604 nancisceretur
498 569 538 601 et
557 561 757 601 insolitum
780 560 827 599 ad
849 559 1022 600 laborem
1036 557 1197 613 Pompei
1212 558 1431 599 exercitum
1450 557 1656 598 cotidianis

171 631 380 671 itineribus
403 629 652 683 defatigaret.
688 626 761 667 His
785 627 1010 667 constitutis
1032 626 1151 667 rebus
1173 626 1286 680 signo
1305 625 1382 666 iam
1400 625 1655 680 profectionis
1678 624 1702 664 3

175 699 266 739 dato
298 698 640 750 tabernaculisque
672 695 846 735 detensis
869 695 1184 735 animaduersum
1207 700 1267 734 est
1288 693 1403 748 paulo
1425 700 1516 734 ante
1538 699 1655 733 extra

176 767 412 807 cotidianam
435 763 758 806 consuetudinem
780 763 936 816 longius
959 777 982 804 a
1003 762 1107 803 uallo
1129 775 1217 803 esse
1239 762 1363 802 aciem
1384 760 1547 815 Pompei
1569 775 1658 815 pro-

173 849 367 888 gressam,
393 841 435 874 ut
456 847 535 874 non
556 833 690 886 iniquo
713 833 800 873 loco
823 844 938 885 posse
961 829 1137 871 dimicari
1159 829 1375 870 uideretur.
1418 828 1531 870 Tunc
1554 826 1656 870 Cae·
1678 828 1705 868 4

101 910 142 943 10
174 917 241 943 sar
263 903 363 957 apud
384 915 494 951 suos,
522 915 609 941 cum
631 901 708 941 iam
731 906 838 940 esset
859 913 1000 952 agmen
1020 898 1061 938 in
1083 897 1225 951 portiS‚
1254 896 1542 938 ‘Differendum
1564 896 1655 948 est'‚

172 970 324 1024 inquit,
362 970 455 1010 ‘iter
474 970 515 1010 in
548 968 773 1023 praesentia
806 967 919 1007 nobis
948 973 987 1007 et
1018 966 1065 1006 dc
1085 965 1236 1019 proelio
1257 965 1532 1019 cogitandum,
1558 965 1660 1006 sicut

174 1051 332 1091 semper
361 1036 673 1091 depoposcimus.
715 1034 861 1074 Animo
891 1034 1013 1075 simus
1042 1033 1091 1074 ad
1112 1033 1373 1073 dimicandum
1396 1034 1544 1087 parati:
1580 1047 1659 1073 non

175 1105 290 1146 facile
321 1104 572 1146 occasionem
601 1110 738 1158 postea
768 1101 1025 1156 reperiemus'
1049 1101 1337 1154 confestimque
1365 1101 1570 1155 expeditas
1593 1114 1659 1141 co-

175 1174 259 1227 pias
290 1173 435 1214 educit.
477 1170 690 1225 Pompeius
722 1184 901 1224 quoque,
935 1176 978 1211 ut
1008 1176 1148 1224 postea
1169 1169 1370 1224 cognitum
1392 1175 1475 1219 est,
1499 1182 1660 1209 suorum
1675 1167 1734 1211 86

106 1250 144 1281 15
177 1241 349 1282 omnium
388 1241 548 1280 hortatu
578 1246 773 1280 statuerat
803 1238 952 1293 proelio
985 1238 1206 1279 decertare.
1258 1236 1441 1290 Namque
1472 1237 1590 1278 etiam
1621 1237 1663 1276 in

178 1309 343 1350 consilio
365 1308 633 1362 superioribus
656 1307 793 1348 diebus
807 1307 979 1357 dixerat,
996 1305 1222 1359 priusquam
1236 1313 1523 1346 concurrerent
1535 1306 1659 1357 acies,

179 1378 281 1428 fore,
305 1377 363 1417 uti
385 1377 587 1417 exercitus
603 1373 790 1416 Caesaris
813 1375 1043 1429 pelleretur.
1066 1372 1110 1414 Id
1132 1389 1219 1415 cum
1242 1381 1379 1414 essent
1399 1373 1574 1427 plerique
1594 1374 1661 1414 ad-
1682 1373 1710 1416 2

179 1446 333 1495 mirati,
362 1442 472 1498 ‘Scio
495 1444 586 1494 me',
610 1444 762 1497 inquit,
798 1450 939 1497 ‘paene
961 1442 1231 1483 incredibilem
1253 1455 1336 1482 rem
1359 1441 1559 1496 polliceri3
1593 1441 1662 1482 sed

178 1513 372 1553 rationem
394 1512 549 1553 consilii
565 1513 642 1553 mei
659 1512 840 1566 accipite,
856 1525 932 1564 quo
950 1511 1122 1552 firmiore
1140 1511 1269 1551 auimo
1283 1511 1324 1551 in
1342 1510 1531 1564 proelium
1548 1510 1663 1564 prod-

102 1587 145 1621 20
177 1581 294 1624 eatis.
337 1579 528 1622 Persuasi
557 1579 754 1634 equitibus
786 1580 934 1620 nostris
955 1579 1098 1632 (idque
1126 1579 1220 1619 mihi
1250 1580 1424 1620 facturos
1455 1580 1661 1620 confirma·
1683 1577 1709 1618 3

178 1650 369 1701 uerunt),
393 1655 462 1699 ut,
497 1663 583 1689 cum
614 1649 772 1703 propius
795 1648 847 1688 sit
867 1661 1072 1688 accessum
1089 1678 1100 1698 ‚
1125 1648 1307 1688 dextrum
1331 1644 1518 1688 Caesaris
1541 1661 1665 1688 cornu

177 1716 225 1756 ab
258 1717 383 1757 latere
404 1724 541 1771 aperto
563 1717 876 1771 adgrederentur
897 1723 936 1756 et
958 1716 1225 1757 circumuenta
1247 1715 1294 1755 ab
1319 1722 1427 1769 tergo
1450 1715 1532 1756 acie
1555 1715 1663 1768 prius

177 1784 448 1839 perturbatum
481 1784 701 1825 exercitum
731 1785 949 1837 pellerent,
984 1797 1099 1837 quam
1128 1798 1151 1823 a
1173 1784 1286 1824 nobis
1308 1784 1428 1823 telum
1451 1784 1491 1823 in
1513 1784 1664 1823 hostem

177 1852 394 1893 iaceretur.
427 1852 486 1893 lta
509 1853 594 1893 sine
617 1852 790 1907 periculo
812 1853 1010 1906 legionum
1032 1859 1072 1892 et
1092 1865 1217 1906 paene
1237 1853 1323 1892 sine
1342 1852 1504 1892 uulnere
1520 1851 1664 1892 bellum
1686 1850 1713 1891 4

103 1927 145 1959 ‘25
178 1921 444 1961 conficiemus.
477 1918 523 1961 Id
544 1927 675 1961 autem
697 1920 849 1960 difficile
871 1935 951 1960 non
974 1928 1049 1968 est,
1065 1934 1152 1960 cum
1171 1927 1321 1961 tantum
1339 1920 1515 1973 equitatu
1532 1920 1665 1959 ualea-

180 1988 293 2029 mus'.
333 1985 462 2028 Simul
493 1989 763 2039 denuntiauit,
788 1996 831 2029 ut
861 1996 995 2030 esseut
1021 1989 1151 2029 animo
1174 1989 1302 2043 parati
1324 1989 1363 2028 in
1385 1995 1586 2042 posterum
1609 1995 1664 2038 et,
1688 1988 1713 2027 5

181 2056 363 2109 quoniam
384 2057 496 2097 fieret
518 2056 726 2097 dimicandi
749 2063 946 2111 potestas,
981 2064 1023 2096 ut
1044 2071 1163 2110 saepe
1186 2056 1498 2110 cogitauisseut,
1524 2069 1573 2096 ne
1596 2069 1668 2095 usu

180 2138 375 2178 manuque
397 2125 637 2178 reliquorum
660 2125 882 2179 opinionem
906 2125 1102 2166 fallerent.
1148 2124 1262 2165 Hunc
1284 2123 1483 2164 Labienus
1506 2124 1664 2178 excepit
1680 2122 1740 2167 87

325 2270 347 2304 2
365 2270 449 2302 haec
468 2280 489 2302 α
503 2270 533 2310 b,
554 2270 617 2302 hoc
636 2281 672 2303 u.
836 2276 994 2314 spectans
1013 2270 1230 2312 Stephanus,
1251 2278 1389 2312 sperans
1408 2268 1509 2301 codd.
1527 2268 1567 2300 P.
1591 2268 1667 2301 185.

326 2323 346 2355 3
367 2323 595 2354 commodiore
614 2334 650 2355 re
670 2323 894 2355 frumentaria
913 2334 1000 2365 ego5
1020 2322 1207 2354 commodio
1227 2332 1261 2353 re
1283 2320 1507 2353 frumentarie
1526 2330 1560 2361 a,
1582 2330 1670 2351 com-

183 2374 279 2405 modo
297 2374 347 2405 rei
368 2373 616 2406 frumentariae
637 2375 678 2415 ὃς
698 2376 926 2407 commodiore
948 2375 1172 2407 frumentaria
1192 2385 1227 2405 re
1247 2384 1282 2405 u.
1445 2373 1465 2404 4
1485 2372 1672 2404 dimicandi

186 2435 254 2456 om.
276 2426 307 2457 b.
450 2426 468 2457 5
487 2424 624 2467 Pompei
642 2435 677 2456 α.
817 2425 836 2457 ὃ
857 2426 1022 2467 fatigaret
1041 2426 1072 2457 b.
1228 2425 1246 2457 7
1267 2425 1414 2456 animum
1433 2424 1616 2456 aduersum
1635 2433 1669 2456 a.

1181 2483 1462 2515 consuetudinem

329 2531 407 2558 ante
424 2545 469 2549 —
487 2528 768 2559 consuetudinem
787 2538 856 2561 om.
879 2529 909 2561 b.
1029 2533 1127 2561 extra
1151 2487 1410 2574 [conditionem
1485 2527 1617 2568 longius
1636 2537 1669 2558 α.

329 2577 349 2609 8
366 2576 501 2620 Pompei
519 2589 553 2610 α.
696 2579 733 2611 11
756 2579 871 2620 inquid
891 2590 924 2611 a.
1075 2581 1164 2612 sicut
1183 2591 1320 2623 semper
1337 2580 1463 2617 Aldus,
1486 2579 1514 2610 si
1532 2583 1570 2609 ut
1587 2588 1674 2609 sem-

189 2636 251 2669 per
267 2636 288 2658 a
301 2627 318 2658 b
332 2637 361 2657 0·
499 2629 540 2663 12
559 2629 664 2661 simus
684 2629 723 2660 P.
746 2629 948 2670 Manutius,
971 2639 1087 2661 sumus
1106 2640 1126 2661 a
1140 2631 1157 2661 b
1171 2641 1200 2662 c.
1342 2629 1624 2672 13repperie1nus
1637 2637 1672 2658 α.

334 2679 373 2711 14
393 2680 576 2723 cognitum]
595 2686 804 2723 compertum
825 2682 856 2713 b.
1000 2681 1039 2713 15
1060 2681 1176 2724 etiam]
1197 2687 1310 2714 autem
1325 2683 1356 2714 b.
1500 2680 1540 2712 16
1554 2679 1672 2710 diebus

191 2740 257 2761 om.
279 2739 313 2760 α.
457 2731 497 2763 17
516 2733 706 2774 pelleretur
723 2744 793 2765 om.
813 2744 834 2764 a
849 2734 878 2772 b,
901 2738 1157 2775 expugnaretur
1174 2745 1203 2766 c.
1347 2734 1387 2767 18
1406 2732 1522 2774 inquid
1541 2740 1672 2773 penea.

335 2782 374 2814 10
394 2782 426 2813 in
446 2793 514 2814 om.
535 2784 600 2814 ab.
786 2785 829 2818 20
849 2783 947 2826 mihi]
968 2784 1051 2816 inibi
1069 2785 1134 2817 ab.
1304 2785 1455 2816 facturos
1474 2793 1494 2814 a
1508 2783 1526 2813 b
1545 2784 1563 2815 3
1583 2782 1671 2813 dett.

196 2832 307 2872 mliv,
329 2842 365 2863 se
387 2831 539 2864 facturos
558 2843 593 2864 u.
752 2836 796 2869 22
814 2836 1089 2876 adgrederentur
1107 2846 1141 2868 a.
1301 2841 1335 2866 ct
1353 2846 1373 2866 a
1389 2835 1418 2874 b,
1440 2838 1477 2864 ut
1496 2843 1529 2864 n.

188 2885 232 2918 24
246 2893 331 2926 pene
345 2893 378 2915 α.
516 2884 559 2916 27
569 2894 648 2927 sepe
661 2895 696 2926 α,
716 2896 848 2928 semper
861 2887 892 2918 b.
1036 2887 1079 2920 28
1091 2896 1191 2918 manu
1204 2897 1224 2917 (ι
1239 2887 1294 2927 be,
1316 2894 1472 2917 manuum
1486 2884 1520 2916 d.
1540 2884 1578 2915 P.
1596 2883 1671 2917 186.

211 2949 331 2985 Caesar,
347 2949 392 2977 ed.
409 2948 550 2987 Nippcrd.
1393 2940 1446 2980 39
