1835 3240
115 900 155 933 10

118 1239 157 1271 15

613 162 797 207 COMM.
821 163 861 208 V
882 162 1008 206 CAP.
1032 162 1234 205 46—49.
1659 168 1740 209 375

185 282 376 336 equitatus
399 277 669 332 peditatusque
691 278 824 333 copias
835 277 1103 319 Treuerorum
1125 277 1197 316 tria
1213 275 1318 315 milia
1342 290 1523 329 passuum
1547 280 1662 334 longe

185 350 232 391 ab
254 348 335 389 suis
358 346 501 387 castris
524 346 768 386 consedisse.
813 344 967 387 Caesar
988 344 1153 386 consilio
1175 344 1259 383 eius
1285 343 1464 397 probato,
1490 347 1562 385 etsi
1577 348 1657 400 opi·
1677 348 1737 393 48

183 417 300 458 nione
322 414 437 455 trium
460 414 657 468 legionum
681 414 855 454 deiectus
877 414 924 454 ad
947 414 1042 453 duas
1064 412 1253 459 redierat,
1278 418 1408 451 tamen
1430 425 1546 451 unum
1561 427 1664 454 com-

182 483 310 524 munis
332 483 469 523 salutis
492 482 680 522 auxilium
703 482 744 522 in
767 481 972 521 celeritate
996 481 1180 534 ponebat.
1234 478 1358 520 Venit
1380 479 1531 532 magnis
1554 480 1668 521 itine-
1687 481 1715 522 2

186 551 294 592 ribus
323 550 364 590 in
385 549 630 590 Neruiorum
652 550 766 589 lines.
819 547 876 588 lbi
908 562 959 588 ex
991 548 1156 601 captiuis
1186 546 1414 601 cognoscit,
1447 561 1547 599 quae
1569 548 1670 600 apud

186 617 422 660 Ciceronem
445 624 648 672 gerantur,
673 623 897 669 quantoque
919 616 959 655 in
981 616 1154 669 periculo
1176 629 1240 655 res
1263 614 1330 654 sit.
1381 613 1482 654 Tum
1517 615 1665 655 cuidam
1689 615 1714 656 3

184 702 238 729 ex
260 686 451 741 equitibus
476 684 601 725 Gallis
632 684 783 738 magnis
816 683 999 737 praemiis
1022 684 1256 737 persuadet,
1282 683 1337 722 uti
1360 683 1406 722 ad
1431 680 1670 723 Ciceronem

188 755 392 810 epistolam
417 754 580 794 deserat.
616 752 727 792 Hanc
742 750 907 792 Graecis
931 751 1194 804 conscriptam
1216 750 1359 790 litteris
1383 750 1516 801 mittit,
1542 764 1591 790 ne
1612 750 1670 790 in·
1692 750 1719 790 4

187 830 361 877 tercepta
385 821 550 875 epistola
573 827 707 860 nostra
728 820 775 859 ab
799 819 975 859 hostibus
998 819 1162 859 consilia
1185 824 1490 871 cognoscantur.
1523 816 1567 859 Si
1589 818 1670 859 adi·
1693 816 1718 858 5

188 906 230 933 re
253 907 332 932 non
355 890 501 944 possit,
527 895 685 938 monet,
713 894 749 928 ut
774 888 965 941 tragulam
989 900 1075 926 cum
1098 886 1263 940 epistola
1286 887 1332 925 ad
1355 893 1552 926 amentum
1576 885 1672 926 deli-

188 967 277 1014 gata
300 960 404 998 int-ra
428 956 683 997 munitionem
707 963 926 996 castrorum
944 955 1100 995 abiciat.
1136 952 1181 994 In
1204 953 1349 994 litteris
1364 954 1501 994 scribit
1522 967 1564 994 se
1586 968 1673 994 eum
1694 952 1721 994 6

186 1026 406 1081 legionibus
430 1026 645 1079 profectum
670 1024 852 1065 celeriter
874 1024 1033 1073 adfore3
1069 1023 1272 1071 hortatur,
1304 1029 1346 1061 ut
1368 1022 1574 1075 pristinam
1598 1022 1676 1061 uir·

188 1101 309 1135 tutem
332 1094 517 1134 retineat.
582 1090 719 1132 Gallus
751 1092 968 1146 periculum
1000 1091 1172 1140 ueritus,
1217 1097 1259 1129 ut
1288 1096 1375 1129 erat
1404 1096 1672 1143 praeceptum,
1696 1088 1722 1129 7

190 1162 383 1216 tragulam
405 1162 537 1201 mittit.
581 1159 692 1200 Haec
721 1174 816 1200 casu
848 1160 896 1200 ad
928 1159 1067 1199 turrim
1099 1158 1278 1199 adhaesit
1309 1171 1436 1210 neque
1458 1157 1504 1197 ab
1528 1157 1673 1196 nostris
1697 1155 1724 1196 8

190 1230 308 1271 biduo
331 1229 609 1270 animaduersa
631 1228 747 1269 tertio
771 1228 832 1268 die
853 1243 875 1268 a
898 1228 1063 1281 quodam
1086 1227 1208 1266 milite
1231 1225 1470 1279 conspicitur
1485 1256 1494 1274 ‚
1521 1225 1677 1278 dempta

191 1300 240 1339 ad
262 1295 498 1338 Ciceronem
522 1297 712 1337 defertur.
738 1295 807 1336 llle
831 1297 1043 1350 perlectam
1067 1295 1106 1334 in
1129 1301 1327 1334 conuentu
1350 1294 1513 1334 militum
1536 1292 1679 1332 recitat
1699 1290 1726 1331 9

193 1366 442 1418 maximaque
465 1378 600 1405 omnes
623 1364 771 1405 laetitia
795 1365 940 1404 adlicit.
1005 1363 1110 1403 Tum
1132 1362 1226 1402 fumi
1249 1362 1518 1402 incendiorum
1543 1360 1679 1414 procul
1703 1358 1755 1399 10

195 1434 454 1483 uidebantur3
500 1446 598 1486 quae
630 1446 694 1472 res
734 1445 889 1472 omnem
927 1431 1208 1471 dubitationem
1250 1430 1443 1469 aduentus
1479 1429 1679 1481 legionum

194 1501 358 1555 expulit.
405 1500 508 1541 Galli
539 1514 582 1540 re
605 1500 759 1553 cognita
784 1514 852 1553 per
874 1499 1145 1553 exploratores
1169 1497 1410 1537 obsidionem
1433 1496 1676 1549 relinquunt,
1700 1494 1756 1539 49

193 1570 240 1609 ad
263 1566 480 1609 Caesarem
502 1569 680 1609 omnibus
703 1568 824 1621 copiis
847 1567 1102 1607 contendunt.
1149 1564 1236 1606 Hae
1259 1572 1372 1606 erant
1393 1571 1543 1605 armata
1566 1564 1682 1604 circi-

195 1644 257 1678 ter
278 1637 383 1676 milia
405 1643 481 1676 LX.
540 1634 683 1677 Cicero
706 1636 794 1676 data
817 1636 1001 1676 facultate
1025 1634 1180 1675 Gallum
1213 1634 1259 1673 ab
1283 1633 1419 1673 eodem
1442 1631 1678 1682 Verticone‚
1702 1630 1730 1672 2

194 1719 309 1758 quem
331 1718 450 1757 supra
472 1704 848 1753 demonstrauimus,
872 1704 1032 1757 repetit,
1059 1702 1122 1755 qui
1143 1702 1297 1742 litteras
1320 1701 1366 1740 ad
1378 1697 1592 1739 Caesarem
1616 1700 1683 1740 de-

194 1774 320 1822 ferat3
347 1772 448 1811 hunc
470 1772 668 1820 admonet,
693 1772 770 1812 iter
791 1778 905 1812 caute
929 1771 1215 1825 diligenterque
1238 1768 1377 1810 faciat:
1411 1767 1621 1821 perscribit
1642 1767 1683 1807 in
1705 1766 1729 1807 3

193 1840 336 1881 litteris
370 1840 502 1880 hostes
535 1839 581 1880 ab
613 1854 656 1880 se
689 1840 923 1880 discessisse
955 1852 1188 1892 omnemque
1211 1838 1258 1878 ad
1281 1851 1368 1877 eum
1393 1835 1684 1876 multitudinem

197 1908 460 1949 conuertisse.
516 1906 669 1960 Quibus
700 1908 844 1948 litteris
876 1907 1033 1948 circiter
1066 1907 1194 1947 media
1230 1912 1345 1946 nocte
1370 1902 1523 1945 Caesar
1544 1903 1683 1944 adlatis
1705 1901 1733 1942 4

197 1990 288 2017 suos
312 1977 405 2016 facit
426 1976 617 2017 certiores
650 1990 796 2030 eosque
827 1977 875 2017 ad
906 1976 1165 2016 dimicandum
1188 1974 1318 2015 animo
1342 1973 1564 2013 confirmat.
1607 1969 1686 2012 Po·
1708 1968 1732 2009 5

196 2052 304 2085 stero
328 2044 388 2083 die
410 2043 497 2084 luce
528 2044 652 2097 prima
685 2052 819 2085 mouet
839 2051 972 2085 castra
996 2051 1035 2084 et
1058 2043 1216 2084 circiter
1237 2041 1344 2082 milia
1366 2054 1553 2095 passuum
1575 2046 1686 2092 quat-

200 2119 288 2152 tuor
309 2125 545 2166 progressus
570 2120 679 2153 trans
702 2113 844 2153 uallem
875 2120 915 2153 et
936 2112 1064 2152 riuum
1088 2111 1375 2151 multitudinem
1400 2108 1571 2149 hostium
1594 2121 1688 2147 con-

345 2255 359 2288 1
381 2253 602 2288 Treuirorum
622 2255 687 2298 (a).
828 2266 865 2288 111
884 2266 1046 2298 suprasc.
1067 2265 1085 2286 a
1104 2265 1138 2287 a.
1298 2253 1317 2285 3
1338 2251 1550 2284 communius
1568 2250 1690 2282 salutis

199 2307 249 2347 A,
271 2307 439 2338 communi
458 2307 568 2339 salute
586 2318 607 2338 a
627 2307 673 2349 (is
693 2307 840 2346 comuni)
860 2307 918 2338 be.
1062 2306 1101 2338 10
1122 2305 1308 2346 deligatam
1331 2304 1415 2336 CD.
1558 2301 1597 2333 11
1619 2311 1691 2332 ιηιι-

201 2359 363 2391 nitionem
385 2360 480 2393 ‘vn-ss.
495 2359 689 2402 plerique’‚
709 2360 914 2391 munitiones
932 2357 984 2398 (a)
1004 2369 1021 2389 e
1039 2368 1075 2389 u.
1291 2355 1431 2388 obiiciat
1452 2354 1470 2385 b
1489 2353 1632 2395 (abiciat
1650 2363 1688 2392 e,

203 2410 342 2442 abiiciat
359 2410 440 2452 (a)).
580 2421 655 2442 cum
674 2411 809 2450 legione
829 2420 906 2441 esse
927 2408 1119 2452 profectum
1138 2418 1159 2440 a
1175 2408 1205 2440 b.
1357 2407 1397 2440 13
1417 2416 1439 2437 a
1458 2415 1541 2437 uoce
1560 2404 1694 2446 perieu-

202 2460 271 2492 lum
287 2470 412 2493 rm‘sus
431 2463 561 2502 incipit
576 2461 626 2502 B,
646 2461 709 2492 sed
725 2460 802 2492 αἰία
821 2471 943 2492 mana.
1090 2459 1131 2492 14
1151 2464 1279 2490 turrem
1300 2458 1332 2490 b.
1496 2454 1633 2486 adhesit
1650 2453 1692 2485 B.

348 2513 387 2545 15
407 2511 555 2554 dempta]
576 2512 710 2544 tollitur
729 2514 971 2553 eumpzmetis
989 2512 1054 2543 sub
1074 2515 1087 2543 t
1105 2513 1139 2542 et
1158 2516 1213 2541 tur
1233 2510 1264 2542 b.
1426 2506 1467 2539 16
1485 2505 1640 2548 perlecta
1660 2504 1691 2534 b-

349 2562 390 2595 17
408 2563 524 2595 adficit
540 2564 585 2596 B.
724 2564 766 2597 20
786 2564 848 2594 bae
868 2564 898 2595 B
912 2564 1003 2605 CI),
1024 2564 1065 2595 he
1084 2574 1120 2604 e,
1142 2562 1227 2594 haec
1242 2562 1296 2601 A‚·
1315 2569 1377 2592 eae
1389 2569 1422 2591 v.
1562 2561 1695 2589 armata

208 2625 292 2656 ego,
313 2620 463 2647 armatae
482 2616 556 2648 AB
571 2617 657 2649 Cbe
677 2616 728 2648 ‘et
743 2616 813 2648 alii
831 2616 874 2657 5³3
895 2621 1105 2648 armatorum
1124 2625 1159 2647 u.
1179 2615 1220 2646 P.
1240 2613 1297 2647 82.
1452 2609 1491 2645 21
1514 2607 1694 2647 sexaginta

210 2667 286 2707 (B).
428 2665 561 2698 Gallum
581 2668 724 2700 eundem
743 2665 965 2700 Verticonem
986 2668 1002 2698 b
1016 2668 1077 2699 dc.
1218 2665 1262 2699 22
1275 2662 1404 2705 reperit
1419 2660 1530 2692 ‘NISS-'
1544 2661 1695 2702 Ill'aelffl'

209 2717 296 2749 duos
317 2716 418 2757 dett„
437 2717 591 2760 repperit
606 2718 650 2750 B.
837 2716 976 2749 deferat
993 2717 1024 2749 B
1042 2720 1078 2749 et
1093 2715 1238 2757 reliqui,
1260 2713 1393 2745 referat
1412 2713 1429 2744 b
1441 2712 1504 2743 de.

210 2769 253 2802 22
272 2767 423 2799 discesse
445 2768 476 2799 b.
615 2769 656 2804 25
675 2768 820 2800 mediam
840 2772 972 2800 noctem
984 2778 1014 2799 e.
1156 2766 1285 2798 Caesar
1298 2767 1385 2807 post
1402 2762 1529 2795 litteris
1542 2762 1653 2804 pouit
1663 2760 1692 2791 b.

354 2817 479 2849 adlatis
499 2818 544 2850 B.
681 2819 723 2854 26
741 2824 878 2862 postera
900 2818 930 2850 B
949 2818 1046 2849 ‘ms-S.
1069 2817 1113 2850 7⁷.
1253 2814 1297 2850 27
1310 2813 1415 2845 mouit
1427 2814 1456 2844 b.
1600 2815 1697 2852 quat-

214 2874 302 2910 tuor,
325 2879 392 2901 non
412 2873 567 2911 quatuor,
587 2869 630 2902 B.
792 2871 836 2904 28
853 2869 979 2901 uallem
998 2870 1029 2901 B
1047 2873 1080 2901 cc
1099 2870 1230 2909 ceteri,
1251 2866 1375 2899 uallem
1394 2873 1548 2905 magnam
1570 2864 1587 2896 b
1602 2863 1693 2895 cde.
