1835 3240
73 905 114 938 10

75 1245 115 1277 15

78 1584 122 1619 20

79 1924 121 1957 25

541 172 727 216 COMM.
751 172 852 217 VIII
874 170 1000 215 CAP.
1024 169 1224 213 50-53,
1619 173 1700 217 491

144 291 360 346 pabantur,
394 293 437 328 ut
464 288 529 328 uel
560 287 840 341 spectatissimi
870 285 1056 339 triumphi
1086 285 1236 325 laetitia
1268 285 1442 339 praecipi
1473 296 1623 340 posset.

144 358 276 399 Tanta
297 363 384 397 erat
403 355 695 410 magnificentia
715 355 815 409 apud
838 354 1105 408 opulentiores
1121 383 1131 401 ‚
1166 352 1359 406 cupiditas
1381 354 1483 406 apud
1504 355 1628 396 humi-

143 424 277 465 tiores.
322 421 423 465 Cum
446 438 581 465 omnes
604 424 788 478 regiones
810 421 963 463 Galliae
996 428 1152 475 togatae
1175 418 1329 461 Caesar
1358 423 1627 474 percucurris-
1647 425 1704 469 52

143 498 219 542 set,
243 505 395 532 summa
417 492 624 532 celeritate
655 491 702 531 ad
725 491 943 530 exercitum
964 488 1304 530 Nemetocennam
1326 489 1446 529 rediit
1466 489 1632 544 legioni-

148 560 299 613 busque
321 575 372 601 ex
394 560 573 600 omnibus
596 558 769 598 hibernis
793 558 839 597 ad
862 557 959 597 fines
980 555 1248 597 Treuerorum
1271 557 1448 597 euocatis
1475 571 1521 597 eo
1544 571 1634 611 pro-

146 628 273 668 fectus
296 635 355 669 est
375 629 505 681 ibique
529 626 748 668 exercitum
769 625 969 666 lustrauit.
1024 623 1074 664 T.
1099 622 1321 664 Labienum
1345 623 1500 665 Galliae
1524 631 1633 678 toga·
1653 624 1682 666 2

144 703 209 736 tae
230 696 434 749 praefecit,
460 709 535 748 quo
557 694 707 734 maiore
730 692 1069 733 commendatione
1084 692 1365 733 conciliaretur
1387 693 1433 732 ad
1452 693 1635 732 consula-

146 771 207 803 tus
229 764 473 818 petitionem.
517 761 607 815 Ipse
629 768 781 801 tantum
802 761 988 801 itinerum
1009 759 1192 810 faciebat,
1218 767 1404 813 quantum
1426 760 1523 800 satis
1546 773 1636 800 esse

147 832 195 872 ad
225 831 480 871 mutationem
522 831 698 870 locorum
738 835 899 883 propter
940 827 1212 868 salubritatem
1255 828 1522 868 existimabat.
1574 825 1635 868 Ibi
1656 826 1682 868 3

147 911 381 952 quamquam
410 898 550 939 crebro
582 897 766 938 audiebat
796 895 1018 937 Labienum
1051 895 1098 935 ab
1128 895 1297 935 inimicis
1328 896 1409 935 suis
1432 894 1638 936 sollicitari

147 967 372 1020 certiorque
393 966 511 1006 fiebat
531 966 570 1006 id
591 965 653 1018 agi
677 978 891 1019 paucorum
914 962 1089 1003 consiliis
1105 992 1115 1010 ‚
1155 969 1199 1003 ut
1218 963 1453 1016 interposita
1474 969 1637 1004 senatus

146 1034 386 1075 auctoritate
408 1034 539 1086 aliqua
561 1039 669 1087 parte
693 1032 895 1073 exercitus
918 1031 1173 1085 spoliaretur,
1198 1037 1327 1071 tamen
1350 1044 1476 1083 neque
1498 1031 1543 1071 de
1558 1029 1640 1071 La-

148 1100 265 1142 bicno
288 1101 453 1142 credidit
474 1101 678 1155 quicquam
702 1112 851 1153 neque,
876 1106 1015 1139 contra
1036 1105 1199 1139 senatus
1213 1100 1489 1139 auctoritatem
1504 1105 1546 1138 ut
1568 1097 1640 1137 ali-

148 1169 238 1222 quid
259 1171 432 1219 faceret,
466 1170 593 1224 potuit
624 1168 779 1208 adduci.
822 1165 1029 1207 Iudicabat
1059 1166 1162 1207 enim
1184 1166 1320 1207 liberis
1342 1166 1550 1207 sententiis
1573 1178 1640 1219 pa·
1659 1163 1687 1204 4

148 1243 252 1277 trum
274 1238 587 1291 conscriptorum
609 1250 767 1277 eausam
790 1250 899 1276 suani
922 1235 1036 1275 facile
1059 1234 1243 1288 optineri.
1292 1233 1399 1275 Nam
1423 1230 1473 1274 C.
1499 1230 1639 1282 Curio,

150 1305 331 1345 tribunus
354 1305 493 1359 plebis,
522 1320 607 1345 cum
631 1302 819 1345 Caesaris
843 1318 1001 1344 causam
1025 1302 1335 1356 dignitatemque
1358 1302 1642 1343 defendendam

150 1373 409 1427 suscepisset,
434 1386 552 1426 saepe
574 1379 661 1413 erat
681 1371 837 1412 senatui
859 1371 1082 1425 pollicitus,
1107 1371 1141 1411 si
1163 1384 1277 1423 quem
1302 1370 1419 1410 timor
1440 1383 1642 1410 armorum

152 1437 554 1490 Caesarislaederet,
579 1440 761 1493 quoniam
783 1438 945 1493 Pompei
969 1438 1183 1479 dominatio
1206 1445 1323 1493 atque
1344 1451 1452 1478 arma
1476 1451 1554 1477 non
1571 1436 1644 1476 mi-

151 1509 298 1549 nimum
322 1516 517 1549 terrorem
539 1510 624 1548 foro
647 1508 856 1557 inferrent,
882 1507 1103 1547 discederet
1123 1512 1290 1559 uterque
1312 1505 1359 1545 ab
1382 1504 1502 1545 armis
1526 1517 1643 1545 exer-

155 1577 333 1629 citusque
356 1576 595 1616 dimitteret:
631 1577 716 1616 sore
748 1590 795 1617 eo
826 1577 930 1616 facto
963 1575 1128 1615 liberam
1159 1579 1200 1614 et
1220 1574 1281 1614 sui
1302 1573 1399 1614 iuris
1423 1573 1638 1613 ciuitatem.

150 1643 296 1697 Neque
318 1644 391 1684 hoc
414 1651 564 1684 tantum
588 1644 785 1698 pollicitus
818 1650 903 1691 est,
938 1644 1008 1683 sed
1039 1643 1157 1683 etiam
1188 1656 1259 1696 per
1287 1654 1330 1682 se
1363 1640 1645 1681 discessionem
1666 1637 1691 1679 5

151 1712 285 1752 facere
307 1712 460 1766 coepit3
485 1713 586 1765 quod
608 1725 658 1752 ne
680 1712 810 1760 fieret,
835 1711 1018 1751 consules
1041 1710 1233 1763 amicique
1255 1708 1419 1763 Pompei
1440 1708 1645 1748 iusserunt

152 1786 267 1833 atque
288 1780 343 1820 ita
366 1793 450 1819 rem
473 1780 709 1819 moderando
733 1779 1019 1819 discusserunt.
1064 1777 1256 1832 Magnum
1280 1777 1352 1817 hoc
1376 1775 1642 1817 testimonium
1665 1774 1722 1820 53

155 1855 316 1889 senatus
338 1854 426 1888 erat
455 1847 633 1888 uniuersi
662 1846 983 1899 conueniensqne
1006 1845 1201 1899 superiori
1223 1846 1342 1885 facto.
1404 1843 1512 1885 Nam
1534 1842 1646 1884 Mar-

154 1916 278 1956 cellus
300 1915 481 1968 proximo
503 1929 624 1966 anno,
650 1929 737 1955 cum
758 1915 997 1969 inpugnaret
1020 1911 1213 1954 Caesaris
1235 1913 1481 1967 dignitatem,
1507 1919 1646 1952 contra

155 1984 282 2037 legem
304 1981 467 2037 Pompei
490 1989 528 2023 et
549 1981 689 2024 Crassi
710 1983 902 2023 retulerat
923 1988 1014 2021 ante
1036 1988 1190 2035 tempus
1213 1981 1258 2021 ad
1282 1987 1462 2020 senatum
1485 1980 1531 2019 de
1544 1976 1647 2020 Cae—

156 2051 258 2092 saris
279 2051 510 2105 prouinciis‚
535 2051 821 2104 sententiisque
843 2049 956 2090 dictis
979 2049 1261 2089 discessionem
1285 2048 1453 2088 faciente
1474 2045 1648 2088 Marcel-

156 2119 218 2170 lo,
243 2119 307 2172 qui
328 2119 404 2159 sibi
426 2133 582 2160 omnem
606 2118 834 2172 dignitatem
858 2132 912 2159 ex
934 2115 1124 2158 Caesaris
1146 2116 1294 2157 inuidia
1319 2114 1559 2169 quaerebat,
1584 2128 1647 2156 se-

158 2194 272 2228 natus
304 2188 488 2241 frequens
519 2187 560 2228 in
592 2187 669 2228 alia
701 2187 832 2227 omnia
863 2186 1035 2227 transiit.
1081 2182 1233 2237 Quibus
1265 2198 1345 2224 non
1367 2182 1696 2238 frangebantur2

304 2303 317 2334 1
339 2301 584 2345 spectatissimi
603 2311 679 2343 ego,
701 2300 994 2343 exspectatissimi
1013 2299 1115 2331 codd.
1134 2298 1176 2331 P.
1198 2298 1277 2331 123.
1449 2297 1579 2340 percipi
1597 2307 1618 2329 a
1632 2307 1649 2329 e

162 2354 256 2386 ἠως.
277 2351 323 2386 4‘.
499 2355 519 2387 2
539 2353 736 2385 humiliores
755 2363 793 2392 e‚·
812 2353 972 2384 meliores
994 2353 1081 2385 Cbc
1097 2354 1135 2383 et
1151 2362 1219 2383 seo.
1240 2360 1287 2382 m.
1308 2360 1341 2389 α,
1363 2350 1595 2390 opulentiores
1613 2361 1647 2383 a·

301 2407 322 2439 4
340 2415 469 2437 summa
488 2406 669 2438 celeritate
687 2405 742 2448 (a)
761 2409 798 2437 et
815 2405 967 2446 reliqui,
998 2414 1128 2436 summa
1146 2413 1221 2436 cum
1240 2401 1422 2434 celeritate
1451 2403 1526 2434 bce
1545 2405 1579 2434 et
1595 2402 1648 2442 A,

162 2456 274 2488 ‘euius
290 2457 346 2488 liic
361 2467 488 2489 rursus
508 2459 641 2499 incipit
656 2467 783 2489 manus
801 2456 934 2488 recens’
953 2456 1008 2497 (P.
1030 2456 1101 2496 39).
1306 2453 1597 2487 Nemotocennam
1618 2455 1649 2487 b.

302 2509 391 2542 redit
409 2520 426 2541 e
447 2510 544 2541 ‘msa
564 2508 609 2543 3⁷.
798 2510 815 2541 5
836 2507 1060 2541 Treuirorum
1079 2518 1115 2540 a.
1296 2506 1332 2538 11
1356 2506 1455 2538 fieret
1474 2507 1505 2538 b.

165 2559 203 2591 13
223 2559 399 2602 quicquam
411 2572 444 2602 a,
465 2573 535 2594 non
549 2562 665 2605 quidq.
809 2562 850 2594 14
864 2561 1039 2603 poteratb.
1183 2557 1307 2590 abduci
1320 2567 1355 2588 a.
1497 2558 1538 2590 15
1551 2557 1652 2600 (opti-

163 2610 236 2641 neri
254 2610 290 2650 α)
309 2611 463 2644 obtinere
482 2614 526 2645 A.
669 2610 788 2653 Curio]
810 2611 967 2643 centurio
986 2620 1020 2642 α.
1164 2609 1205 2641 18
1219 2607 1390 2650 laederet]
1404 2613 1438 2640 et
1451 2608 1532 2640 add.
1548 2607 1649 2640 codd.

162 2660 201 2691 Ρ.
226 2660 302 2695 124.
442 2661 578 2706 Pompei
598 2673 629 2695 α.
789 2661 828 2694 19
848 2660 937 2704 soro]
964 2660 1035 2692 fore
1054 2670 1083 2700 e,
1106 2670 1183 2692 sero
1204 2660 1235 2692 b.
1391 2659 1539 2691 inferret
1555 2669 1575 2690 α
1589 2659 1649 2690 be.

305 2713 348 2747 20
367 2724 427 2746 sue
445 2725 479 2746 a.
619 2715 664 2750 22
682 2713 794 2756 fieret]
816 2713 950 2746 faceret
965 2714 995 2745 b.
1150 2713 1310 2745 consules
1329 2711 1514 2753 amicique]
1533 2720 1649 2743 omnes

164 2763 265 2795 amici
285 2763 316 2796 A
332 2763 427 2796 And.
451 2765 566 2797 Oxon.
730 2764 867 2806 Pompei
885 2775 920 2797 a.
1061 2763 1104 2797 23
1125 2763 1363 2796 discusserunt
1380 2763 1561 2802 Izzrtnius,
1582 2761 1651 2794 dis-

165 2819 345 2847 cesserunt
363 2814 464 2847 codd.
484 2816 525 2847 P.
551 2815 624 2849 124.
784 2816 827 2849 25
847 2815 1053 2858 inpugnaret
1069 2824 1102 2846 a.
1256 2814 1298 2847 26
1317 2812 1453 2854 Pompei
1472 2822 1505 2843 α.

164 2866 206 2899 27
226 2865 405 2906 prouintiis
425 2876 458 2897 a.
598 2866 642 2898 28
661 2865 716 2908 ex]
736 2866 775 2897 de
798 2867 828 2898 b.
968 2867 1012 2901 29
1030 2864 1159 2898 transit
1175 2875 1196 2896 a
1210 2875 1226 2895 e
1247 2864 1278 2897 ‘3
1297 2861 1395 2896 alii’.
