1835 3240
761 196 873 203 —-—
934 170 1189 213 ⁶208—-

230 286 423 327 deflexum
446 293 530 336 est,
555 286 718 340 primum
741 285 830 325 inde
862 298 884 324 a
907 283 1037 324 uerbis
1071 283 1155 325 ‘his
1177 285 1338 338 copiis',
1373 299 1472 338 quae
1502 288 1712 327 secundum

229 353 382 394 initium
407 353 495 393 ‘hac
517 367 585 407 spe
604 360 721 406 atque
743 352 906 391 audacia
930 352 1191 393 inflammatus
1214 350 1437 392 Labienus'
1468 354 1575 407 sequi
1599 356 1714 396 debe-

228 420 295 461 bat
318 421 580 470 ‘decertauit'3
606 434 744 460 uerum
765 419 973 459 interiecta
996 426 1088 459 sunt
1110 420 1226 460 haec:
1255 425 1359 473 ‘post
1380 420 1478 460 diem
1504 420 1574 471 VI,
1600 436 1712 474 quam

228 488 405 529 Africam
428 489 584 541 attigit',
611 488 721 540 qnasi
743 494 975 540 sequeretur
998 484 1166 527 ‘Caesar
1188 488 1437 537 ‹lecertauit',
1462 490 1530 528 sed
1554 502 1598 529 ea
1621 504 1715 542 quo-

229 570 305 609 que
328 557 450 596 forma
474 555 608 594 relicta
633 561 829 608 postremo
852 554 1009 606 ponitur
1032 556 1288 594 ‘decertatum
1312 557 1399 594 est'.
1445 553 1558 608 Quod
1582 564 1711 597 autem

228 623 268 663 in
291 624 403 663 codd.
428 623 572 675 legitur
597 629 698 675 ‘post
721 622 819 662 diem
842 620 916 671 III,
942 638 1053 674 quam
1076 623 1251 663 Africam
1275 623 1440 676 attigit',
1466 631 1574 664 recte
1598 621 1713 664 Ciac-

228 691 364 730 conius
387 690 486 729 diem
509 697 664 729 sextum
687 690 907 742 ponendum
931 691 1131 730 iudicauit.
1175 689 1279 730 Nam
1303 705 1356 730 ex
1377 704 1411 729 c.
1441 690 1485 740 1,
1518 691 1545 731 2
1567 692 1712 732 scimus

229 755 468 806 Caesarem,
508 771 594 797 cum
616 771 653 796 a.
679 758 715 796 d.
742 756 800 797 Vl
823 755 912 797 Cal.
938 755 1024 798 Ian.
1050 757 1232 812 Lilybaei
1256 771 1375 797 naues
1400 758 1710 808 conscendisset,

227 832 315 879 post
347 826 445 864 diem
469 832 648 877 quartum
672 825 709 864 in
733 832 982 878 conspectum
1007 826 1165 865 Africae
1188 826 1369 874 uenisse,
1407 826 1478 865 1100
1511 835 1566 865 est
1602 839 1638 866 a.
1673 827 1710 866 d.

226 891 288 932 III
310 889 397 932 Cal.
423 890 508 932 Ian.
554 892 615 931 Ab
639 906 684 932 eo
716 892 836 947 igitur
858 893 917 932 die
941 907 1062 946 usque
1084 893 1206 946 pridie
1227 892 1336 933 Non.
1360 891 1443 932 Ian.
1471 908 1548 933 non
1572 894 1714 933 tertius

227 960 310 1000 dies
334 966 444 1009 erat,
469 961 535 1000 sed
560 966 716 1000 sextus.
761 958 943 1013 imperite
973 962 1019 1000 de
1043 961 1112 1001 hac
1134 975 1177 1000 re
1199 961 1389 1000 dubitauit
1411 958 1713 1014 Oudendorpius

228 1028 443 1081 statuitque
466 1028 589 1082 pridie
623 1028 773 1067 demum
799 1026 886 1068 Cal.
911 1026 995 1067 Ian.
1021 1025 1234 1068 Caesarem
1257 1028 1297 1068 in
1328 1036 1472 1067 terram
1509 1042 1713 1082 egressum

227 1110 337 1145 esse,
371 1096 508 1135 deinde
532 1102 668 1135 contra
694 1094 960 1135 Romanorum
984 1096 1307 1136 consuetudinem
1330 1103 1568 1150 postremum
1593 1096 1710 1145 diem,

225 1164 348 1219 pridie
370 1162 479 1203 Non.
504 1161 610 1213 Ian.,
635 1177 713 1202 non
737 1170 914 1203 numerat
938 1177 1063 1217 neque
1086 1171 1213 1204 tamen
1236 1165 1289 1203 ita
1312 1172 1410 1213 tres,
1437 1164 1503 1204 sed
1528 1170 1715 1216 quattuor

225 1233 309 1273 dies
332 1231 465 1271 efficit.
510 1229 658 1271 Verum
683 1231 817 1271 eodem
842 1231 926 1281 die,
962 1246 1036 1284 quo
1066 1232 1106 1271 in
1128 1238 1379 1285 conspectum
1401 1232 1562 1271 Africae
1586 1231 1711 1277 uenit,

225 1314 431 1355 egressum
455 1312 542 1338 esse
566 1296 808 1346 Caesarem,
835 1312 886 1338 ex
908 1301 1061 1338 ratione
1083 1300 1322 1352 reliquorum
1346 1300 1493 1339 dierum
1510 1329 1520 1348 ,
1555 1298 1619 1350 qui
1641 1312 1712 1337 no-

224 1368 295 1408 tati
318 1374 426 1417 sunt,
452 1374 601 1407 certum
625 1373 699 1406 est.
745 1363 845 1406 Cum
869 1366 970 1406 enim
995 1367 1125 1419 copias
1148 1368 1194 1407 ad
1218 1368 1475 1406 Adrumetum
1505 1364 1713 1418 exposuis-

224 1443 310 1486 set,
344 1436 396 1475 ibi
429 1449 504 1475 una
526 1441 641 1474 nocte
664 1441 779 1487 atque
803 1434 864 1474 die
888 1434 958 1474 fuit
981 1435 1022 1483 (5
1038 1465 1048 1484 ,
1086 1433 1141 1486 1).
1188 1432 1248 1475 Ita
1278 1435 1379 1474 enim
1411 1434 1502 1472 dicit
1523 1432 1710 1486 scriptor,

223 1518 302 1544 non
325 1518 402 1544 uno
426 1503 487 1543 die
509 1509 548 1543 et
570 1509 701 1551 nocte,
727 1509 770 1542 ut
792 1500 1092 1555 Oudendorpius
1116 1503 1252 1542 refert.
1287 1500 1354 1541 Ex
1375 1500 1441 1542 illo
1466 1501 1604 1540 ordine
1625 1512 1713 1553 per-

222 1572 383 1626 spicitur
404 1578 559 1611 noctem
582 1584 671 1611 esse
693 1570 866 1610 eiusdem
890 1570 979 1619 diei,
1007 1584 1082 1623 quo
1105 1583 1290 1622 egressus
1313 1576 1423 1617 erat,
1460 1568 1558 1608 diem
1582 1574 1711 1607 autem

223 1654 277 1681 ex
298 1639 580 1680 consuetudine
603 1652 672 1692 pro
695 1638 755 1677 die
778 1651 822 1677 ac
845 1644 960 1677 nocte
981 1638 1087 1691 poni.
1130 1635 1226 1676 Inde
1248 1637 1369 1676 mouit
1401 1642 1440 1675 et
1472 1636 1607 1674 eodem
1630 1635 1707 1683 die,

222 1722 298 1761 quo
320 1714 519 1753 mouerat,
552 1705 766 1759 Ruspinam
791 1705 991 1758 peruenit,
1016 1706 1078 1757 qui
1102 1704 1185 1744 dies
1210 1704 1278 1743 fuit
1301 1700 1389 1743 Cal.
1414 1701 1501 1743 Ian.
1529 1701 1605 1751 (6,
1638 1702 1707 1755 6).

222 1776 275 1816 Α.
301 1776 338 1815 d.
364 1772 421 1814 IV
443 1773 552 1814 Non.
580 1771 664 1813 Ian.
690 1787 711 1812 a
732 1771 911 1826 Ruspina
933 1771 1091 1826 Leptim
1122 1773 1322 1825 profectus
1354 1778 1413 1810 est
1447 1778 1485 1811 et
1505 1768 1565 1809 ΙΙΙ
1593 1768 1704 1810 Non.

220 1843 439 1897 Ruspinam
463 1842 579 1882 rediit
602 1839 662 1894 (9,
686 1841 742 1892 l).
777 1839 860 1881 Sub
885 1854 1089 1893 uesperum
1114 1841 1196 1880 eius
1220 1840 1294 1879 diei
1319 1853 1439 1879 naues
1463 1838 1706 1885 conscendit,

221 1917 264 1951 ut
285 1911 367 1951 suis
390 1910 553 1951 nauibus
569 1940 579 1958 ,
604 1923 703 1962 quae
726 1909 1000 1957 deerrassent,
1027 1913 1279 1947 succurreret
1302 1905 1408 1958 (10,
1433 1905 1485 1959 2)
1501 1936 1510 1954 ,
1545 1918 1708 1958 cumque

222 1986 377 2020 noctem
400 1979 440 2018 in
463 1977 627 2017 nauibus
650 1976 983 2029 consumpsisset,
1008 1975 1078 2015 sub
1102 1976 1226 2015 lucem
1250 1988 1371 2015 naues
1387 2005 1397 2023 ,
1432 1974 1478 2013 de
1500 1973 1638 2026 quibus
1660 1973 1709 2012 ti-

219 2047 365 2094 mebat,
391 2047 635 2086 aduenerunt
657 2044 765 2093 (11,
803 2044 869 2095 l).
912 2041 1048 2095 ltaque
1071 2043 1255 2082 militibus
1278 2042 1471 2095 expositis
1493 2043 1708 2081 frumenta-

220 2122 299 2155 tum
323 2117 523 2168 profectus
547 2120 622 2162 est,
645 2112 685 2152 in
705 2126 828 2164 eoque
845 2111 985 2151 itinere
1003 2112 1074 2150 1100
1092 2111 1296 2164 proelium,
1322 2110 1368 2149 de
1387 2123 1460 2161 quo
1484 2123 1516 2147 c.
1544 2107 1707 2148 12-19

218 2184 406 2231 refertur,
432 2181 589 2222 accidit.
635 2178 720 2220 Sex
741 2179 863 2232 igitur
884 2180 967 2219 dies
991 2187 1174 2219 accurate
1199 2185 1353 2218 notatos
1378 2176 1578 2217 babemus.

332 2247 381 2290 C.
407 2249 477 2299 26,
502 2249 528 2289 2
549 2249 604 2289 ita
627 2248 838 2288 edebatur:
877 2245 1061 2287 ‘Interim
1086 2247 1236 2286 nobiles
1260 2246 1434 2285 homines
1457 2259 1509 2285 ex
1532 2244 1614 2284 suis
1638 2258 1705 2298 op-

218 2318 316 2372 pidis
338 2319 544 2371 perfugere
571 2323 610 2356 et
631 2316 670 2355 in
694 2322 822 2355 castra
846 2312 1032 2356 Caesaris
1055 2315 1241 2356 deuenire
1263 2322 1302 2354 et
1323 2315 1368 2354 de
1391 2312 1703 2353 aduersariorum

218 2387 304 2427 eius
328 2385 559 2425 crudelitate
592 2383 882 2437 acerbitateque
912 2396 1218 2423 commemorare
1239 2387 1467 2435 coeperunt.
1525 2377 1701 2432 Quorum

217 2453 389 2494 lacrimis
413 2453 671 2505 querellisque
695 2448 848 2492 Caesar
869 2459 1110 2500 commotus,
1146 2465 1231 2491 cum
1255 2456 1368 2489 antea
1393 2448 1641 2488 constitisset
1662 2447 1702 2487 in

217 2520 371 2561 statiuis
396 2520 554 2567 castris,
579 2526 729 2559 aestate
752 2519 849 2558 inita
872 2520 1020 2559 cunctis
1043 2519 1164 2572 copiis
1183 2518 1418 2570 auxiliisque
1441 2516 1537 2556 actis
1559 2516 1701 2556 bellum

217 2603 302 2629 cum
325 2588 405 2627 suis
429 2587 667 2627 aduersariis
689 2600 829 2640 gerere
851 2586 1049 2626 instituit'.
1089 2584 1166 2624 Hic
1190 2585 1352 2638 primum
1379 2583 1505 2624 ‘actis'
1528 2584 1712 2637 ineptum·

218 2663 280 2697 est
295 2669 419 2708 neque
432 2655 574 2709 legitur
587 2654 662 2693 nisi
682 2654 721 2692 in
735 2654 994 2694 deterioribus
1007 2654 1139 2699 codd„
1160 2650 1325 2691 inLeid.
1343 2666 1400 2705 pr.
1419 2659 1479 2691 est
1496 2659 1702 2707 ‘aggrega-

215 2724 296 2775 tis',
315 2725 355 2764 in
370 2722 462 2764 Par.
480 2737 559 2763 see.
575 2730 614 2762 et
626 2722 732 2764 Scal.
751 2722 908 2776 ‘agitis'.
929 2720 1026 2760 lttud
1043 2720 1250 2760 temeraria
1270 2719 1514 2760 correctione
1532 2719 1701 2773 positum

216 2805 304 2832 esse
326 2798 501 2846 apparet,
527 2805 580 2832 ex
603 2792 674 2831 1100
697 2788 879 2844 Scaliger
899 2795 1006 2829 recte
1029 2789 1157 2829 effecit
1176 2788 1357 2828 ι11001115’.
1384 2787 1534 2828 Verum
1554 2788 1586 2827 si
1601 2784 1715 2827 Cae-v

216 2873 283 2900 sar
304 2859 454 2900 cunctis
485 2860 606 2914 copiis
635 2858 872 2911 auxiliisque
903 2857 1041 2897 accitis
1073 2863 1223 2897 aestate
1256 2856 1408 2896 demum
1440 2856 1536 2896 inita
1558 2854 1699 2895 bellum
