1835 3240
85 582 102 612 ‘J‘

61 917 100 950 10

68 1255 105 1287 15

493 182 775 227 COMM.1111
804 180 930 225 CAP.
956 180 1007 222 13
1021 178 1155 221 -'‘15.
1601 183 1682 227 335

133 306 237 345 tione
268 300 328 341 usi
351 298 537 340 Germani
572 301 799 351 frequentes
832 295 1011 337 omnibus
1047 293 1286 349 principibus
1319 294 1607 350 maioribusque

131 379 223 412 natu
245 368 426 408 adhibitis
450 368 494 407 ad
519 381 606 406 eum
628 367 667 406 iu
690 373 821 406 castra
845 369 1062 412 uenerunt,
1087 361 1217 411 simul,
1244 369 1286 401 ut
1308 362 1525 413 dicebatur,
1550 366 1610 405 sui
1632 365 1656 405 5

130 436 318 492 purgandi
341 449 476 484 eausa,
502 435 599 488 quod
625 441 762 474 contra
778 464 787 482 ,
813 439 927 484 atque
951 437 1057 471 esset
1079 430 1223 470 (lictum
1246 436 1285 469 et
1307 429 1379 483 ipsi
1402 431 1609 483 petissent,

129 505 315 558 proelium
341 504 464 556 pridie
486 502 791 549 commisissent,
816 499 930 539 simul
953 505 1019 546 ut,
1044 498 1077 537 si
1099 498 1188 550 quid
1212 505 1397 551 possent,
1433 499 1479 538 de
1500 498 1612 538 indu-

136 574 198 612 tiis
222 572 391 612 fallendo
414 571 686 624 impetrarent.
742 566 852 620 Quos
887 566 961 606 sibi
985 563 1137 605 Caesar
1168 565 1318 605 oblatos
1340 566 1502 619 gauisus
1524 565 1613 607 illos
1635 565 1661 606 6

131 640 295 681 retineri
329 639 470 688 iussit,
516 638 597 690 ipse
629 649 764 676 omnes
797 635 929 688 copias
962 633 1104 673 castris
1137 633 1271 672 eduxit
1305 633 1611 686 equitatumque,

132 707 232 760 quod
254 707 404 747 recenti
438 706 585 759 proelio
617 703 867 757 perterritum
900 715 989 742 esse
1013 699 1291 750 existimabat,
1316 715 1455 754 agmen
1479 701 1616 741 subse-

133 776 195 828 qui
219 775 347 814 iussit.
391 773 491 812 Acie
514 772 658 826 triplici
680 772 860 811 instituta
893 777 930 810 et
964 768 1150 809 celeriter
1181 776 1270 808 octo
1302 769 1449 809 milium
1472 769 1614 810 itinere
1636 769 1691 814 14

134 844 314 882 confecto
337 842 442 894 prius
465 841 512 880 ad
535 841 701 880 hostium
726 846 856 879 castra
880 837 1083 890 peruenit,
1120 851 1230 889 quam
1248 867 1257 885 ,
1293 836 1382 889 quid
1412 844 1613 892 ageretur,

133 908 324 950 Germani
346 909 496 948 sentire
519 915 695 961 possent.
744 905 823 959 Qui
846 906 1026 945 omnibus
1049 903 1167 944 rebus
1190 904 1318 943 subito
1337 906 1552 958 perterriti,
1579 913 1618 946 et
1638 906 1666 946 2

135 977 338 1017 eeleritate
361 977 551 1016 aduentus
576 976 701 1016 nostri
725 982 764 1015 et
785 975 961 1014 discessu
983 987 1143 1012 suorum
1160 1002 1168 1018 ‚
1204 986 1330 1025 neque
1363 974 1518 1013 consilii
1551 974 1619 1014 ha-

134 1045 246 1085 bendi
271 1059 397 1097 neque
420 1059 529 1084 arma
552 1044 728 1098 capiendi
753 1043 879 1096 spatio
903 1042 992 1081 dato
1015 1040 1319 1093 perturbantur,
1346 1041 1530 1093 copiasne
1553 1043 1620 1082 ad-

136 1126 275 1153 uersus
299 1113 447 1152 hostem
463 1113 621 1162 ducere,
647 1118 840 1151 aucastra
864 1110 1091 1156 defendere,
1118 1121 1166 1147 an
1190 1109 1282 1161 fuga
1305 1108 1467 1147 salutem
1488 1117 1622 1162 petere

139 1187 372 1233 praestaret.
418 1179 592 1232 Quorum
618 1180 734 1219 timor
757 1193 841 1218 cum
866 1178 1023 1217 fremitu
1046 1183 1084 1216 et
1106 1175 1618 1229 concursusignificaretur,
1644 1178 1669 1219 3

139 1248 280 1287 milites
311 1249 433 1287 nostri
467 1248 622 1301 pristini
655 1247 730 1287 diei
763 1246 923 1300 perfidia
953 1245 1106 1285 incitati
1140 1245 1179 1284 in
1211 1251 1341 1284 castra
1372 1245 1619 1298 inruperunt.

142 1313 230 1366 Quo
253 1315 364 1365 loco,
401 1316 465 1368 qui
498 1316 681 1356 celeriter
703 1330 811 1354 arma
835 1327 975 1367 capere
999 1321 1226 1367 potuerunt,
1254 1314 1453 1367 paulisper
1475 1314 1622 1354 nostris
1644 1313 1671 1353 4

143 1382 377 1422 restiterunt
408 1390 520 1435 atque
552 1383 656 1422 inter
678 1396 811 1422 carros
831 1382 1184 1435 impedimentaque
1208 1382 1397 1435 proelium
1422 1382 1627 1421 commise-

142 1457 255 1489 runt:
281 1457 321 1489 at
340 1451 490 1503 reliqua
514 1450 718 1490 multitudo
742 1464 950 1503 puerorum
973 1450 1259 1501 mulierumque
1283 1452 1387 1499 (nam
1403 1449 1625 1489 cumomni-
1648 1448 1673 1490 5

141 1517 211 1557 hus
234 1519 313 1558 suis
338 1519 450 1558 domo
474 1525 735 1558 excesserant
754 1517 1016 1570 Rhenumque
1041 1518 1297 1569 transierant>
1323 1518 1466 1570 passim
1491 1519 1627 1571 fugere

141 1585 293 1637 coepit3
331 1586 377 1624 ad
410 1600 506 1637 quos
531 1586 817 1626 consectandos
842 1583 994 1626 Caesar
1017 1586 1229 1637 equitatum
1251 1585 1370 1624 misit.
1436 1584 1626 1626 Germani
1645 1585 1701 1630 15

141 1661 227 1705 post
252 1659 400 1705 tergum
425 1654 595 1693 clamore
617 1654 765 1702 audito,
793 1668 878 1693 cum
894 1668 987 1693 suos
1011 1653 1175 1692 interfici
1202 1653 1394 1703 uiderent,
1420 1653 1539 1693 armis
1561 1653 1629 1693 ab-

142 1720 254 1760 iectis
277 1720 476 1773 signisque
501 1721 731 1761 militaribus
754 1721 903 1761 relictis
926 1735 968 1761 se
992 1735 1044 1760 ex
1067 1720 1211 1760 castris
1236 1721 1454 1770 eiecerunt,
1481 1728 1517 1761 et
1542 1735 1629 1761 cum
1650 1721 1678 1763 2

143 1788 189 1826 ad
214 1788 475 1828 confluentem
498 1787 638 1829 Mosae
662 1796 701 1829 et
722 1788 853 1829 Rheni
878 1789 1177 1842 peruenissent,
1204 1788 1355 1841 reliqua
1379 1790 1469 1842 suga
1493 1789 1630 1843 despe-

145 1863 229 1895 rata
248 1858 786 1910 magnonumerointerfecto
810 1857 949 1909 reliqui
971 1871 1014 1896 se
1036 1857 1075 1896 in
1099 1856 1241 1896 ssumeu
1265 1856 1632 1910 praecipitauerunt

98 1932 109 1937 ”
145 1930 259 1975 atque
282 1925 333 1963 ibi
356 1924 511 1975 timore,
538 1925 784 1976 lassitudine,
811 1926 849 1965 ui
872 1925 1041 1965 [luminis
1066 1925 1242 1978 oppressi
1267 1924 1483 1977 perierunt.
1545 1924 1632 1965 No·
1653 1924 1679 1965 3

146 1991 218 2031 stri
242 1992 288 2031 ad
312 2006 426 2032 unum
460 2007 595 2034 omues
630 1994 849 2034 incolumes
873 1993 1078 2047 perpaucis
1102 1992 1320 2033 uulneratis
1345 2006 1396 2032 ex
1421 1992 1520 2032 tanti
1541 1992 1634 2033 belli

149 2060 312 2109 timore,
350 2075 434 2100 eum
468 2061 637 2102 hostium
670 2076 854 2102 numerus
878 2062 1045 2115 capitum
1069 2067 1282 2100 CCCCXXX
1304 2060 1450 2100 milium
1473 2060 1629 2111 fuisset,

148 2127 251 2167 sein
275 2135 402 2168 castra
434 2137 683 2183 receperunt,
739 2127 892 2170 Caesar
913 2130 984 2179 iiS,
1021 2144 1116 2183 quos
1148 2129 1187 2169 in
1221 2129 1364 2168 castris
1397 2129 1631 2179 retinuerat,
1655 2128 1683 2169 4

151 2194 372 2237 discedendi
393 2204 625 2250 potestatem
650 2198 754 2240 fecit.
818 2196 879 2239 Illi
910 2197 1098 2251 supplicia
1131 2197 1407 2250 cruciatusque
1430 2194 1634 2237 Gallorum
1657 2195 1682 2236 5

154 2365 244 2398 tione
265 2372 300 2399 et
316 2368 457 2410 perfidia
477 2368 637 2402 Germani
656 2371 754 2413 usis.
940 2371 961 2405 2
981 2369 1144 2413 purgandi
1164 2369 1263 2411 suis.
1450 2370 1469 2401 4
1490 2369 1637 2401 induciis

155 2416 213 2457 (Β)
230 2428 262 2449 u·
403 2421 420 2452 5
440 2422 581 2461 gauisus
602 2423 670 2464 es,
693 2422 788 2462 gauis
807 2431 849 2461 a,·
869 2421 1008 2462 grauius
1028 2421 1100 2452 AB
1114 2421 1284 2452 CDEbc
1303 2423 1337 2451 et
1355 2430 1424 2451 sce.
1444 2430 1489 2451 m.
1511 2430 1545 2451 α.

158 2467 175 2499 6
195 2468 286 2501 iubet
305 2471 335 2502 b.
478 2474 514 2507 11
537 2475 714 2506 consilium
734 2475 762 2506 b.
955 2473 993 2505 13
1014 2473 1138 2504 ducere
1158 2472 1313 2504 ABCD
1329 2472 1378 2511 Ε,·
1398 2472 1543 2503 educere
1562 2473 1634 2514 es,

157 2523 278 2554 castris
297 2524 442 2556 educere
463 2527 496 2557 b.
639 2527 678 2558 15
699 2526 842 2568 pristine
863 2526 894 2556 b.
1036 2525 1238 2566 inruperunt
1254 2524 1403 2564 ABEs.
1514 2524 1552 2555 16
1573 2535 1636 2566 quo

157 2572 230 2603 loco
249 2575 320 2606 AB
335 2577 458 2617 CDE5
479 2589 616 2620 quorum
636 2590 656 2610 a
671 2579 724 2610 bd
736 2580 853 2620 eset,
878 2578 931 2609 ‘ut
950 2577 1117 2616 uidetur}
1140 2588 1169 2608 c.
1310 2575 1349 2610 21
1373 2575 1514 2616 tergas.

157 2624 198 2654 22
219 2635 234 2655 e
254 2627 422 2667 castriss.
608 2630 651 2663 24
670 2629 812 2670 reliquis
833 2638 868 2659 se
887 2631 968 2659 anta
988 2638 1079 2659 corr.
1100 2628 1142 2659 B.
1309 2626 1341 2657 in
1360 2628 1480 2657 flumen
1499 2630 1582 2657 ante
1601 2637 1637 2657 se

155 2679 261 2716 ponit·
278 2677 329 2716 E,·
350 2677 381 2708 in
402 2679 535 2711 [lumine
559 2681 618 2711 be.
805 2681 847 2714 25
867 2680 898 2710 ui
920 2680 1065 2710 fluminis
1083 2679 1145 2710 Ab
1160 2677 1260 2719 ces;
1281 2688 1349 2708 om.
1374 2677 1418 2717 C,
1440 2677 1472 2707 in
1492 2678 1636 2708 fluminis

160 2728 206 2767 B,
230 2728 260 2759 in
281 2729 424 2762 {luminis
444 2731 540 2764 alueo
557 2733 648 2773 DE,
671 2732 804 2764 flumine
823 2742 893 2763 see.
912 2742 958 2763 m.
979 2732 1009 2763 B
1025 2732 1064 2763 C.
1230 2731 1271 2764 27
1293 2740 1366 2760 eum
1386 2734 1420 2761 et
1438 2729 1584 2760 hostium
1605 2730 1635 2760 I).

351 2790 499 2813 ccccxxx
517 2783 549 2814 A
567 2786 602 2814 et
617 2793 778 2825 suprasc.
799 2787 909 2814 torum
929 2785 963 2813 et
981 2786 1015 2813 ta
1034 2782 1119 2823 Bf,
1152 2779 1474 2823 quadringentorum
1495 2779 1634 2818 triginta

160 2828 191 2858 Ι)
204 2826 244 2858 E.
283 2828 446 2862 Orosius.-
466 2832 507 2863 ad
525 2833 772 2874 quadringenta
791 2833 1016 2875 quadraginta
1034 2832 1140 2864 milia.
1374 2831 1416 2863 25
1436 2829 1478 2860 iis
1496 2829 1630 2871 Aldus,

160 2878 210 2909 his
231 2878 329 2912 codd.
