1835 3240
63 898 103 931 10

61 1236 101 1269 15

672 167 862 212 CAPVT
893 165 1090 211 26-28.
1619 166 1702 208 679

144 295 269 327 torum
305 290 444 324 contra
475 283 720 337 elephantos,
754 296 851 336 quac
883 281 997 334 quasi
1027 278 1344 321 aduersariorum
1374 280 1500 320 locum
1523 279 1624 320 obti-

141 358 253 394 neret
274 358 313 392 et
334 357 471 391 contra
493 364 624 391 eorum
639 351 806 390 frontem
831 350 1034 389 aduersam
1057 346 1208 401 lapillos
1230 345 1402 386 minutos
1424 347 1620 398 mitteret3

141 420 279 460 deinde
309 419 350 459 in
381 419 555 459 ordinem
588 418 816 471 elephantos
849 416 1074 466 constituit,
1116 420 1206 468 post
1234 413 1322 454 illos
1354 420 1481 453 autem
1514 429 1622 455 suam
1645 415 1673 456 2

139 487 263 528 aciem
284 487 501 533 instruxit,
536 493 600 535 ut,
636 499 724 525 cum
747 484 794 523 ab
825 484 1067 524 aduersariis
1091 482 1238 537 lapides
1259 481 1357 521 mitti
1382 480 1621 534 coepissent,

139 561 177 595 et
199 554 394 608 elephanti
418 553 619 608 perterriti
641 566 684 592 se
705 552 752 592 ad
775 565 868 591 snos
891 551 1201 600 conuertissent,
1220 562 1358 589 rursus
1381 548 1428 588 ab
1451 561 1523 588 sua
1541 550 1625 590 acie

138 621 329 674 lapidibus
360 622 491 662 missis
523 634 592 661 eos
624 625 908 660 conuerterent
938 618 1128 658 aduersus
1160 618 1335 668 hostem3
1371 616 1472 669 quod
1504 630 1625 669 aegre

139 690 329 742 tardeque
361 689 493 729 fiebat.
555 687 693 728 Rudes
726 687 828 726 enim
862 685 1059 740 elephanti
1090 685 1301 725 multorum
1332 698 1524 725 annorum
1557 685 1625 724 do·
1647 684 1672 726 3

138 757 266 796 ctrina
287 770 438 810 usuque
459 762 616 796 uetusto
639 755 706 794 uix
731 754 857 794 edocti
876 761 1006 794 tamen
1028 752 1221 793 communi
1239 752 1414 806 periculo
1436 752 1478 792 in
1500 752 1625 792 aciem

135 824 417 877 producuntur.
481 822 583 863 Dum
608 823 704 862 haec
728 822 774 862 ad
796 821 1015 875 Ruspinam
1047 820 1095 861 ab
1116 820 1291 873 utrisque
1313 820 1475 860 ducibus
1498 820 1618 860 admi-
1641 820 1700 865 28

136 891 381 941 nistrantur,
429 888 478 932 C.
513 890 715 943 Vergilius
748 889 996 944 praetorius,
1031 888 1096 942 qui
1125 886 1299 942 Thapsi,
1335 888 1474 941 oppido
1505 888 1625 929 mari-

136 966 258 1009 tumo,
293 966 490 1013 praeerat,
526 973 610 998 cum
633 958 970 998 animaduerteret
992 970 1115 997 naues
1137 955 1312 1008 singulas
1336 970 1422 996 cum
1445 956 1625 996 exercitu

136 1023 326 1066 Caesaris
348 1026 522 1067 incertas
544 1027 720 1066 locorum
742 1032 857 1078 atque
880 1031 1101 1064 castrorum
1124 1036 1283 1062 suorum
1314 1023 1476 1076 uagari,
1511 1037 1625 1064 occa-

134 1094 285 1134 sionem
307 1100 446 1134 nactus
468 1107 609 1134 nauem
633 1107 746 1146 quam
768 1093 820 1132 ibi
843 1092 977 1132 habuit
996 1090 1208 1132 actuariam
1241 1090 1410 1144 complet
1439 1091 1625 1132 militibus

135 1167 175 1201 et
203 1162 421 1216 sagittariis
453 1169 492 1201 et
523 1162 669 1201 eisdem
701 1161 866 1214 scaphas
899 1160 945 1200 de
975 1159 1140 1199 nauibus
1173 1158 1351 1213 adiungit
1381 1172 1426 1198 ac
1448 1158 1625 1213 singulas

134 1243 258 1270 naues
290 1227 557 1270 Caesarianas
598 1229 823 1269 consectari
866 1228 1008 1281 coepit.
1070 1226 1126 1267 Et
1157 1240 1243 1267 cum
1288 1226 1419 1281 plures
1461 1225 1673 1267 adortus2

136 1305 264 1346 esset,
311 1298 445 1351 pulsus
479 1299 715 1351 fugatusque
745 1296 836 1336 inde
868 1295 1121 1337 discessisset
1151 1308 1223 1334 nec
1255 1301 1385 1334 tamen
1416 1294 1626 1335 desisteret

136 1365 377 1418 periclitari,
418 1367 517 1406 forte
548 1365 685 1405 incidit
715 1364 755 1404 in
788 1377 957 1414 nauem,
990 1363 1030 1403 in
1053 1376 1128 1416 qua
1160 1369 1274 1403 erant
1304 1363 1379 1402 duo
1402 1361 1518 1412 Titii,
1551 1361 1624 1403 Hi-

135 1434 247 1486 spani
277 1433 565 1487 adolescentes,
602 1432 751 1473 tribuni
773 1431 941 1486 legionis
963 1437 1008 1481 V,
1043 1444 1208 1483 quorum
1231 1436 1382 1484 patrem
1405 1426 1561 1470 Caesar
1580 1430 1623 1470 in

135 1508 316 1541 senatum
347 1502 526 1556 legerat,
559 1509 599 1541 et
629 1515 717 1541 cum
750 1500 810 1540 his
840 1497 956 1539 Titus
989 1496 1198 1546 Salienus,
1243 1497 1421 1538 centurio
1456 1497 1624 1552 legionis

134 1568 322 1619 eiusdem,
358 1570 422 1622 qui
443 1568 505 1609 M.
530 1568 750 1609 Messalam
782 1569 955 1621 legatum
988 1566 1199 1608 obsederat
1218 1564 1432 1606 Messanae
1463 1565 1625 1606 seditio-

135 1636 290 1677 sissima
312 1636 491 1678 oratione
513 1637 614 1691 apud
638 1651 725 1678 eum
750 1650 868 1686 usus,
902 1636 1083 1688 idemque
1104 1634 1310 1689 pecuniam
1333 1641 1372 1675 et
1392 1641 1625 1676 ornamenta

136 1704 320 1758 triumphi
338 1702 527 1745 Caesaris
550 1705 758 1745 retinenda
780 1711 819 1744 et
848 1703 1105 1744 custodienda
1126 1708 1286 1743 curarat
1308 1709 1347 1742 et
1369 1702 1417 1742 ob
1439 1702 1509 1742 has
1532 1716 1625 1742 cau-

136 1786 201 1813 sas
232 1772 306 1812 sibi
339 1772 513 1813 timebat.
576 1772 652 1813 Hic
683 1779 844 1826 propter
873 1771 1156 1812 conscientiam
1187 1776 1438 1823 peccatorum
1461 1784 1621 1811 suorum
1645 1769 1669 1810 3

134 1841 330 1894 persuasit
362 1841 694 1890 adulescentibus,
729 1855 778 1881 ne
810 1845 1079 1894 repugnarent
1104 1850 1271 1891 seseque
1292 1836 1473 1891 Vergilio
1498 1839 1626 1879 trade-

85 1915 99 1923 *
132 1915 235 1948 rent.
282 1907 420 1962 Itaque
443 1909 596 1948 deducti
619 1923 641 1948 a
658 1907 838 1962 Vergilio
862 1908 909 1948 ad
932 1905 1159 1961 Scipionem
1182 1905 1410 1946 custodibus
1433 1913 1527 1946 sunt
1547 1913 1626 1946 tra-

137 1975 206 2015 diti
237 1982 277 2015 et
307 1983 396 2028 post
427 1976 526 2016 diem
562 1976 717 2017 tertium
740 1975 955 2016 interfecti.
1018 1973 1096 2027 Qui
1119 1988 1205 2014 cum
1227 1974 1466 2014 ducerentur
1487 1974 1534 2013 ad
1557 1987 1625 2014 ne·
1647 1974 1674 2014 4

136 2057 242 2093 cem,
276 2044 423 2097 petisse
446 2044 588 2084 dicitur
609 2044 735 2084 maior
754 2041 884 2083 Titius
906 2057 929 2084 a
951 2042 1248 2083 centurionibus
1264 2074 1274 2092 ,
1308 2042 1365 2082 uti
1387 2055 1430 2081 se
1452 2042 1624 2095 priorem

278 2146 296 2178 3
319 2147 437 2179 ordine
456 2158 477 2179 a
497 2148 526 2179 b.
692 2147 843 2179 instituit
861 2146 892 2178 b.
1048 2154 1142 2176 suam
1162 2144 1269 2176 aciem
1288 2154 1309 2175 a
1328 2147 1362 2175 et
1378 2145 1455 2175 sine
1473 2147 1627 2176 annota-

137 2202 233 2231 tione
250 2210 284 2240 u,
301 2200 408 2232 aciem
428 2210 523 2232 suam
537 2199 614 2232 edd.
629 2203 711 2232 ante
730 2209 765 2231 u.
908 2199 926 2229 5
941 2195 1209 2238 conuertissent]
1225 2196 1439 2238 recepissent
1451 2196 1480 2227 b.

135 2250 175 2282 ab
194 2261 228 2290 a,
248 2261 267 2283 a
286 2251 365 2283 edd.
542 2252 563 2284 8
582 2249 749 2293 periculo]
770 2249 898 2292 proelio
919 2249 950 2280 b.
1125 2248 1165 2280 10
1183 2246 1356 2287 Vergilius
1377 2247 1473 2278 ‘mssa
1493 2249 1529 2278 et
1545 2246 1624 2278 edd.

135 2302 243 2343 qdd),
264 2301 428 2343 Virgilius
449 2304 500 2341 (a)
519 2314 554 2335 τι.
706 2302 886 2334 maritumo
906 2312 940 2332 (ι.
1098 2300 1133 2332 11
1156 2299 1449 2331 animaduerteret
1468 2300 1486 2330 b
1505 2310 1535 2340 c,
1556 2299 1627 2330 ani-

136 2363 223 2386 mum
243 2355 443 2386 aduerteret
460 2366 479 2386 α
492 2368 502 2395 ,·
516 2355 819 2387 animaduertisset
839 2364 872 2385 n.
1017 2353 1055 2385 13
1069 2352 1216 2394 complet
1229 2352 1395 2384 militibus
1414 2362 1434 2383 a
1450 2352 1528 2384 edd.
1543 2355 1626 2383 anic

137 2415 171 2445 u,
192 2406 357 2437 militibus
377 2407 524 2448 complet
544 2418 577 2437 u.
758 2406 798 2438 14
818 2405 945 2436 eisdem
964 2414 984 2436 a
1006 2404 1023 2435 b
1043 2414 1071 2443 e,
1093 2403 1202 2435 eidem
1221 2414 1256 2435 u.
1436 2405 1572 2446 scaphis
1591 2416 1624 2437 α.

280 2457 320 2489 15
340 2457 470 2500 plures]
491 2458 523 2489 id
543 2458 627 2490 aclsl.
647 2469 681 2489 a.
806 2456 809 2457 ⁷
912 2456 952 2488 16
972 2459 1066 2486 esset
1083 2454 1200 2494 codd„
1222 2464 1291 2486 om.
1311 2455 1427 2486 Aldus
1446 2466 1481 2486 η.

140 2507 300 2539 discessit
317 2509 376 2540 sed
396 2519 456 2540 nec
477 2513 587 2541 tamen
608 2520 668 2549 ac,
691 2508 855 2540 discessit
874 2506 933 2538 sed
953 2517 1028 2538 cum
1047 2516 1108 2538 nec
1127 2506 1176 2537 sic
1196 2510 1307 2537 tamen
1324 2506 1353 2538 b.
1498 2506 1626 2540 17Titii

139 2558 160 2588 ‘2
178 2557 279 2597 dett„
300 2558 370 2590 Titi
389 2570 409 2591 a
427 2561 572 2601 rele'quz‘.
739 2559 778 2591 19
798 2558 896 2590 Titus
915 2568 947 2598 a,
969 2557 1009 2589 T.
1028 2568 1062 2589 u.
1222 2556 1395 2588 Sallienus
1413 2568 1433 2588 α
1452 2568 1479 2589 ν.

137 2608 181 2641 20
200 2607 381 2641 Messalem
399 2621 419 2642 α
438 2613 456 2643 b
475 2623 503 2652 e,
523 2611 720 2644 Messallam
740 2621 774 2642 u.
941 2609 1206 2642 seditiosissima
1223 2610 1408 2650 Danz'sius‚
1435 2615 1470 2642 et
1487 2611 1626 2642 seditio-

140 2660 277 2691 sissima
296 2661 396 2693 codd.
535 2663 573 2694 21
598 2673 678 2694 usus
696 2661 751 2704 (a)
773 2662 790 2693 b
809 2662 842 2701 d,
865 2666 918 2693 cst
937 2671 1018 2691 usus
1036 2670 1071 2691 u.
1212 2661 1256 2695 22
1275 2665 1415 2692 curarat
1431 2672 1452 2692 α
1473 2662 1503 2700 b,
1529 2671 1626 2692 cura-

139 2715 239 2741 uerat
255 2721 288 2741 11.
455 2712 514 2744 has
533 2723 600 2744 om.
621 2723 655 2744 α.
821 2712 863 2744 23
883 2712 948 2744 sibi
968 2712 1111 2744 timebat
1128 2722 1148 2743 α
1166 2711 1382 2753 Stephanus,
1402 2711 1544 2742 timebat
1561 2711 1625 2743 sibi

140 2765 277 2794 ceterae
295 2762 374 2794 edd.
414 2775 417 2776 ⁷
515 2765 556 2798 24
569 2763 847 2796 adulescentibus
863 2774 897 2795 a.
1039 2764 1083 2798 24
1096 2767 1130 2796 et
1148 2765 1190 2799 25
1209 2763 1354 2804 Virgilio
1374 2764 1426 2804 (a)
1446 2774 1481 2794 u.

138 2816 181 2847 25
202 2814 395 2858 Scipionum
415 2824 449 2845 α.
614 2821 693 2848 sunt
710 2819 792 2848 ante
810 2816 930 2848 traditi
944 2818 1087 2858 ponunt
1104 2826 1126 2848 a
1146 2816 1176 2857 b,
1198 2820 1283 2849 ante
1302 2814 1477 2847 interfecti
1496 2814 1571 2858 (26)
1589 2826 1622 2848 u.

282 2867 325 2901 27
344 2866 455 2899 Titius
474 2866 523 2908 (a)
542 2868 561 2902 2
581 2868 683 2909 slent„
703 2867 802 2901 Titus
820 2868 966 2910 reliqui.
