1835 3240
82 195 165 239 776
760 192 1037 236 CAESARIS

630 324 680 348 An
701 323 736 346 P.
763 321 971 347 seavmvm
991 320 1157 346 PATREM.

268 380 330 431 (a.
354 376 426 429 54)
451 377 538 418 δίο.
564 376 621 416 ad
645 373 775 426 Q.f7.
800 372 884 423 III,
913 374 950 423 1,
975 372 1053 414 20:
1088 372 1135 413 P.
1157 371 1349 414 Seruilius
1372 382 1481 427 pater
1501 389 1554 415 ex
1574 375 1636 416 lit-

155 446 275 496 teris,
302 459 397 500 quas
421 445 492 485 sibi
515 458 535 484 a
559 440 734 483 Caesare
756 442 897 482 missas
921 455 1009 482 esse
1031 441 1209 491 dicebat,
1244 441 1442 494 signifieat
1461 443 1574 482 ualde
1597 450 1635 483 te

154 514 228 555 sibi
249 521 402 568 gratum
426 511 567 552 fecisse
583 540 594 560 ‚
631 510 733 562 quod
756 509 802 549 de
824 523 893 549 sua
917 509 1121 549 uoluntate
1145 523 1240 562 erga
1264 507 1478 550 Caesarem
1501 510 1634 551 huma-

152 581 314 623 nissime
338 577 711 633 diligentissimeque
731 576 884 617 locutus
907 590 1033 617 esses.
1663 588 1681 617 5

706 659 754 683 An
783 659 845 683 cm.
871 659 1082 685 ΡοΜΡεινΜ.

265 718 330 767 (a.
354 714 435 766 52)
467 713 579 754 Plut.
615 711 756 766 Pomp.
793 710 871 751 56:
914 707 959 754 ‘O
990 711 1238 767 Πομπήὶος
1276 716 1359 767 ἔφη
1389 709 1637 768 γράμματα

152 783 383 837 Καίσαρος
412 786 525 838 ἔχειν
558 779 837 835 βουλομένου
859 780 1018 836 λαβεῖν
1042 774 1251 836 διάδοχον
1273 780 1347 822 καὶ
1368 776 1637 824 παύσασθαι

151 851 230 906 τῆς
261 848 494 905 στρατείας
508 862 517 872 ·
541 846 758 895 ’ὑπατείας
787 847 945 902 μέντοι
968 847 1035 890 καὶ
1057 845 1122 902 μή
1144 842 1338 900 παρόντι
1359 848 1499 895 καλῶς
1521 851 1635 905 ἔχειν

152 919 325 973 αἴτησιν
346 912 464 973 αὐτῷ
486 915 698 971 δοθῆναι.
1673 923 1712 956 ¹0

728 999 776 1025 An
797 999 834 1024 T.
859 998 1070 1023 LABOENVM.

805 1055 863 1103 (a.
890 1050 982 1104 54.)

266 1120 382 1162 Caes.
406 1121 444 1161 b.
473 1120 584 1162 Gall.
612 1118 819 1170 V,11‚4:
854 1117 1035 1158 Labieno
1056 1117 1207 1167 scribit,
1232 1125 1288 1169 ut,
1313 1132 1428 1172 quam
1450 1119 1636 1172 plurimas

153 1195 303 1243 posset,
326 1189 374 1229 iis
397 1189 634 1242 legionibus,
659 1200 756 1240 quae
779 1193 871 1226 sunt
892 1186 990 1239 apud
1015 1200 1118 1235 eum,
1143 1198 1265 1224 naues
1287 1185 1478 1226 instituat.

265 1257 377 1297 Idem
401 1257 498 1296 ibid.
523 1254 604 1305 46,
629 1256 675 1295 4:
715 1252 863 1295 Scribit
883 1252 1087 1302 Labieno,
1120 1253 1152 1293 si
1177 1252 1410 1306 reipublicae
1434 1254 1638 1294 commodo
1672 1261 1710 1294 15

152 1325 283 1365 facere
304 1331 453 1378 posset,
480 1338 565 1364 oum
586 1323 743 1377 legione
765 1322 813 1363 ad
835 1322 932 1362 fines
954 1319 1195 1360 Neruiorum
1219 1320 1368 1360 ueniat.

751 1405 799 1430 An
822 1405 856 1428 c.
883 1404 1034 1430 rAfflvM.

265 1462 323 1511 (a.
349 1457 422 1512 51)
445 1459 557 1499 Hz'rt.
584 1459 621 1498 b.
653 1457 762 1499 Gall.
791 1457 927 1506 VIII,
960 1454 1011 1506 6,
1037 1454 1085 1495 3:
1128 1454 1304 1496 Litteras
1327 1457 1373 1496 ad
1398 1453 1448 1496 C.
1472 1455 1636 1497 Fabium

150 1527 293 1576 mittit,
327 1533 370 1566 ut
399 1527 437 1567 in
468 1528 564 1567 fines
589 1524 848 1567 Suessionum
872 1524 1048 1579 legiones
1071 1524 1191 1573 duas,
1228 1538 1323 1578 quas
1346 1525 1537 1575 habebat,
1570 1525 1637 1566 ad-

150 1596 328 1636 duceret.
1666 1599 1710 1634 20

710 1676 759 1700 AD
781 1675 815 1701 C.
839 1674 1075 1700 TREBONWM.

263 1729 321 1787 (a.
348 1729 422 1783 51)
443 1729 558 1770 He‘rt.
585 1729 620 1769 b.
651 1728 761 1769 Gall.
791 1728 921 1778 VIII,
948 1727 1014 1777 11,
1042 1728 1091 1768 1:
1127 1726 1301 1768 Litteras
1324 1728 1370 1768 ad
1392 1726 1635 1768 Trebonium

149 1799 283 1848 mittit,
309 1805 352 1839 nt
372 1812 484 1851 quam
507 1797 712 1838 celerrime
735 1803 867 1850 posset
888 1796 1080 1849 legionem
1105 1803 1201 1845 ΧΙΠ,
1228 1810 1327 1848 quae
1351 1809 1437 1835 cum
1461 1795 1513 1835 T.
1529 1793 1634 1836 Sex-

149 1869 204 1908 tio
227 1868 356 1922 legato
378 1867 418 1906 in
441 1864 686 1919 Biturigibus
710 1864 918 1913 hiemabat,
941 1871 1164 1903 arcesseret
1185 1871 1300 1917 atque
1321 1863 1376 1903 ita
1399 1878 1484 1903 cum
1507 1862 1633 1903 tribus

148 1935 368 1990 legionibus
390 1934 544 1987 magnis
566 1932 773 1973 itineribus
796 1932 842 1971 ad
865 1946 908 1971 se
930 1932 1100 1971 ueniret.
1665 1937 1708 1971 25

262 2006 322 2055 (α.
349 2002 422 2056 49)
451 2002 569 2043 Caes.
593 2001 631 2041 b.
658 2002 735 2040 cin.
759 2000 818 2048 II,
839 1999 905 2049 13,
921 1999 967 2040 3:
1001 1997 1153 2039 Caesar
1175 2013 1243 2053 per
1263 1998 1415 2038 litteras
1431 1996 1650 2051 Trebonio*

149 2085 387 2126 magnopere
409 2069 680 2117 mandauerat,
706 2082 754 2108 ne
776 2082 845 2122 per
867 2068 943 2107 uim
967 2068 1144 2121 oppidum
1169 2066 1388 2120 expugnari
1410 2071 1628 2119 pateretur,

150 2153 198 2180 ne
227 2139 387 2193 granius
417 2137 581 2191 permoti
604 2136 749 2176 milites
773 2143 812 2176 et
833 2136 1064 2176 defectionis
1087 2137 1175 2176 odio
1199 2143 1237 2175 et
1259 2133 1547 2187 contemptione
1568 2131 1628 2172 sui

151 2215 190 2248 et
211 2208 359 2248 diutino
382 2207 516 2247 labore
538 2218 673 2245 omnes
697 2204 866 2258 puberes
888 2204 1174 2244 interficerent.

709 2287 758 2311 Αι)
787 2288 823 2311 L.
848 2285 1069 2312 LENTVLVM.
1660 2272 1702 2304 30

262 2344 321 2391 (a.
348 2340 419 2393 49)
448 2340 534 2381 Cic.
561 2340 618 2380 ad
636 2341 731 2381 Att.
760 2340 897 2389 VIII,
931 2338 984 2388 9,
1009 2338 1057 2378 4:
1099 2344 1143 2377 VI
1173 2335 1261 2376 Ital.
1296 2335 1450 2387 uesperi
1483 2331 1629 2373 Balbus

148 2410 277 2449 minor
297 2409 344 2449 ad
367 2423 428 2449 me
450 2409 557 2448 uenit
579 2409 733 2449 occulta
750 2408 813 2447 uia
828 2421 990 2447 currens
1006 2407 1051 2446 ad
1066 2405 1276 2445 Lentulum
1292 2402 1490 2442 consulem
1506 2401 1629 2440 missu

149 2474 338 2517 Caesaris
360 2490 444 2516 cum
467 2476 625 2525 litteris,
652 2491 737 2517 cum
761 2475 972 2523 mandatis,
998 2488 1082 2512 cum
1106 2471 1363 2526 promissione
1385 2468 1626 2522 prouinciae,

148 2543 313 2585 Romam
339 2552 379 2584 ut
400 2545 549 2584 redeat.

645 2627 691 2651 AD
714 2627 751 2657 Q.
778 2626 917 2651 vavm
939 2623 1131 2649 CALENVM.
1662 2609 1704 2642 35

262 2684 322 2733 (a.
349 2678 421 2731 48)
446 2679 566 2720 Caes.
594 2679 630 2718 b.
657 2681 738 2719 οῖιι.
764 2679 849 2729 ΙΙΙ,
878 2678 943 2727 14,
971 2677 1017 2716 1;
1053 2673 1224 2715 Calenus
1247 2672 1466 2727 legionibus
1489 2671 1629 2724 equiti-

294 2795 312 2827 3
326 2795 426 2826 ualde
439 2794 479 2825 de
493 2798 523 2825 te
535 2793 728 2825 Medieeus.
857 2792 901 2825 27
913 2789 1082 2835 oppidum]
1095 2789 1308 2821 ΜαεςίΙίαηι.
1434 2783 1629 2827 31v11ial.]

150 2845 261 2878 Mart.
398 2845 440 2878 32
452 2843 587 2876 occulta
606 2843 660 2874 uia
680 2853 821 2875 currens
834 2842 1031 2882 Μαηιιίίιιε,
1052 2840 1240 2872 occultauit
1257 2847 1440 2870 occurrens
1451 2836 1631 2869 Medic-eus

150 2900 184 2928 et
201 2896 279 2928 edd.
296 2901 447 2940 primae.
