1835 3240
79 153 164 199 470
597 152 687 199 ΕΒΕ
717 153 908 200 BELLO
933 151 1185 200 GALLICO

157 267 398 309 celeritatem
419 267 651 320 insequendi
674 267 832 308 tardare
854 273 1003 320 posset,
1027 267 1152 320 adque
1172 266 1211 312 id
1232 267 1383 322 iugum,
1407 269 1507 323 quod
1529 275 1639 310 trans

156 335 333 389 paludem
357 348 481 389 paene
503 336 551 375 ad
573 334 741 376 hostium
764 339 894 374 castra
916 334 1157 387 pertineret,
1188 335 1376 379 mediocri
1408 337 1510 378 ualle
1532 351 1553 378 a
1574 351 1640 381 ca-

157 401 251 443 stris
272 416 406 443 eorum
428 402 658 442 intercisum
681 400 853 441 animum
882 401 1130 452 aduerteret,
1164 402 1346 456 pontibus
1374 404 1515 457 'palude
1546 419 1639 446 con-

154 477 280 510 strata
309 469 487 523 legiones
520 468 691 509 traducit
721 468 984 522 celeriterque
1012 469 1054 510 in
1083 483 1273 510 summam
1310 470 1518 524 planiciem
1556 472 1639 527 iugi

156 537 362 592 peruenit,
397 549 496 589 quae
527 535 669 576 declini
698 537 857 590 fastigio
888 535 1040 579 duobus
1070 536 1117 578 ab
1147 536 1336 579 lateribus
1367 540 1630 584 muniebatur.

107 607 132 647 5
154 604 214 646 Ibi
236 604 456 659 legionibus
485 603 691 644 instructis
725 604 773 645 ad
804 604 980 645 ultimum
1013 604 1147 658 iugum
1169 607 1350 659 peruenit
1370 607 1571 661 aciemque
1593 622 1640 649 eo

153 673 241 714 loco
264 670 484 720 constituit,
508 671 611 712 unde
634 678 830 713 tormento
852 672 974 713 missa
995 672 1074 713 tela
1095 673 1136 715 in
1158 671 1329 714 hostium
1354 688 1502 715 cuneos
1516 675 1641 716 conici

75 741 129 786 15
151 746 326 795 possent.
371 737 539 779 Barbari
561 739 700 780 confisi
720 739 796 780 loci
818 747 977 790 natura,
1002 754 1088 780 cum
1102 740 1286 782 dimicare
1299 756 1377 783 non
1389 750 1637 794 recusarent,

153 808 187 848 si
210 809 311 848 forte
333 805 504 847 Romani
525 805 659 848 subire
681 807 819 849 collem
840 815 1083 851 conarentur
1097 838 1107 857 ‚
1141 808 1328 862 paulatim
1352 810 1484 864 copias
1506 810 1641 851 distri-

152 876 262 915 butas
286 874 483 915 dimittere
505 888 584 915 non
615 882 802 928 possent,
837 889 887 917 ne
918 875 1086 929 dispersi
1108 876 1461 930 perturbarentur,
1485 878 1526 918 in
1556 878 1641 919 acie

104 943 130 984 ‘2
152 948 468 996 permanserunt.
514 939 691 995 Quorum
714 943 930 997 pertinacia
960 944 1117 998 cognita
1139 941 1293 986 Caesar
1310 952 1380 986 XX
1412 946 1639 988 cohortibus

106 1010 130 1050 3
153 1009 356 1051 instructis
380 1009 599 1063 castrisque
621 1024 669 1052 60
691 1011 778 1051 1000
800 1011 958 1052 metatis
980 1012 1124 1052 muniri
1144 1012 1254 1053 iubet
1275 1020 1421 1054 castra.
1466 1013 1640 1055 Absolu-

152 1078 202 1118 tis
225 1078 409 1132 operibus
440 1092 511 1132 pro
540 1078 643 1119 uallo
674 1079 851 1132 legiones
873 1079 1088 1120 instructas
1111 1081 1306 1130 conlocat,
1333 1082 1484 1134 equites
1507 1083 1639 1122 frena-

103 1145 129 1185 4
153 1146 202 1186 tis
221 1145 330 1199 equis
351 1145 392 1185 in
413 1145 585 1187 statione
607 1147 793 1201 disponit.
846 1145 1076 1197 Bellouaci,
1109 1162 1195 1188 cum
1218 1147 1421 1189 Romanos
1453 1149 1502 1189 ad
1530 1149 1638 1190 inse-

152 1214 346 1266 quendum
371 1221 528 1267 paratos
551 1215 733 1255 uiderent
753 1229 881 1268 neque
903 1222 1136 1269 pernoctare
1159 1222 1226 1256 aut
1248 1216 1392 1256 diutius
1407 1229 1640 1269 permanere

150 1281 235 1321 sine
257 1281 430 1335 periculo
453 1282 589 1322 eodem
610 1283 698 1323 loco
720 1289 898 1335 possent,
923 1283 1001 1323 tale
1024 1282 1230 1323 consilium
1253 1283 1313 1323 sui
1335 1283 1551 1337 recipiendi
1573 1296 1638 1324 ce-

103 1348 127 1389 5
149 1355 302 1402 peruut.
345 1347 519 1399 Fasces,
553 1357 597 1390 ut
627 1357 916 1391 consueuerant
946 1350 1133 1404 [namque
1163 1350 1204 1391 in
1233 1350 1317 1391 acie
1338 1351 1478 1392 sedere
1500 1348 1637 1392 Gallos

151 1430 366 1460 consuesse
395 1416 668 1472 superioribus
698 1417 993 1459 commentariis
1028 1415 1214 1459 Caesaris
1247 1418 1484 1459 declaratum
1517 1419 1632 1473 est],

150 1498 220 1539 per
239 1498 379 1527 manus
401 1491 708 1526 stramentorum
730 1500 775 1526 ac
798 1485 1057 1539 uirgultorum
1073 1517 1084 1537 ,
1119 1501 1283 1540 quorum
1316 1501 1468 1527 summa
1490 1494 1576 1531 erat
1595 1486 1637 1527 in

149 1552 292 1593 castris
315 1553 443 1606 copia,
467 1553 573 1593 inter
595 1567 638 1594 se
663 1554 828 1596 traditos
850 1561 942 1595 ante
963 1554 1087 1596 aciem
1107 1554 1365 1595 conlocarunt
1378 1562 1637 1608 extremoque

101 1618 128 1660 6
151 1628 325 1674 tempore
347 1621 422 1661 diei
445 1621 558 1675 signo
582 1623 833 1675 pronuntiato
856 1637 932 1663 uno
955 1629 1130 1677 tempore
1150 1623 1426 1664 incenderunt.
1460 1620 1517 1663 Ita
1541 1636 1636 1662 con-

149 1689 278 1729 tinens
301 1688 453 1730 flamma
476 1689 606 1742 copias
629 1703 765 1731 omnes
787 1698 948 1744 repente
970 1697 1218 1745 aconspectu
1230 1689 1629 1731 texitRomanorum.

72 1755 125 1800 16
147 1754 263 1808 Quod
286 1756 352 1797 ubi
374 1757 531 1807 accidit,
556 1757 715 1798 barbari
740 1758 1086 1799 uehementissimo
1105 1772 1224 1799 cursu
1245 1759 1490 1812 refugerunt.
1531 1754 1635 1798 Cae-

147 1838 236 1874 sar,
271 1825 347 1866 etsi
378 1825 595 1866 discessum
627 1825 795 1866 hostium
826 1826 1144 1868 animaduertere
1166 1840 1244 1868 non
1266 1832 1420 1880 poterat
1440 1824 1634 1867 incendiis

292 1979 303 2011 1
330 1979 458 2011 tardari
477 1981 507 2011 b.
650 1981 760 2023 adque
773 1981 815 2021 B,
837 1991 907 2012 uon
920 1985 1032 2022 atque.
1174 1979 1225 2023 id]
1245 1980 1286 2012 ad
1299 1981 1387 2012 AD.
1524 1980 1545 2014 2
1557 1989 1636 2023 pae-

145 2042 186 2062 ne
205 2041 312 2072 usque
332 2031 371 2062 ad
393 2032 423 2062 b.
566 2033 584 2065 3
604 2032 750 2063 animum
771 2033 970 2064 aduerteret
988 2032 1090 2073 A(B)
1106 2032 1196 2073 CD,
1228 2042 1297 2064 non
1316 2032 1488 2064 animadu.

144 2083 164 2114 4
182 2082 357 2125 planitiem
377 2083 452 2124 (B).
594 2084 662 2124 iugi
682 2094 728 2116 an
744 2094 810 2126 pro
830 2095 868 2116 eo
887 2085 989 2116 uallis
1008 2086 1075 2116 int.
1096 2094 1190 2116 uers.
1214 2085 1244 2117 b.
1388 2086 1405 2117 5
1424 2084 1584 2127 prouenit
1601 2096 1629 2116 0.

289 2135 344 2176 qui
365 2135 396 2166 b.
561 2146 579 2168 a
598 2136 765 2169 lateribus
786 2136 823 2169 C.
989 2138 1007 2169 6
1027 2137 1085 2168 ubi
1102 2137 1135 2169 A
1149 2137 1166 2168 b
1180 2147 1207 2169 e.
1383 2137 1402 2170 9
1421 2137 1586 2179 paulatim
1602 2137 1634 2170 B

146 2186 326 2228 ‘relz'qtti’,
346 2187 576 2230 paulatimque
598 2189 615 2220 b
628 2188 717 2220 cde.
875 2189 915 2222 10
933 2194 1076 2232 possent
1094 2190 1125 2221 B
1144 2190 1297 2230 ‘ceterz''‚
1320 2190 1488 2222 auderent
1506 2191 1524 2222 b
1537 2190 1629 2223 cde.

288 2237 513 2269 turbarentur
526 2239 542 2269 b
554 2248 583 2269 e.
729 2238 765 2272 11
789 2237 918 2271 Caesar
936 2240 1073 2281 cognita
1085 2240 1117 2271 b.
1261 2242 1301 2276 12
1319 2241 1440 2272 castris
1456 2241 1486 2272 b.

143 2287 196 2329 eo]
218 2298 235 2320 6
254 2288 298 2319 Α.
465 2290 597 2322 munire
615 2291 693 2333 Aa,
714 2289 890 2333 Menapios
908 2292 1039 2324 munire
1061 2291 1183 2324 bede.
1346 2292 1512 2324 absolutis
1535 2291 1552 2322 b
1565 2290 1627 2331 cd,

144 2338 323 2371 absolutos
342 2350 378 2380 e,-
407 2350 446 2372 ac
476 2341 597 2373 solutis
625 2342 656 2374 B
677 2342 863 2384 ‘reliquz'',
890 2343 995 2384 idque
1020 2344 1258 2375 Achaz'ntrius
1282 2343 1323 2374 de
1351 2343 1381 2374 B
1410 2346 1530 2374 tacens
1554 2343 1590 2373 in
1608 2351 1628 2372 a

143 2389 340 2431 legisalso,
363 2395 400 2422 ul
419 2392 592 2433 arbitror,
614 2394 740 2435 refert.
884 2393 924 2426 13
943 2404 1003 2436 pro
1017 2394 1274 2434 uallolegiones
1287 2393 1317 2424 B
1331 2394 1426 2425 ‘mss.
1440 2391 1626 2434 plure'mi‘‚

143 2440 297 2480 legiones
315 2452 374 2483 pro
394 2442 486 2474 uallo
507 2453 540 2475 u.
683 2444 841 2475 conlocat
860 2443 901 2475 B.
1061 2444 1101 2476 14
1120 2444 1268 2476 statione
1286 2443 1316 2474 B
1337 2444 1432 2475 ‘yn-5⁸.
1454 2443 1538 2485 qq.',
1560 2448 1630 2475 sta-

141 2491 290 2523 tionibus
309 2503 344 2524 u.
489 2493 528 2524 15
549 2503 726 2526 remanere
748 2495 778 2525 b.
948 2494 988 2526 16
1007 2494 1159 2537 periculo
1178 2495 1278 2526 ABe
1299 2494 1391 2526 (ηις-ς.
1413 2495 1516 2534 mei’,
1537 2494 1629 2526 ciba-

141 2542 202 2573 riis
223 2553 300 2574 cum
319 2542 410 2574 And.
436 2543 549 2576 Oxou.
570 2555 605 2576 u.
793 2548 874 2577 ante
892 2545 1009 2577 eodem
1027 2544 1110 2577 add.
1132 2545 1166 2576 in
1187 2545 1216 2576 b.
1390 2550 1553 2588 ceperunt
1569 2545 1629 2578 Be

144 2594 239 2625 ‘mss.
259 2596 331 2625 mei
341 2593 359 2634 ¹,
383 2599 586 2636 receperunt
603 2596 655 2635 A;
676 2595 829 2628 inierunt
847 2606 925 2627 cum
942 2595 1036 2628 And.
1060 2595 1174 2628 θεῖ-οη.
1195 2605 1231 2627 u.
1374 2596 1464 2628 17ut
1482 2606 1627 2629 cousue-

141 2650 265 2676 uer-ant
282 2645 313 2677 B
330 2649 364 2677 et
381 2645 527 2687 reliqui,
549 2646 606 2677 ubi
626 2647 855 2679 consederant
876 2646 993 2678 bede.
1151 2656 1293 2689 namque
1312 2647 1341 2679 B
1361 2650 1458 2679 ‘ms-5.
1479 2647 1624 2689 omnes‘,

142 2705 218 2728 nam
237 2706 265 2727 e.
288 2696 404 2729 Vncos
423 2696 465 2728 de
484 2696 624 2729 ll‘'assz'i
639 2700 821 2729 sententia
834 2699 956 2739 posui.
977 2697 1015 2729 P.
1039 2697 1115 2730 116.
1258 2698 1298 2730 18
1310 2708 1496 2731 consuesse
1509 2709 1577 2731 om.
1593 2699 1624 2730 b.

286 2746 446 2780 Caesaris
464 2748 495 2780 B
516 2747 660 2789 ‘reliqui
671 2748 691 2788 ’,
713 2758 781 2780 om.
805 2748 822 2779 b
835 2747 924 2779 cde.
1099 2747 1139 2780 19
1158 2758 1219 2790 per
1236 2758 1354 2782 manus
1370 2753 1454 2791 post
1470 2750 1567 2792 copia
1586 2749 1628 2782 de

139 2797 276 2829 Fac'rni
293 2801 498 2831 coniectura
512 2801 637 2841 posita
656 2799 765 2831 habet
781 2809 817 2830 u.
959 2797 1001 2832 20
1020 2798 1235 2831 collocarunt
1250 2799 1281 2831 B
1302 2800 1408 2841 ‘alz'i'‚
1436 2801 1626 2834 collocaue-

140 2855 219 2882 runt
238 2851 255 2882 b
268 2861 285 2881 0
298 2850 321 2883 (Ι
338 2851 441 2891 (0001.
462 2851 520 2892 Β).
700 2852 743 2885 24
762 2852 909 2883 animum
927 2851 1110 2883 aduertere
1130 2862 1176 2883 e-z·
1193 2852 1287 2885 And.
1310 2853 1424 2886 Oaeon.
1446 2865 1480 2886 u.

1673 885 1714 920 10

1672 1223 1713 1256 15

1667 1559 1710 1596 20
