1835 3240
648 183 1100 225 ¹—40———-

163 311 237 352 que
259 297 588 340 Vratislauiensis
610 297 757 352 primus
780 295 965 348 descripti
987 299 1093 334 sunt.
1155 291 1201 333 In
1233 293 1291 335 his
1322 301 1505 349 quattuor
1535 295 1637 336 enim

164 367 257 417 (nisi
279 367 380 420 quod
401 367 447 406 de
468 365 581 407 Vrat.
614 378 672 418 pr.
707 371 816 403 certa
846 362 1070 401 coniectura
1099 360 1342 414 iudicamus)
1363 361 1467 413 VII,
1501 363 1580 413 22,
1615 362 1640 403 5

161 434 284 474 uerba
308 440 370 473 ‘et
391 439 546 486 apertos
568 430 790 471 cuniculos'
814 435 852 467 et
874 434 1006 468 cetera
1028 441 1151 480 usque
1174 428 1220 468 ad
1243 429 1357 468 finem
1380 431 1516 482 capitis
1539 431 1642 471 desi-

163 502 373 550 derantur,
408 515 492 540 cum
524 500 563 539 in
587 497 716 549 Bong.
749 509 808 548 pr.
841 500 993 534 extent.
1056 494 1208 535 Horum
1235 494 1441 536 Parisinus
1474 497 1639 550 primus⁷

163 569 228 621 qui
250 569 371 608 estin
401 568 510 621 regia
540 564 772 605 bibliotheca
804 575 966 602 numero
998 563 1204 615 quinquies
1233 551 1467 603 millesimus
1495 554 1642 618 septin-

162 635 403 689 gentesimus
438 631 709 684 sexagesimus
738 630 905 679 tertius⁷
946 629 986 669 in
1024 629 1259 670 membranis
1290 631 1472 671 maximis
1503 632 1641 685 partim

162 717 267 742 nono
289 702 425 755 partim
451 699 677 739 duodecimo
699 697 857 737 saeculo
879 697 1048 750 scriptus
1063 728 1074 747 ,
1105 698 1304 751 inspectus
1327 704 1411 738 erat
1431 698 1643 752 neglegen-

162 769 312 810 tissime
335 768 380 808 ab
398 765 646 814 Achaintrio,
672 764 764 804 mihi
786 764 898 813 satiS,
925 771 966 804 ut
982 764 1167 813 arbitror,
1192 773 1374 806 accurate
1396 766 1559 807 collatus
1583 773 1645 807 est

162 850 184 877 a
204 835 405 890 Beyerlio.
450 831 591 874 Codex
613 838 673 872 est
694 831 868 884 pluribus
890 832 1064 885 partibus
1087 838 1306 873 truncatus.
1357 833 1463 874 Nam
1487 841 1645 888 praeter

162 917 223 954 ea,
249 916 347 956 quae
369 902 408 941 in
432 901 502 941 bac
523 906 632 954 parte
654 898 900 951 integrorum
923 899 1137 940 desiderari
1160 900 1243 940 dixi
1265 907 1304 940 et
1325 901 1363 940 in
1383 896 1644 942 omnibus'in-

158 970 281 1023 tegi-is
304 970 441 1008 deesse
463 974 599 1020 postea
622 966 772 1016 dicam,
808 966 906 1007 libro
928 968 1052 1021 primo
1075 975 1262 1020 quattuor
1281 968 1372 1008 folia
1395 969 1598 1022 perierunt
1619 983 1643 1010 a

160 1037 292 1077 uerbis
314 1050 348 1076 c.
373 1035 415 1085 7,
447 1035 472 1075 3
502 1034 652 1074 ‘locum
676 1033 928 1074 obtinebant'
961 1048 1083 1087 usque
1113 1035 1160 1074 ad
1182 1035 1295 1075 finem
1318 1035 1508 1075 orationis
1530 1034 1644 1075 Diui-

161 1105 252 1144 tiaci
274 1106 329 1156 (c.
353 1101 426 1154 20)
449 1100 712 1156 pertinentia3
746 1101 884 1142 deinde
906 1100 960 1152 V,
983 1100 1038 1141 44
1053 1133 1063 1152 ,
1091 1101 1144 1142 10
1164 1103 1255 1143 inde
1276 1118 1298 1143 a
1322 1103 1454 1143 uerbis
1488 1108 1498 1126 ⁶
1514 1102 1644 1143 multi-

160 1172 253 1212 tudo
275 1170 506 1219 conuertit',
541 1182 640 1225 quae
671 1175 763 1209 sunt
797 1176 976 1210 extrema
1009 1169 1057 1210 ab
1087 1170 1308 1223 antiquiore
1337 1184 1455 1210 manu
1475 1171 1641 1224 scripta,

160 1239 288 1279 omnia
312 1239 450 1278 desunt
471 1251 595 1290 usque
618 1237 664 1276 ad
685 1251 819 1277 uocem
847 1237 1102 1291 ‘periculum'
1126 1252 1160 1277 c.
1185 1236 1256 1288 48,
1280 1237 1329 1288 73
1356 1239 1521 1291 denique
1542 1238 1644 1279 libro

158 1304 219 1348 VI
241 1307 370 1346 omnia
392 1307 496 1346 inter
518 1304 637 1345 uerba
662 1305 919 1358 ‘antiquitus'
943 1319 978 1345 c.
1005 1304 1055 1346 11
1071 1335 1081 1354 ,
1106 1304 1132 1345 4
1156 1312 1194 1345 et
1218 1306 1399 1359 ‘parent'
1423 1320 1458 1345 c.
1487 1305 1562 1356 13,
1590 1305 1645 1347 10

157 1373 381 1414 interiecta.
437 1372 652 1425 Antiqui0r
673 1387 809 1413 manus
832 1386 854 1413 a
877 1387 911 1412 c.
936 1372 988 1412 41
1012 1373 1101 1412 libri
1122 1370 1201 1414 Vll
1222 1387 1361 1413 rursus
1383 1374 1534 1426 reliqua
1555 1387 1644 1427 per-

158 1442 332 1494 scripsit.
375 1439 489 1481 Libri
512 1440 565 1489 V,
590 1439 644 1479 24
659 1470 669 1489 ‚
693 1439 720 1480 4
741 1439 863 1480 scribi
885 1440 1052 1481 desitum
1075 1447 1136 1480 est
1156 1439 1194 1479 in
1217 1440 1366 1494 syllaba
1390 1441 1512 1493 prima
1533 1441 1643 1480 uocis

161 1507 392 1557 ‘cobortes'‚
417 1508 554 1548 deinde
577 1507 796 1561 subscripta
814 1515 905 1547 sunt
926 1507 1071 1548 uerba:
1100 1506 1191 1547 ‘Hic
1214 1514 1273 1547 est
1293 1506 1392 1548 liber
1409 1506 1544 1548 Sancti
1564 1506 1643 1549 Be-

158 1576 301 1616 nedicti
322 1575 632 1625 Floriacensis⁷,
667 1576 808 1629 pagina
831 1589 948 1615 uersa
970 1589 1065 1629 pura
1088 1583 1148 1616 est
1169 1576 1306 1616 relicta
1328 1582 1367 1615 et
1390 1582 1466 1615 tum
1490 1577 1642 1616 demum

158 1643 308 1683 duabus
330 1643 491 1696 reliquis
514 1642 674 1697 syllabis
699 1643 862 1682 ‘hortes'
885 1643 1090 1697 scriptoris
1120 1643 1240 1683 uerba
1272 1643 1498 1683 continuata
1530 1650 1638 1683 sunt.

158 1707 294 1762 Itaque
316 1710 378 1750 hic
401 1717 462 1750 est
482 1712 608 1752 codex
623 1741 632 1758 ‚
658 1724 771 1764 quem
793 1709 939 1750 Petrus
961 1709 1126 1761 Daniel,
1162 1710 1341 1751 coenobii
1365 1708 1409 1750 S.
1434 1709 1642 1751 Benedicti

156 1775 425 1818 Floriacensis
458 1779 505 1818 ad
534 1777 712 1833 Ligerim
746 1776 819 1830 (S.
843 1776 988 1818 Benoit
1018 1793 1087 1818 sur
1115 1777 1267 1830 Loire)
1298 1791 1416 1831 prope
1437 1776 1642 1818 Aureliam

158 1844 225 1885 siti
258 1845 496 1896 aduocatuS,
538 1859 581 1886 se
612 1846 759 1886 uidisse
789 1845 837 1885 ad
869 1846 1013 1886 calcem
1045 1845 1309 1900 Bongarsiani
1340 1845 1453 1898 primi
1485 1845 1644 1899 scripsit

160 1910 413 1965 (Vffenbach.
438 1913 524 1953 itin.
549 1912 608 1953 ΙΙΙ
630 1929 668 1967 p.
694 1912 810 1967 574).
853 1913 985 1966 Atque
1006 1913 1335 1968 subscriptionem
1359 1913 1405 1952 de
1428 1910 1526 1952 Iulio
1551 1909 1644 1953 Cel-

159 1993 221 2030 so,
246 1994 358 2033 quam
381 1993 424 2020 se
445 1980 484 2019 in
506 1981 580 2021 hoc
603 1981 736 2022 codice
759 1981 904 2035 legisse
926 1980 1070 2022 Daniel
1091 1981 1241 2031 retulit,
1266 1994 1383 2034 supra
1406 1981 1568 2020 eandem
1591 1994 1642 2021 ex

157 2045 252 2088 Par.
278 2062 337 2101 pr.
363 2049 579 2101 posuimus.
622 2048 722 2089 Item
752 2049 854 2102 quod
874 2047 918 2099 I,
953 2049 1024 2100 47,
1057 2049 1084 2089 4
1114 2049 1154 2089 in
1191 2053 1310 2089 ‘mss.
1342 2046 1493 2088 Bened.
1519 2047 1643 2088 Flor.’

159 2115 346 2168 scriptum
369 2128 457 2155 esse
483 2115 565 2155 ίΜ.
589 2115 794 2157 Mettium'
815 2118 1002 2167 refertur,
1038 2123 1097 2156 est
1128 2117 1165 2156 id
1195 2128 1348 2169 quoque
1378 2115 1419 2155 in
1440 2114 1533 2156 Par.
1561 2129 1641 2168 pr.‚

159 2183 229 2222 sed
250 2182 290 2222 in
313 2183 488 2236 margine
509 2182 555 2222 ab
577 2183 652 2224 alia
674 2199 808 2225 manu.
850 2183 954 2224 Nam
977 2184 1098 2225 multa
1120 2183 1268 2224 duobus
1290 2183 1425 2236 primis
1447 2196 1644 2223 commen-

162 2250 273 2291 tariis
305 2259 342 2291 et
374 2250 562 2291 nonnulla
595 2251 711 2291 tertio
743 2251 791 2291 ab
821 2252 898 2292 alia
925 2265 1042 2291 manu
1073 2251 1138 2291 uel
1167 2251 1208 2290 in
1239 2250 1416 2303 margine
1439 2250 1503 2290 uel
1525 2264 1643 2303 supra

159 2316 280 2357 uerba
302 2317 449 2371 scripta
472 2326 564 2357 sunt
585 2332 638 2359 ex
658 2319 792 2359 codice
813 2319 1072 2372 interpolatae
1095 2318 1264 2358 familiae
1282 2317 1418 2370 petita.
1454 2315 1644 2358 Ceterum

160 2384 392 2425 coenobium
413 2383 670 2426 Floriaeense
691 2400 795 2426 anno
820 2385 928 2426 1562
950 2400 971 2425 a
995 2383 1228 2426 Caluinistis
1252 2385 1444 2439 direptum
1468 2399 1558 2425 esse
1579 2399 1644 2425 ac-

161 2452 348 2506 cepimus,
372 2452 551 2506 idemque
573 2454 611 2493 in
636 2467 682 2493 ea
704 2453 924 2493 calamitate
947 2453 1034 2492 huie
1057 2452 1179 2492 codici
1203 2453 1392 2493 accidisse
1419 2454 1502 2507 ipse
1524 2461 1645 2493 testa-

161 2527 237 2560 tur.
281 2518 465 2570 Partem,
499 2533 597 2573 quae
629 2520 856 2560 duodecimo
889 2521 1046 2560 saeculo
1078 2520 1224 2574 scripta
1246 2527 1330 2568 est,
1354 2521 1478 2560 altera
1500 2521 1644 2561 deteri-

114 2609 120 2629 11
164 2600 269 2628 orem
287 2602 364 2628 non
387 2588 640 2641 deprehendi.
666 2586 888 2647 Vossianus
911 2589 1056 2642 primus
1079 2588 1456 2642 seruaturLugduni
1473 2587 1644 2630 Batauo-

114 2706 120 2714 ι
161 2670 247 2696 rum
262 2655 302 2696 in
322 2655 558 2696 bibliotheca
578 2656 818 2705 academiae,
843 2656 882 2695 in
894 2657 1003 2696 cuius
1016 2657 1195 2709 catalogo
1209 2670 1370 2696 numero
1381 2657 1644 2709 estquinqua-

116 2715 124 2723 ⁸
163 2723 336 2777 gesimus
358 2723 511 2764 tertius.
552 2721 727 2763 Primum
749 2723 913 2763 collatus
937 2731 994 2764 est
1016 2738 1037 2764 a
1061 2722 1206 2773 Gudi0‚
1234 2724 1346 2764 cuius
1369 2725 1525 2764 collatio
1547 2725 1645 2778 legi-

163 2798 229 2832 tur
248 2791 289 2831 in
311 2791 528 2845 exemplari
549 2789 799 2840 Fabriciano,
825 2791 962 2832 deinde
983 2792 1031 2831 ab
1054 2789 1348 2845 Oudendorpio,
1375 2806 1396 2832 a
1419 2799 1559 2832 neutro
1582 2806 1646 2833 sa-

164 2858 215 2900 tis
238 2859 460 2914 diligenter.
501 2858 679 2913 Vterque
701 2859 805 2899 enim
825 2858 967 2899 multas
988 2859 1080 2901 inde
1101 2859 1317 2914 scripturas
1340 2860 1502 2915 protulit
1521 2860 1647 2901 iuter-
