1835 3240
111 186 135 214 ὗ

83 185 112 228 3,
139 185 166 227 2
603 182 677 225 DE
710 180 898 224 BELLO
931 175 1179 221 GALLICO

113 215 137 227 Q

112 299 138 340 6
159 305 289 339 castra
311 296 359 337 iri
380 303 578 350 oportere.
623 295 773 336 Multae
797 309 861 333 res
884 294 930 333 ad
954 293 1025 332 boc
1048 292 1254 332 consilium
1269 289 1405 332 Gallos
1428 292 1638 333 hortaban-

160 374 244 406 tur:
280 365 522 418 superiorum
556 365 704 403 dierum
730 361 866 401 Sabini
898 359 1122 407 cunctatio,
1159 361 1345 412 perfugae
1377 361 1635 410 confirmatio,

160 433 290 487 inopia
313 432 548 472 cibariorum
566 460 575 477 ,
612 430 674 469 cui
707 429 763 469 rei
788 442 920 481 parum
945 428 1156 480 diligenter
1177 426 1222 465 ab
1245 426 1292 466 iis
1315 435 1400 466 erat
1422 428 1635 480 prouisum,

159 514 248 554 spes
271 499 453 540 Venetici
476 498 564 537 belli
597 503 635 536 et
667 497 766 548 quod
790 497 870 535 fere
893 495 1062 535 libenter
1084 493 1260 534 homines
1282 493 1336 543 id,
1362 496 1463 549 quod
1485 497 1636 542 uolunt,

112 568 138 609 7
160 569 338 609 credunt.
374 565 445 604 His
467 565 586 603 rebus
609 564 764 603 adducti
788 578 863 603 non
889 563 994 616 prius
1011 561 1276 603 Viridouicem
1299 561 1547 615 reliquosque
1571 564 1636 603 du-
1669 571 1686 601 5

161 650 226 676 ces
249 649 301 675 ex
323 633 489 674 concilio
512 631 724 679 dimittunt,
751 631 922 683 quamab
946 631 1004 669 his
1027 630 1078 670 sit
1100 642 1345 677 concessum,
1371 643 1478 669 arma
1500 630 1557 669 uti
1578 644 1642 670 ca-

113 703 139 744 8
161 705 266 757 piant
291 709 329 741 et
351 700 396 740 ad
421 706 549 739 castra
573 700 825 738 contendant.
871 696 960 750 Qua
982 711 1024 738 re
1046 711 1236 737 concessa
1259 697 1351 737 laeti
1374 703 1413 736 ut
1437 697 1643 750 explorata

163 769 327 810 uictoria
350 767 561 807 sarmentis
586 767 846 819 uirgultisque
865 766 1056 816 collectis,
1082 766 1360 818 quibusl'ossas
1373 763 1643 804 Romanorum

86 838 140 882 19
164 837 409 890 compleant,
445 835 491 874 ad
524 842 653 874 castra
686 842 864 887 pergunt.
928 832 1062 873 Locus
1096 840 1180 873 erat
1212 840 1431 872 castrorum
1455 832 1581 872 editus
1605 839 1645 872 et

161 904 346 958 paulatim
370 903 416 943 ab
440 903 516 942 imo
540 902 703 942 adclinis
726 902 886 941 circiter
909 915 1045 955 passus
1069 901 1187 941 mille.
1251 899 1338 939 Huc
1363 913 1503 953 magno
1527 913 1645 939 cursu
1678 906 1718 938 10

162 972 472 1020 contenderunt,
511 977 553 1009 ut
584 983 699 1022 quam
730 969 929 1008 minimum
954 968 1069 1022 spatii
1092 969 1138 1007 ad
1160 981 1202 1008 se
1226 968 1466 1021 colligendos
1490 982 1645 1007 arman-

114 1039 141 1080 2
163 1041 309 1092 dosque
340 1037 534 1078 Romanis
572 1037 755 1087 daretur,
795 1037 1088 1090 exanimatique
1130 1043 1409 1089 peruenerunt.
1475 1033 1644 1075 SabInus

162 1121 256 1148 suos
279 1107 458 1146 hortatus
482 1105 725 1158 cupientibus
749 1105 903 1159 signum
928 1105 1006 1144 dat.
1064 1102 1264 1156 Impeditis
1288 1104 1463 1143 hostibus
1488 1110 1646 1156 propter

163 1189 226 1223 ea,
251 1188 349 1227 quae
373 1173 566 1222 ferebant,
606 1187 727 1213 onera
750 1173 879 1212 subito
902 1172 1049 1211 duabus
1072 1171 1193 1224 portis
1217 1171 1459 1224 eruptionem
1483 1171 1566 1210 lieri
1589 1170 1645 1209 iu-

116 1242 141 1282 3
163 1245 244 1283 bet.
306 1240 470 1282 Factum
496 1248 556 1280 ost
578 1241 867 1293 opportunitate
889 1239 961 1278 loci
977 1271 986 1288 ,
1023 1239 1192 1278 hostium
1215 1239 1421 1278 inscientia
1446 1253 1490 1277 ac
1513 1238 1648 1278 defeti-
1682 1244 1720 1276 15

163 1311 347 1364 gatione‚
384 1309 530 1348 uirtute
561 1308 723 1347 militum
755 1314 794 1347 ct
823 1307 1069 1360 superiorum
1100 1319 1318 1359 pugnarum
1342 1306 1645 1354 exercitatione,

165 1386 206 1417 ut
238 1390 287 1417 ne
318 1390 436 1415 unum
469 1375 623 1427 quidem
657 1382 885 1414 nostrorum
916 1374 1101 1426 impetum
1135 1375 1286 1413 ferrent
1317 1386 1361 1412 ac
1384 1373 1515 1412 statim
1540 1379 1649 1426 terga

116 1445 141 1484 4
165 1451 383 1485 uerterent.
425 1442 536 1494 Quos
557 1443 750 1495 inpeditos
772 1442 939 1495 integris
961 1441 1111 1480 uiribus
1133 1441 1274 1480 milites
1298 1440 1424 1480 nostri
1446 1440 1650 1480 consecuti

164 1526 346 1566 magnum
369 1524 571 1550 numerum
596 1523 730 1549 eorum
762 1509 1017 1558 occiderunt,
1050 1509 1222 1561 reliquos
1255 1508 1407 1561 equites
1430 1507 1650 1548 consectati

118 1580 142 1621 5
166 1593 310 1635 paucos
326 1610 336 1628 ‚
373 1579 435 1632 qui
458 1592 510 1618 ex
534 1580 622 1631 l'uga
647 1584 873 1627 euaserant,
899 1577 1157 1628 reliquerunt.
1222 1574 1288 1616 Sic
1320 1589 1395 1615 uno
1419 1583 1593 1629 tempore
1615 1582 1653 1615 et
1682 1582 1726 1616 20

167 1649 214 1689 de
237 1648 364 1688 nauali
391 1660 519 1699 pugna
546 1644 717 1685 Sabinus
741 1651 779 1684 et
801 1645 846 1684 de
872 1642 1009 1684 Sabini
1040 1644 1206 1683 uictoria
1230 1641 1382 1683 Caesar
1410 1644 1557 1683 certior
1594 1644 1651 1682 l'a-

121 1716 148 1757 6
170 1724 256 1757 ctus
279 1722 354 1763 cst,
380 1715 637 1765 ciuitatesque
655 1726 790 1752 omnes
811 1726 853 1751 se
875 1713 1008 1752 statim
1020 1711 1176 1751 Titurio
1200 1712 1445 1751 dediderunt.
1483 1710 1586 1751 Nam
1609 1718 1652 1751 ut

167 1784 215 1824 ad
238 1782 338 1823 bella
361 1781 611 1834 suscipienda
633 1778 838 1819 Gallorum
861 1779 993 1819 alacer
1013 1793 1059 1820 ac
1082 1785 1280 1833 promptus
1303 1786 1364 1818 est
1384 1779 1536 1819 animus
1552 1810 1562 1829 ,
1595 1779 1652 1818 sic

167 1850 296 1892 mollis
329 1863 375 1889 ac
406 1849 564 1888 minime
598 1848 790 1888 resistens
822 1848 870 1887 ad
901 1848 1145 1888 calamitates
1178 1847 1431 1901 perferendas
1453 1860 1563 1886 mens
1586 1860 1652 1886 eo-

169 1933 253 1958 rum
281 1923 355 1957 est.
1684 1921 1727 1953 ‘²5

93 1987 151 2031 20
288 1983 437 2024 Eodem
471 1984 550 2023 fere
582 1989 756 2036 tempore
786 1981 950 2022 Publius
983 1979 1182 2033 Crassus,
1215 1997 1299 2023 cum
1331 1983 1371 2023 in
1400 1982 1654 2036 Aquitaniam

171 2052 433 2108 peruenisset,
459 2065 557 2104 quae
581 2065 686 2104 pars,
712 2058 754 2090 ut
777 2058 868 2090 ante
891 2051 1031 2090 dictum
1055 2057 1132 2100 est,
1163 2057 1203 2091 et
1224 2051 1427 2104 regionum
1450 2051 1656 2091 latitudine

173 2128 211 2161 et
241 2119 489 2160 multitudine
520 2119 717 2159 hominum
751 2132 803 2158 ex
835 2118 952 2158 tertia
985 2125 1093 2171 parte
1117 2116 1270 2158 Galliae
1302 2125 1362 2158 est
1392 2119 1651 2167 aestimanda,

318 2301 338 2334 2
358 2300 593 2343 percunctatio
614 2301 644 2331 b.
782 2299 800 2331 3
821 2300 861 2331 ab
882 2299 932 2330 his
951 2299 1074 2341 ABs,
1097 2299 1137 2330 ab
1157 2299 1222 2331 hiis
1240 2299 1283 2331 E.
1424 2299 1442 2331 6
1461 2299 1602 2331 consilio
1622 2299 1651 2330 b.

317 2364 410 2384 arma
429 2354 477 2384 uti
497 2351 647 2394 capiant]
669 2357 705 2383 ut
723 2352 851 2393 copiam
873 2351 1048 2393 saeiants.
1287 2351 1306 2382 8
1325 2351 1522 2393 sarmentis]
1543 2360 1656 2382 sacra-

175 2405 298 2437 mentis
318 2404 359 2435 A.
506 2404 544 2436 lo
564 2403 708 2434 adclinis
728 2403 770 2434 B.
958 2403 995 2435 11
1017 2403 1162 2444 spatium
1183 2403 1213 2434 b.
1378 2403 1416 2435 13
1436 2404 1592 2435 hortatur
1613 2404 1652 2435 C.

322 2457 361 2488 14
381 2466 418 2486 ca
436 2466 503 2486 om.
527 2456 558 2486 b.
735 2456 770 2486 15
792 2455 1022 2496 oportunitate
1040 2455 1082 2486 B.
1245 2454 1491 2494 defetigatione
1509 2456 1562 2486 Ao
1580 2456 1612 2486 J)
1625 2456 1657 2487 Ε

176 2512 208 2540 ei
228 2517 302 2539 cnm
331 2516 349 2537 a
376 2516 483 2546 snper
513 2505 544 2535 t'e
570 2514 638 2535 see.
666 2514 714 2535 711.
741 2507 859 2544 posita
879 2505 908 2535 B
927 2508 963 2535 et
977 2515 1052 2536 cum
1074 2507 1210 2545 puncto
1227 2505 1290 2536 sab
1309 2515 1325 2535 e
1345 2509 1382 2535 et
1398 2515 1417 2535 a
1435 2507 1653 2547 saprum-f,

179 2559 425 2598 del'atigationc
445 2557 553 2597 (Aa)
573 2567 606 2587 ιι.
838 2556 876 2587 16
896 2561 930 2587 ct
948 2557 1157 2598 superiorum
1176 2557 1248 2588 AB
1262 2558 1328 2589 CI)
1343 2558 1421 2598 Es.
1444 2560 1656 2600 superiorum

175 2615 293 2645 ἰἠιιίΙο
315 2610 401 2642 aad.
424 2620 457 2639 u.
639 2608 677 2639 lS
697 2612 873 2639 uerterunt
892 2608 937 2639 D.
1137 2608 1303 2649 inpeditos
1322 2609 1372 2648 B,
1394 2611 1511 2650 om.f.

180 2660 301 2702 nostri]
324 2661 386 2691 uisi
406 2670 450 2691 m.
467 2668 525 2700 pr.
546 2659 589 2688 B.
755 2658 792 2689 19
813 2657 960 2699 equites]
980 2668 1094 2689 eorum
1114 2658 1195 2689 add.
1223 2659 1239 2689 b
1255 2669 1283 2689 c.
1470 2660 1509 2692 21
1531 2661 1660 2692 certior

180 2716 292 2748 factus
312 2718 366 2745 est
383 2712 494 2743 deleto
513 2720 581 2740 sve.
603 2720 649 2740 m..
670 2714 721 2740 est
737 2710 792 2748 D;
822 2715 876 2741 est
902 2710 1029 2741 ccrt10r
1058 2710 1169 2742 sactus
1196 2721 1232 2749 e,
1261 2711 1389 2742 certior
1416 2711 1528 2743 sactus
1555 2712 1659 2754 A(B)

183 2768 209 2799 C
223 2766 332 2806 (Es).
473 2762 515 2794 22
535 2759 710 2793 ciuitates,
731 2761 860 2791 omisso
880 2770 956 2801 que,
976 2760 1018 2791 E.
1169 2771 1284 2792 omnes
1307 2760 1337 2792 sc
1356 2772 1401 2794 m.
1416 2773 1476 2804 pr.
1496 2764 1539 2793 B.

181 2818 349 2849 dederunt
369 2814 399 2844 b.
534 2811 578 2844 22
597 2809 757 2840 serendas
778 2810 809 2840 b·
949 2810 991 2845 26
1011 2810 1149 2843 Publius
1167 2811 1217 2851 B,
1239 2811 1274 2843 P.
1296 2822 1329 2844 ll.
1484 2813 1528 2846 28
1547 2812 1658 2845 Gallia

183 2869 213 2899 A
232 2870 265 2898 et
283 2876 328 2897 m.
345 2873 404 2905 pr.
425 2863 464 2892 Β.
603 2859 793 2890 estimanda
812 2859 855 2891 A.
