1835 3240
101 152 184 196 328
622 149 696 193 DE
727 148 917 193 BELLO
951 145 1202 191 GALLICO

445 511 500 558 C.
577 509 830 556 IVLII
902 508 1385 558 CAESARIS

276 654 429 724 DE
503 652 913 724 BELLO
986 652 1547 724 GALLICO

513 821 975 867 COMMENTARIVS
1017 821 1306 879 QVARTVS.

278 1105 355 1156 Ea,
381 1120 479 1159 quae
501 1114 637 1148 secuta
658 1114 719 1147 est
734 1138 744 1157 ,
778 1107 904 1148 hieme
920 1138 930 1157 9
969 1107 1032 1160 qui
1065 1106 1136 1147 fuit
1157 1121 1282 1148 annus
1306 1105 1421 1148 Gneo
1442 1105 1648 1160 Pompeio,

163 1171 306 1214 Marco
321 1170 468 1214 Crasso
483 1175 706 1215 consulibus
720 1173 906 1228 Vsipetes
919 1173 1109 1215 Germani
1131 1182 1170 1215 et
1190 1175 1283 1215 item
1296 1174 1487 1216 Tencteri
1508 1187 1652 1228 magna

164 1255 251 1281 cum
273 1242 520 1282 multitudine
544 1242 742 1282 hominum
765 1243 905 1282 flumen
929 1241 1111 1282 Rhenum
1134 1244 1403 1292 transierunt,
1435 1257 1513 1282 non
1535 1242 1652 1296 longe

118 1307 146 1348 2
168 1322 189 1348 a
211 1309 326 1358 mari,
353 1323 427 1361 quo
449 1308 613 1350 Rhenus
635 1310 774 1349 influit.
819 1307 953 1350 Causa
975 1310 1205 1349 transeundi
1228 1309 1322 1359 fuit,
1357 1310 1458 1363 quod
1481 1309 1527 1349 ab
1550 1307 1651 1349 Sue-

163 1375 224 1415 uis
257 1377 466 1429 conplures
502 1391 627 1417 annos
659 1377 851 1431 exagitati
882 1377 984 1417 bello
1016 1377 1295 1431 premebantur
1326 1383 1365 1417 et
1406 1376 1647 1430 agricultura

164 1443 487 1497 prohibebantur.

115 1509 140 1551 3
276 1510 495 1552 Sueuorum
528 1526 626 1566 gens
659 1519 718 1552 est
748 1512 865 1566 longe
895 1512 1069 1553 maxima
1100 1519 1139 1552 et
1159 1511 1461 1553 bellicosissima
1483 1509 1651 1552 Germa-

114 1577 141 1618 4
163 1592 303 1619 norum
336 1580 522 1619 omnium.
585 1579 639 1620 Hi
671 1587 825 1620 centum
858 1594 977 1634 pagos
1010 1579 1155 1619 habere
1188 1579 1394 1630 dicuntur,
1430 1593 1482 1620 ex
1513 1579 1651 1633 quibus

163 1648 371 1699 quotannis
404 1648 559 1702 singula
581 1648 687 1688 milia
718 1655 961 1688 armatorum
984 1647 1153 1688 bellandi
1175 1662 1295 1688 eausa
1319 1662 1373 1689 ex
1394 1647 1535 1688 finibus
1558 1647 1652 1687 edu-

81 1763 85 1766 ·
116 1712 140 1754 5
163 1721 269 1754 cunt.
313 1715 489 1768 Reliqui,
516 1717 579 1769 qui
603 1716 705 1756 domi
727 1723 974 1766 manserunt,
1000 1729 1043 1756 se
1065 1723 1181 1768 atque
1204 1715 1291 1757 illos
1314 1717 1438 1756 alunt.
1490 1714 1542 1755 Hi
1563 1729 1651 1755 rur-

115 1779 141 1820 6
163 1795 230 1821 sus
252 1781 290 1821 in
315 1783 441 1823 uicem
465 1797 568 1823 anno
591 1791 675 1838 post
698 1785 737 1823 in
760 1784 879 1824 armis
902 1791 1013 1833 sunt,
1038 1784 1095 1824 illi
1119 1784 1222 1823 domi
1243 1790 1464 1825 remanent.
1492 1780 1558 1823 Sic
1581 1796 1649 1823 ne-

113 1848 140 1889 7
162 1863 236 1902 que
259 1850 501 1903 agricultura
534 1866 607 1891 nec
631 1852 729 1891 ratio
753 1859 868 1904 atque
890 1866 984 1892 usus
1007 1851 1096 1892 belli
1118 1851 1404 1892 intermittitur.
1460 1848 1539 1891 Sed
1570 1850 1650 1904 pri-

160 1918 242 1957 uati
265 1931 309 1957 ac
330 1920 501 1972 separati
524 1918 609 1972 agri
631 1920 730 1972 apud
753 1933 820 1959 eos
844 1920 939 1959 nihil
963 1927 1045 1970 est,
1069 1933 1196 1972 neque
1218 1919 1372 1973 longius
1395 1933 1497 1959 anno
1519 1932 1649 1959 rema·

112 1982 138 2025 8
160 1999 256 2025 nere
279 1999 357 2025 uno
378 1985 418 2025 in
440 1987 528 2026 loco
549 1986 747 2026 incolendi
770 2001 888 2026 causa
909 1988 1017 2027 lieet.
1081 1987 1222 2040 Neque
1246 1988 1410 2027 multum
1431 1988 1644 2036 frumento,

159 2053 228 2094 sed
250 2054 461 2095 maximam
476 2062 627 2108 partem
648 2054 749 2096 lacte
771 2062 885 2107 atque
908 2067 1048 2108 pecore
1070 2055 1211 2095 uiuunt
1233 2055 1471 2108 multumque
1493 2060 1588 2094 sunt
1606 2053 1648 2094 in

301 2174 424 2218 incipit.
442 2176 532 2208 liber
549 2186 598 2208 nn
616 2175 693 2217 lege
713 2175 862 2208 feliciter
879 2175 921 2207 B.
1049 2175 1064 2207 1
1087 2175 1141 2217 qui
1163 2174 1240 2217 fuit]
1260 2174 1391 2216 quieuit
1412 2173 1452 2206 C.
1551 2171 1645 2204 Gneo

155 2225 231 2257 AB
246 2226 315 2258 CI)
330 2228 374 2267 Ji,
397 2227 559 2270 Caelos:
580 2228 641 2260 Cn.
663 2238 696 2259 tc.
837 2229 858 2261 2
877 2226 992 2259 Marco
1013 2227 1138 2260 Crasso
1156 2228 1226 2260 AB
1239 2227 1367 2267 CDE,
1388 2225 1434 2258 M.
1454 2225 1578 2258 Crasso
1597 2235 1645 2266 u,-

158 2280 193 2307 et
210 2275 255 2309 M.
278 2276 403 2309 Crasso
426 2279 463 2318 b,
487 2285 519 2310 et
539 2278 713 2320 Crassos.
856 2279 995 2310 consule
1016 2280 1047 2311 b.
1176 2278 1364 2310 Tenctheri
1383 2278 1434 2318 A,
1455 2277 1643 2309 Tanctheri

154 2327 210 2367 D,
233 2327 422 2361 Tanetheri
440 2331 488 2370 E,
511 2329 697 2362 Toncthcri
719 2330 764 2370 C,
796 2328 986 2362 Tunctheri
1004 2331 1054 2372 B,
1086 2330 1286 2373 eptencheri
1305 2332 1446 2362 omissis
1463 2333 1495 2361 et
1514 2329 1593 2360 item
1612 2331 1648 2360 et

157 2390 248 2411 corr.
270 2383 308 2411 in
328 2387 383 2423 ept
402 2386 438 2412 et
454 2382 539 2423 rif5
559 2382 767 2414 Tenchtheri
787 2382 900 2414 Aldus
920 2386 955 2414 et
971 2392 1006 2414 u.
1148 2382 1168 2413 4
1187 2381 1265 2423 qno]
1286 2381 1387 2423 cuis.
1521 2390 1540 2411 a
1559 2379 1643 2411 Sue-

154 2430 209 2461 uis
228 2432 285 2472 es
299 2434 394 2464 4ηιεε.
416 2430 511 2473 qd(l.’
675 2433 692 2463 5
713 2433 894 2473 conplures
913 2433 955 2464 B.
1119 2433 1293 2472 exagitata
1310 2442 1357 2463 m.
1372 2441 1430 2473 pr.
1452 2431 1496 2463 B.

155 2485 422 2525 praemebamur
440 2485 482 2516 B.
614 2490 660 2517 -et
678 2485 718 2516 ab
739 2486 950 2525 agricultura
971 2485 1002 2515 b.
1144 2484 1164 2516 8
1183 2484 1229 2515 hii
1251 2484 1290 2516 Ε.
1410 2484 1428 2515 9
1449 2482 1638 2525 quodannis

155 2545 202 2566 m.
219 2545 277 2576 pr.
298 2536 348 2575 B,
370 2536 514 2577 singulis
534 2536 676 2577 annisf.
924 2533 1074 2566 bellandi
1093 2545 1135 2565 ex
1154 2544 1258 2565 causa
1275 2534 1305 2565 B
1323 2536 1359 2564 et
1375 2544 1442 2564 see.
1467 2544 1511 2564 m.
1537 2534 1564 2565 C
1581 2536 1637 2573 et,

156 2588 290 2627 quipp.
311 2597 358 2617 m.
380 2596 482 2618 causa
501 2597 569 2619 om.
584 2613 592 2627 ,
614 2588 658 2619 A.
847 2597 888 2618 ex
907 2587 1030 2618 finibus
1048 2587 1080 2618 .-l
1092 2585 1152 2627 (B)
1169 2586 1216 2625 Ο,-
1247 2596 1288 2617 ex
1308 2585 1428 2617 finibus
1449 2585 1520 2617 suis
1538 2586 1570 2617 D
1583 2586 1636 2627 E,

156 2637 227 2668 suis
248 2647 290 2669 ex
309 2637 430 2669 finibus
451 2649 466 2668 e
486 2638 532 2677 (is
553 2649 569 2669 e
590 2641 629 2669 ut
650 2639 744 2669 '‘nzss.
765 2637 935 2678 qcld.’)f.
1110 2637 1300 2679 producunt
1317 2647 1363 2667 m.
1378 2647 1438 2678 pr.
1463 2638 1493 2668 h.

156 2687 198 2721 10
216 2694 417 2719 manserunt
445 2689 666 2728 ABCDE5
697 2692 936 2719 remanserunt
962 2698 999 2727 c,
1029 2688 1258 2719 remanserint
1284 2689 1362 2730 as‚·
1391 2688 1579 2720 manserint
1602 2698 1639 2720 u.

298 2740 384 2772 ollos
403 2744 485 2772 ante
504 2751 596 2774 corr.
617 2742 660 2772 B.
795 2740 833 2772 11
855 2740 888 2770 in
907 2740 1017 2772 uicem
1036 2750 1104 2773 om.
1129 2740 1156 2771 C
1169 2741 1211 2772 E.
1351 2740 1392 2775 12
1411 2751 1472 2773 nec
1489 2740 1598 2782 A(B)
1612 2741 1641 2773 C

153 2790 229 2821 DE
245 2801 282 2831 e,
306 2792 461 2833 nequef.
604 2790 721 2834 atque]
743 2801 849 2834 neque
871 2791 911 2824 C.
1072 2791 1113 2824 14
1131 2791 1267 2824 colendi
1285 2792 1348 2834 es.
1513 2792 1552 2825 15
1571 2801 1639 2824 ma·

154 2842 242 2873 xima
263 2847 357 2883 parte
376 2842 408 2873 1)
423 2842 452 2872 b.

1683 1721 1724 1754 10

1679 2059 1720 2093 15
