1835 3240
95 898 134 931 10

94 1238 132 1270 15

89 2255 131 2288 30

610 165 793 209 COMM.
819 165 837 207 Ι
860 164 985 207 CAP.
1010 166 1210 207 43-46.
1647 167 1729 208 517

172 297 258 324 nem
274 280 601 322 nonamsubsidio
624 281 756 332 ducit;
782 281 934 321 hostem
957 279 1177 320 insolenter
1198 286 1314 332 atque
1328 280 1473 320 acriter
1494 289 1652 322 nostros

171 352 438 402 insequentem
461 349 666 402 subprimit
696 363 913 401 rursusque
945 355 1058 401 terga
1080 354 1238 387 uertere
1261 361 1379 399 seque
1401 348 1448 386 ad
1471 349 1648 401 oppidum

169 416 335 458 Ilerdam
358 416 534 470 recipere
557 423 596 456 et
617 416 688 456 sub
711 430 821 456 muro
844 416 1062 455 consistere
1085 415 1203 468 cogit.
1257 412 1335 454 Sed
1369 428 1497 454 nonae
1530 414 1650 467 legio·
1672 417 1699 455 2

169 485 228 524 nis
251 485 395 525 milites
419 484 508 524 elati
531 484 676 533 studio,
701 483 790 522 dum
813 483 962 523 sarcire
984 490 1183 536 acceptum
1208 482 1481 522 detrimentum
1499 482 1649 531 nolunt,

173 560 320 592 temere
341 552 510 593 insecuti
542 551 697 604 longius
734 550 920 604 fugientis
942 550 981 590 in
1004 551 1130 590 locum
1154 550 1326 602 iniquum
1350 549 1655 604 progrediuntur

168 627 208 661 et
229 621 299 660 sub
323 627 491 660 montem
508 650 518 669 ,
553 619 593 658 in
624 633 698 670 quo
731 625 819 658 erat
854 618 1034 671 oppidum
1058 619 1225 672 positum
1248 616 1393 667 Ilerda,
1417 617 1649 657 succedunt.

169 687 272 727 llinc
294 702 337 728 se
358 688 536 741 recipere
549 700 634 726 cnm
655 686 817 734 uellent,
843 699 983 725 rursus
1005 685 1060 725 illi
1085 699 1136 725 ex
1157 686 1243 725 loco
1266 685 1471 739 superiore
1495 691 1652 725 nostros
1675 683 1699 722 :3

167 756 410 809 premebant.
454 753 701 806 Praeruptus
723 754 834 793 locus
858 760 966 802 erat,
1001 759 1168 805 utraque
1200 767 1251 793 ex
1281 760 1390 806 parte
1413 753 1585 793 directus
1607 766 1652 792 ac
1675 751 1698 791 4

168 830 316 863 tantum
338 824 377 863 in
399 822 643 863 latitudinem
667 821 837 874 patebat,
863 827 906 860 nt
927 827 1008 861 tres
1031 821 1252 860 instructae
1276 821 1459 861 cohortes
1486 834 1571 861 eum
1595 820 1652 859 lo-

166 905 252 930 cum
277 891 500 944 explerent,
524 896 567 930 ut
590 903 715 942 neque
737 888 914 929 subsidia
936 888 983 928 ab
1005 887 1192 928 lateribus
1215 888 1389 928 submitti
1406 902 1530 942 neque
1545 888 1652 940 equi-

165 967 222 999 tes
245 959 512 999 laborantibus
537 957 626 998 usui
649 970 737 997 esse
760 963 937 1011 possent.
982 955 1045 995 Ab
1077 955 1217 1009 oppido
1248 962 1376 996 autem
1411 956 1572 996 decliuis
1595 956 1652 996 lo·
1674 953 1698 994 5

163 1041 231 1067 cus
255 1027 362 1066 tenui
386 1026 542 1080 fastigio
565 1024 756 1078 uergebat
777 1024 817 1064 in
840 1023 1123 1078 longitudinem
1147 1037 1331 1077 passuum
1354 1024 1647 1063 circiterCCCC.

162 1093 249 1134 Hac
271 1094 415 1135 nostris
438 1101 525 1134 erat
545 1100 743 1147 receptus,
769 1092 871 1146 quod
894 1105 939 1132 eo
961 1092 1116 1132 incitati
1137 1092 1267 1131 studio
1289 1091 1550 1131 inconsultius
1564 1105 1651 1145 pro-
1673 1089 1700 1130 (i

163 1170 395 1213 cesserant,
430 1163 502 1202 hoc
532 1161 780 1216 pugnabatur
808 1161 921 1210 loco,
955 1167 994 1200 et
1023 1166 1183 1213 propter
1214 1160 1417 1213 angustias
1449 1159 1584 1212 iniquo
1614 1166 1653 1199 et

164 1231 264 1283 quod
287 1231 359 1271 sub
382 1230 477 1284 ipsis
499 1229 696 1270 radicibus
719 1229 863 1268 montis
886 1228 1164 1277 constiterant,
1191 1235 1229 1267 ut
1252 1228 1399 1268 nullum
1424 1228 1574 1267 frustra
1597 1234 1651 1267 te-

166 1298 242 1338 lum
265 1299 304 1338 in
327 1312 395 1338 eos
409 1298 647 1338 mitteretur.
671 1296 823 1337 Tamen
847 1297 992 1336 uirtute
1015 1303 1054 1336 et
1075 1296 1260 1350 patientia
1286 1295 1514 1335 nitebantur
1535 1302 1651 1349 atque

168 1368 295 1406 omnia
321 1366 484 1406 uulnera
506 1364 770 1405 sustinebant.
797 1364 1030 1417 Augebatur
1049 1364 1126 1404 illis
1150 1364 1279 1417 copia,
1304 1371 1422 1416 atque
1444 1377 1496 1403 ex
1509 1363 1650 1403 castris
1672 1362 1699 1403 7

168 1435 349 1474 cohortes
382 1448 451 1488 per
482 1434 663 1488 oppidum
697 1433 836 1473 crebro
869 1432 1228 1482 submittebantur,
1253 1439 1295 1471 ut
1316 1431 1463 1484 integri
1486 1431 1651 1471 defessis

166 1502 440 1542 succederent.
486 1501 568 1541 Hoc
590 1501 692 1542 idem
716 1499 868 1542 Caesar
890 1502 1022 1542 faeere
1045 1500 1275 1554 cogebatur,
1306 1506 1347 1539 ut
1368 1498 1589 1539 summissis
1611 1498 1652 1538 in
1674 1498 1700 1539 8

163 1570 327 1610 eundem
350 1570 477 1610 locum
501 1569 727 1610 cohortibus
751 1570 927 1610 defessos
950 1569 1159 1623 reciperet.
1186 1567 1272 1608 Hoc
1295 1582 1379 1608 cum
1405 1574 1513 1607 esset
1535 1567 1648 1607 modo
1670 1566 1727 1611 46

164 1644 378 1691 pugnatum
402 1637 653 1678 continenter
674 1639 780 1678 horis
804 1638 989 1691 quinque,
1027 1637 1230 1689 nostrique
1253 1636 1413 1689 grauius
1436 1650 1458 1675 a
1480 1636 1654 1675 multitu-

163 1704 252 1744 dine
275 1712 574 1758 premerentur,
610 1705 850 1759 consumptis
884 1705 1063 1745 omnibus
1084 1705 1174 1745 telis
1196 1704 1337 1758 gladiis
1361 1703 1559 1744 destrictis
1582 1703 1653 1742 im-

164 1779 294 1825 petum
318 1773 508 1814 aduersus
530 1781 702 1814 montem
737 1774 776 1813 in
799 1773 975 1813 cohortis
1000 1773 1151 1813 faciunt
1172 1772 1383 1826 paucisque
1407 1771 1568 1811 deiectis
1590 1784 1653 1810 re-

165 1840 291 1896 liquos
314 1855 402 1882 sese
435 1849 669 1883 conuertere
701 1848 861 1896 cogunt.
907 1839 1108 1882 Submotis
1141 1841 1212 1881 sub
1247 1854 1399 1880 murum
1422 1838 1651 1879 cohortibus
1673 1838 1699 1877 2

119 1916 131 1933 ⁷
166 1922 210 1948 ac
241 1910 428 1950 nonnulla
460 1917 572 1964 parte
603 1917 762 1964 propter
793 1917 987 1950 terrorem
1022 1909 1062 1950 in
1086 1909 1268 1964 oppidum
1291 1907 1502 1961 compulsis
1526 1907 1651 1948 facilis

165 1983 225 2016 est
247 1977 393 2017 nostris
416 1985 598 2032 receptus
620 1979 747 2018 datus.
791 1977 1003 2032 Equitatus
1026 1985 1156 2020 autem
1180 1983 1317 2018 noster
1338 1976 1385 2017 ab
1409 1983 1574 2028 utroque
1597 1976 1652 2016 la-
1674 1973 1699 2014 3

166 2050 272 2095 tere,
306 2045 381 2085 etsi
414 2045 578 2087 deiectis
611 2053 725 2100 atque
756 2046 1009 2087 inferioribus
1033 2047 1130 2087 locis
1154 2046 1411 2094 constiterat,
1447 2051 1579 2084 tamen
1611 2043 1653 2083 in

162 2126 353 2153 summum
376 2113 507 2167 iugum
532 2115 681 2155 uirtute
703 2115 893 2155 conititur
904 2122 1021 2169 atque
1036 2115 1140 2155 inter
1153 2115 1248 2155 duas
1270 2113 1377 2154 acies
1400 2112 1651 2167 perequitans

164 2182 466 2223 commodiorem
490 2196 535 2223 ac
559 2183 744 2224 tutiorem
769 2183 915 2224 nostris
937 2190 1138 2237 receptum
1161 2183 1239 2223 dat.
1302 2180 1363 2221 Ita
1390 2180 1500 2221 uario
1524 2186 1651 2221 certa-
1673 2179 1699 2219 4

163 2248 266 2289 mine
289 2258 500 2304 pugnatum
525 2257 600 2292 est.
644 2251 786 2292 Nostri
809 2252 846 2292 in
871 2251 995 2306 primo
1018 2264 1237 2305 congressu
1260 2250 1418 2290 circiter
1432 2255 1528 2289 LXX
1549 2247 1651 2288 ceci-

164 2316 328 2369 derunt,
363 2318 402 2358 in
437 2319 494 2359 his
519 2318 569 2372 Q.
595 2318 804 2374 Fulginius
837 2333 889 2360 ex
922 2321 1046 2374 primo
1069 2320 1224 2360 hastato
1247 2317 1415 2372 legionis
1437 2324 1560 2368 XIIII,
1586 2315 1649 2370 qui

308 2410 321 2442 1
346 2420 465 2442 nouam
483 2421 505 2442 a
527 2411 621 2443 ‘ms-s.
643 2411 688 2444 3’.
874 2412 936 2444 sub
956 2412 1010 2443 dio
1030 2411 1123 2443 ducit
1143 2412 1173 2443 b.
1376 2410 1398 2444 2
1415 2409 1597 2451 subprimit
1615 2419 1648 2440 a.

307 2461 326 2493 3
347 2472 453 2494 nouae
475 2463 571 2494 ‘mss-
592 2462 634 2496 3'.
834 2464 852 2494 5
873 2464 1006 2504 longius
1024 2473 1044 2494 a
1062 2463 1092 2503 b,
1113 2473 1182 2495 om.
1204 2472 1239 2493 n.
1431 2460 1594 2501 fugientis
1613 2470 1648 2490 α.

307 2512 325 2544 6
345 2518 456 2545 monte
476 2524 505 2545 c.
644 2514 788 2556 positum
809 2516 871 2545 int.
894 2525 988 2546 vers.
1005 2515 1033 2546 b.
1178 2514 1218 2546 '10
1232 2518 1268 2544 ut
1285 2523 1391 2554 neque
1410 2523 1430 2544 α
1443 2513 1473 2553 b,
1494 2516 1528 2543 et
1542 2522 1650 2552 neque

167 2572 200 2592 11.
342 2564 382 2595 ab
402 2564 567 2596 lateribus
587 2575 619 2604 a,
642 2575 659 2595 a
681 2564 847 2596 lateribus
867 2565 946 2597 edd.
1096 2565 1130 2597 ll
1154 2564 1297 2596 decliuis
1318 2564 1402 2595 aed
1419 2567 1455 2595 cc
1471 2574 1517 2594 771.
1534 2573 1593 2604 pr.
1616 2563 1645 2601 b,

167 2614 277 2646 editus
295 2626 363 2647 sec.
383 2626 429 2647 m.
451 2617 481 2647 b.
671 2617 708 2649 15
729 2617 760 2648 in
781 2628 839 2648 cos
860 2618 963 2649 telum
984 2617 1015 2648 h.
1195 2616 1233 2649 17
1255 2616 1443 2656 augebatur
1462 2615 1531 2646 illis
1551 2614 1647 2655 copia

165 2675 185 2695 α
202 2665 259 2704 bc,
281 2666 491 2705 augebantur
507 2667 576 2699 illis
597 2669 715 2710 copiae
735 2679 770 2699 u.
916 2669 953 2700 19
967 2667 1159 2699 summissis
1172 2678 1216 2698 m.
1234 2677 1307 2709 pr„
1328 2665 1506 2698 submissis
1525 2675 1593 2695 see.
1610 2674 1644 2696 (ι.

308 2716 351 2749 22
369 2716 542 2749 destrictis
560 2718 578 2750 3
597 2719 699 2758 dell„
721 2718 888 2750 districtis
907 2718 958 2760 (a)
977 2718 1055 2750 edd.
1075 2721 1159 2750 ante
1176 2728 1210 2749 η.
1351 2718 1393 2750 23
1412 2716 1562 2748 cohortis·
1581 2726 1601 2745 α
1615 2715 1645 2746 b.

312 2766 453 2798 delectis
472 2778 506 2799 α.
647 2770 688 2802 27
710 2770 847 2801 dilectis
867 2780 900 2800 α.
1065 2770 1097 2800 in
1117 2780 1280 2801 summum
1300 2769 1378 2801 edd.
1400 2772 1482 2800 ante
1503 2779 1534 2807 n,
1556 2778 1643 2799 sum-

166 2827 249 2850 niam
269 2828 310 2857 (ις
330 2828 493 2850 summum
513 2820 544 2854 in
566 2821 629 2852 1111.
769 2823 813 2854 28
832 2821 996 2856 conititur
1013 2832 1046 2853 α.
1189 2822 1231 2854 30
1252 2823 1359 2853 nostri
1380 2822 1484 2864 primo
1506 2821 1536 2851 b.

167 2871 203 2903 31
228 2870 403 2911 Fulginius
422 2872 548 2914 primus
568 2873 721 2905 hastatus
742 2873 987 2906 Vascosanus:
1007 2877 1047 2905 at
1066 2873 1140 2905 aid.
1163 2874 1205 2913 II,
1228 2874 1282 2911 35,
1307 2874 1334 2906 1.
