1835 3240
93 877 134 910 10

95 1217 134 1250 15

91 1898 133 1933 25

705 141 895 186 CAPVT
920 140 1117 183 16—18.
1652 141 1734 184 633

171 258 487 313 remigibusque,
519 264 559 298 et
591 257 861 311 deprimuntur
891 263 972 297 tres
1004 254 1152 295 nostris
1173 251 1432 294 incolumibus
1455 256 1650 297 omnibus.

170 328 362 380 Reliquae
384 326 638 380 propinquam
662 326 792 378 fugam
814 325 860 365 ad
883 324 1062 378 oppidum
1086 321 1266 376 capiunt3
1287 335 1381 374 quas
1394 330 1654 375 protexerunt
1674 322 1701 364 8

173 409 223 436 ex
255 393 421 434 molibus
451 401 568 449 atque
599 393 787 434 aediliciis
819 392 1101 432 inminentibus
1124 398 1163 431 et
1183 396 1342 430 nostros
1365 389 1473 430 adire
1496 392 1652 444 propius

170 462 468 516 prohibuerunt.
516 460 600 501 Hoc
632 474 680 501 ne
713 460 788 500 sibi
820 460 976 513 saepius
999 459 1179 499 accidere
1201 463 1350 512 posset,
1375 457 1481 497 omni
1502 458 1655 498 ratione
1676 458 1729 502 17

174 528 327 571 Caesar
349 530 661 570 contendendum
684 527 952 577 existimauit,
987 535 1030 567 ut
1050 527 1218 567 insulam
1240 524 1458 577 molemque
1480 525 1528 565 ad
1547 524 1656 564 insu-

169 598 245 638 lam
289 598 550 653 pertinentem
582 597 621 637 in
653 610 763 636 suam
794 596 993 649 redigeret
1023 601 1275 648 potestatem.
1325 590 1521 633 Perfectis
1553 591 1654 632 enim
1676 592 1704 633 2

168 679 309 719 magna
335 679 388 705 ex
410 672 519 720 parte
541 663 823 704 munitionibus
846 663 885 703 in
909 662 1048 717 oppido
1071 663 1189 702 etiam
1211 663 1275 702 illa
1299 661 1435 702 urbem
1457 675 1535 701 uno
1559 667 1657 700 tem-

168 748 263 788 pore
304 734 484 787 temptari
525 746 640 786 posse
685 731 922 772 confidebat.
984 728 1074 783 Quo
1116 737 1229 784 capto
1273 730 1438 770 consilio
1470 728 1654 769 cohortes
1677 727 1702 768 3

167 809 201 842 X
232 809 271 842 et
302 802 401 842 leuis
432 808 655 842 armaturae
690 800 836 841 electos
868 813 1046 854 quosque
1075 798 1239 839 idoneos
1268 811 1321 838 ex
1343 797 1538 851 equitibus
1561 794 1657 836 Gal-

166 870 213 910 lis
245 870 512 911 arbitrabatur
545 869 586 909 in
619 868 778 922 nauigia
807 868 959 907 minora
995 865 1240 921 scaphasque
1271 865 1452 920 inponit3
1488 865 1653 906 alteram

167 939 319 978 insulae
343 946 491 992 partem
516 937 761 979 distinendae
784 950 921 977 manus
946 948 1066 976 eausa
1089 933 1303 974 constratis
1325 934 1493 974 nauibus
1516 933 1657 986 adgre-

168 1006 271 1046 ditur
291 1008 474 1060 praemiis
497 1005 648 1059 magnis
671 1004 880 1058 propositis
896 1035 906 1054 ‚
930 1004 994 1056 qui
1018 1003 1165 1057 primus
1187 1001 1352 1042 insulam
1376 1001 1561 1055 cepisset.
1596 1000 1657 1040 Ac
1678 998 1706 1040 4

167 1074 330 1128 primum
359 1075 545 1128 impetum
568 1079 791 1113 nostrorum
814 1072 961 1126 pariter
981 1071 1272 1112 sustinuerunt.
1318 1068 1409 1110 Vno
1432 1070 1535 1109 enim
1559 1076 1655 1108 tem-

166 1156 260 1196 pore
282 1151 322 1183 et
342 1157 395 1183 ex
416 1142 532 1183 tectis
556 1141 821 1182 aedificiorum
846 1139 1144 1194 propugnabant
1163 1145 1202 1178 et
1223 1138 1340 1178 litora
1361 1137 1503 1177 armati
1525 1137 1659 1177 defen-

166 1210 333 1258 debant,
370 1224 444 1264 quo
466 1217 627 1264 propter
647 1208 902 1264 asperitatem
923 1207 998 1248 loci
1022 1222 1102 1248 non
1123 1206 1248 1247 facilis
1271 1205 1419 1246 nostris
1442 1205 1570 1246 aditus
1593 1205 1659 1245 da-

167 1278 305 1327 batur,
341 1285 380 1318 et
407 1277 564 1332 scaphis
595 1277 840 1330 nauibusque
862 1276 993 1330 longis
1016 1276 1186 1329 quinque
1206 1273 1404 1314 mobiliter
1425 1280 1461 1313 et
1484 1272 1661 1313 scienter

167 1347 371 1400 angustias
404 1346 481 1386 loci
503 1346 731 1386 tuebantur.
778 1343 859 1385 Sed
881 1344 945 1384 ubi
967 1344 1135 1398 primum
1158 1341 1254 1382 locis
1278 1340 1447 1395 cognitis
1470 1341 1658 1394 uadisque
1680 1338 1705 1380 5

167 1414 437 1468 pertemptatis
467 1414 577 1469 pauci
608 1414 734 1454 nostri
757 1414 796 1453 in
819 1413 936 1454 litore
959 1412 1227 1453 constiterunt
1248 1417 1364 1463 atque
1387 1409 1458 1450 hos
1479 1416 1571 1449 sunt
1593 1408 1660 1449 alii

169 1482 368 1524 subsecuti
391 1490 700 1537 constanterque
721 1482 761 1523 in
783 1495 867 1532 eos,
890 1481 953 1535 qui
974 1481 1015 1520 in
1037 1480 1152 1520 litore
1174 1492 1299 1532 aequo
1321 1477 1565 1527 institerant,
1586 1476 1658 1516 im-

168 1558 298 1605 petum
321 1552 512 1601 fecerunt,
538 1565 674 1592 omnes
692 1549 877 1591 Pharitae
902 1557 1011 1603 terga
1034 1554 1254 1589 uerterunt.
1286 1545 1360 1587 His
1383 1545 1505 1600 pulsis
1528 1551 1658 1585 custo·
1679 1542 1706 1585 6

170 1620 255 1659 diae
287 1627 422 1673 portus
455 1619 586 1660 relicti
618 1633 740 1659 naues
772 1619 820 1659 ad
850 1618 968 1658 litora
991 1625 1030 1658 et
1051 1618 1179 1657 uicum
1201 1614 1445 1669 adplicarunt
1466 1627 1584 1667 seque
1608 1627 1661 1654 ex

169 1687 334 1728 nauibus
357 1688 404 1727 ad
427 1688 571 1728 tuenda
592 1687 770 1728 aedificia
791 1687 1010 1728 eiecerunt.
1057 1683 1199 1738 Neque
1221 1697 1316 1724 uero
1339 1682 1483 1723 diutius
1507 1695 1553 1722 ea
1575 1696 1658 1721 mu·
1680 1680 1735 1726 18

167 1754 315 1796 nitione
337 1769 380 1796 se
399 1756 601 1796 continere
620 1762 846 1810 potuerunt,
863 1754 937 1795 etsi
955 1760 1040 1795 erat
1054 1768 1131 1794 non
1147 1752 1336 1793 dissimile
1351 1758 1466 1804 atque
1480 1749 1659 1790 Alexan-

167 1823 276 1864 driae
307 1838 432 1877 genus
455 1824 723 1865 aedificiorum
741 1855 751 1873 ,
787 1830 830 1863 ut
851 1822 1003 1862 minora
1026 1821 1240 1861 maioribus
1263 1820 1542 1869 conferantur,
1577 1826 1659 1859 tur-

166 1905 309 1945 resque
339 1892 467 1932 editae
499 1900 539 1933 et
561 1892 794 1933 coniunctae
817 1891 920 1931 muri
941 1891 1069 1931 locum
1092 1888 1345 1943 optinebant‚
1380 1901 1507 1940 neque
1531 1887 1659 1927 nostri

167 1966 233 1999 aut
263 1959 380 1999 scalis
413 1967 480 2000 aut
510 1960 684 2000 cratibus
716 1966 783 2000 aut
810 1959 972 2011 reliquis
1003 1958 1124 1998 rebus
1156 1956 1283 2011 parati
1306 1962 1501 1997 uenerant
1521 1955 1569 1996 ad
1591 1969 1660 2009 op-

169 2028 434 2081 pugnandum.
479 2026 558 2069 Sed
582 2036 713 2068 terror
734 2027 956 2067 hominibus
980 2032 1151 2066 mentem
1174 2024 1459 2077 consiliumque
1483 2023 1598 2077 eripit
1620 2029 1659 2062 et
1677 2021 1706 2063 2

169 2094 338 2136 membra
371 2096 572 2147 debilitat,
606 2104 649 2137 ut
680 2102 773 2137 tunc
795 2095 949 2136 accidit.
994 2093 1072 2147 Qui
1095 2108 1138 2135 se
1159 2094 1201 2135 in
1222 2108 1345 2147 aequo
1367 2094 1455 2133 loco
1476 2105 1521 2132 ac
1543 2091 1657 2146 plano
1678 2088 1704 2129 3

312 2233 324 2266 1
347 2234 574 2267 iucolomibus
593 2246 669 2267 cum
690 2247 710 2267 u
728 2246 836 2277 super
852 2236 885 2268 lo
903 2245 938 2267 α.
1173 2231 1192 2264 3
1212 2230 1456 2263 inminentibus
1475 2239 1509 2261 α.

167 2284 185 2316 7
205 2284 305 2316 etiam
324 2286 384 2318 illa
410 2287 529 2318 urbem
556 2297 642 2329 ego,-
671 2292 706 2319 et
731 2287 824 2319 illam
844 2287 963 2319 urbem
981 2296 1021 2326 α,
1053 2291 1087 2318 et
1111 2285 1171 2316 illa
1197 2284 1231 2315 in
1258 2284 1374 2315 urbem
1404 2282 1497 2313 bcd.
1527 2281 1568 2313 P.
1592 2281 1655 2313 190

167 2339 264 2367 ωιτν.
428 2343 581 2381 tempore
600 2349 669 2370 om.
691 2349 725 2370 a.
898 2339 917 2371 9
937 2347 1087 2380 quosque
1107 2335 1266 2376 Lipsius,
1289 2344 1372 2376 quos
1392 2333 1493 2365 codd.
1513 2333 1553 2364 P.
1577 2332 1654 2365 191.

312 2390 352 2423 10
371 2391 504 2433 inponit
520 2402 554 2422 α.
694 2391 837 2422 alteram
856 2390 983 2430 Aldus,
1005 2390 1036 2421 in
1057 2390 1201 2420 alteram
1221 2398 1241 2419 a
1255 2388 1286 2419 b.
1429 2386 1465 2418 11
1482 2385 1658 2416 destinen-

168 2440 230 2471 dae
249 2451 269 2472 a
289 2446 324 2474 et
340 2445 393 2474 sic
410 2447 476 2475 aut
494 2443 701 2476 detinendae
724 2444 819 2475 ‘ms-s.
841 2442 938 2485 qdd)
1075 2440 1281 2473 constractis
1301 2449 1334 2470 a.
1500 2438 1658 2478 adgredi-

169 2498 225 2523 tur
241 2504 275 2524 α.
418 2497 459 2529 12
478 2496 707 2538 praemiisque
727 2507 747 2527 α
762 2497 793 2527 b.
936 2494 975 2528 13
995 2494 1136 2536 primum
1155 2503 1176 2523 a
1191 2492 1222 2532 b,
1244 2491 1350 2534 primo
1369 2500 1405 2521 υ.
1549 2490 1657 2522 l4ae-

171 2543 356 2576 difieiorum
376 2556 444 2577 om.
466 2548 497 2578 b.
647 2546 766 2578 littora
785 2557 819 2577 a.
987 2544 1026 2576 16
1048 2543 1209 2585 schaphis
1229 2553 1263 2574 α.
1429 2540 1469 2572 18
1488 2539 1657 2572 et19lit-

169 2599 243 2626 tore
263 2605 297 2626 α.
459 2598 496 2630 19
516 2598 746 2630 constiterant
765 2599 796 2629 b.
952 2596 994 2628 20
1015 2595 1193 2627 custodiae
1212 2598 1330 2637 portus
1349 2591 1463 2624 relicti
1481 2592 1653 2630 Iure'uz'us,

171 2648 328 2678 custodia
347 2653 463 2689 portus
483 2649 603 2681 relicta
623 2650 722 2682 codd.
746 2650 784 2681 Ρ.
808 2649 884 2682 192.
1024 2647 1061 2679 21
1078 2657 1183 2678 naues
1202 2650 1283 2687 aet,
1307 2646 1352 2676 ‘si
1369 2644 1655 2686 eoecerplz'sfides

171 2700 342 2740 habenda,
362 2701 650 2743 77155.]tler1’que';
670 2713 739 2733 0771.
763 2703 793 2733 b.
937 2700 1056 2731 littora
1073 2709 1107 2730 a.
1261 2697 1478 2740 adplicat-unt
1495 2706 1528 2735 a,
1550 2695 1656 2737 appli-

171 2756 339 2782 cauerunt
358 2762 390 2784 ιι.
577 2753 620 2786 22
638 2753 767 2785 diutius
787 2763 807 2784 α
822 2754 838 2784 b
852 2764 880 2793 e,
901 2752 1028 2783 diutius
1047 2751 1112 2793 ipsi
1131 2761 1165 2782 u.
1347 2759 1387 2779 ea
1405 2748 1591 2788 Danaeius,
1613 2757 1654 2778 ex

172 2803 273 2834 codd.
445 2803 488 2834 24
508 2803 707 2845 maioribus]
726 2804 914 2836 minoribus
932 2814 952 2835 α
966 2803 996 2834 I).
1173 2800 1463 2833 circumferantur
1481 2799 1510 2829 b.

170 2857 212 2886 ‘25
232 2853 450 2895 coniunctae]
472 2854 621 2886 munitae
641 2865 686 2886 m.
705 2865 762 2897 pr.
786 2857 817 2887 b.
961 2854 1159 2897 optincbant
1183 2863 1216 2884 α.
