<?xml version="1.0" encoding="UTF-8"?>
<!DOCTYPE html PUBLIC "-//W3C//DTD XHTML 1.0 Transitional//EN"
    "http://www.w3.org/TR/xhtml1/DTD/xhtml1-transitional.dtd">
<html xmlns="http://www.w3.org/1999/xhtml" xml:lang="en" lang="en">
 <head>
  <title>
</title>
<meta http-equiv="Content-Type" content="text/html;charset=utf-8" />
  <meta name='ocr-system' content='tesseract 3.04.00' />
  <meta name='ocr-capabilities' content='ocr_page ocr_carea ocr_par ocr_line ocrx_word'/>
</head>
<body>
  <div class='ocr_page' id='page_1' title='image "./commentarii00caesuoft_0718.png"; bbox 0 0 1835 3240; ppageno 0'>
   <div class='ocr_carea' id='block_1_1' title="bbox 122 189 1162 235">
    <p class='ocr_par' dir='ltr' id='par_1_1' title="bbox 122 189 1162 235">
     <span class='ocr_line' id='line_1_1' title="bbox 122 189 1162 235; baseline 0.002 -3"><span class='ocrx_word' id='word_1_1' title='bbox 122 189 205 232; x_wconf 84' lang='lat'><strong>708</strong></span> <span class='ocrx_word' id='word_1_2' title='bbox 714 192 882 234; x_wconf 90' lang='lat' dir='ltr'><strong>BELLI</strong></span> <span class='ocrx_word' id='word_1_3' title='bbox 913 192 1162 235; x_wconf 85' lang='lat' dir='ltr'><strong>AFRICAE</strong></span> 
     </span>
    </p>
   </div>
   <div class='ocr_carea' id='block_1_2' title="bbox 107 301 1742 1575">
    <p class='ocr_par' dir='ltr' id='par_1_2' title="bbox 197 301 1673 429">
     <span class='ocr_line' id='line_1_2' title="bbox 201 301 1673 360; baseline 0.004 -18"><span class='ocrx_word' id='word_1_4' title='bbox 201 310 327 343; x_wconf 91' lang='lat' dir='ltr'><strong>turum</strong></span> <span class='ocrx_word' id='word_1_5' title='bbox 352 301 565 345; x_wconf 75' lang='lat' dir='ltr'>Caesarem</span> <span class='ocrx_word' id='word_1_6' title='bbox 589 319 666 345; x_wconf 89' lang='lat' dir='ltr'><strong>non</strong></span> <span class='ocrx_word' id='word_1_7' title='bbox 689 304 893 345; x_wconf 74' lang='lat' dir='ltr'><strong>fefellerat.</strong></span> <span class='ocrx_word' id='word_1_8' title='bbox 928 304 1111 359; x_wconf 84' lang='lat' dir='ltr'><strong>Namque</strong></span> <span class='ocrx_word' id='word_1_9' title='bbox 1134 307 1256 360; x_wconf 81' lang='lat' dir='ltr'><strong>pridie</strong></span> <span class='ocrx_word' id='word_1_10' title='bbox 1278 308 1317 347; x_wconf 95' lang='lat' dir='ltr'><strong>in</strong></span> <span class='ocrx_word' id='word_1_11' title='bbox 1339 321 1385 349; x_wconf 92' lang='lat' dir='ltr'><strong>eo</strong></span> <span class='ocrx_word' id='word_1_12' title='bbox 1406 309 1492 349; x_wconf 89' lang='lat' dir='ltr'><strong>loco</strong></span> <span class='ocrx_word' id='word_1_13' title='bbox 1510 309 1673 350; x_wconf 83' lang='lat' dir='ltr'><strong>castello</strong></span> 
     </span>
     <span class='ocr_line' id='line_1_3' title="bbox 197 363 1673 429; baseline 0.005 -20"><span class='ocrx_word' id='word_1_14' title='bbox 197 371 346 412; x_wconf 89' lang='lat' dir='ltr'><strong>munito</strong></span> <span class='ocrx_word' id='word_1_15' title='bbox 367 371 498 425; x_wconf 83' lang='lat' dir='ltr'><strong>ibique</strong></span> <span class='ocrx_word' id='word_1_16' title='bbox 521 379 565 411; x_wconf 92' lang='lat' dir='ltr'><strong>III</strong></span> <span class='ocrx_word' id='word_1_17' title='bbox 588 373 792 425; x_wconf 72' lang='lat' dir='ltr'><strong>legionum</strong></span> <span class='ocrx_word' id='word_1_18' title='bbox 816 363 1012 425; x_wconf 85' lang='lat' dir='ltr'><strong>praesidio</strong></span> <span class='ocrx_word' id='word_1_19' title='bbox 1032 373 1170 414; x_wconf 87' lang='lat' dir='ltr'><strong>relicto</strong></span> <span class='ocrx_word' id='word_1_20' title='bbox 1191 375 1274 428; x_wconf 89' lang='lat' dir='ltr'><strong>ipse</strong></span> <span class='ocrx_word' id='word_1_21' title='bbox 1304 389 1388 415; x_wconf 93' lang='lat' dir='ltr'><strong>cum</strong></span> <span class='ocrx_word' id='word_1_22' title='bbox 1419 376 1577 429; x_wconf 88' lang='lat' dir='ltr'><strong>reliquis</strong></span> <span class='ocrx_word' id='word_1_23' title='bbox 1610 391 1673 417; x_wconf 86' lang='lat' dir='ltr'><strong>co-</strong></span> 
     </span>
    </p>

    <p class='ocr_par' dir='ltr' id='par_1_3' title="bbox 149 436 1717 695">
     <span class='ocr_line' id='line_1_4' title="bbox 149 436 1672 497; baseline 0.003 -18"><span class='ocrx_word' id='word_1_24' title='bbox 149 438 173 479; x_wconf 84' lang='lat'><strong>3</strong></span> <span class='ocrx_word' id='word_1_25' title='bbox 194 438 267 492; x_wconf 91' lang='lat' dir='ltr'><strong>piis</strong></span> <span class='ocrx_word' id='word_1_26' title='bbox 289 438 433 479; x_wconf 87' lang='lat' dir='ltr'><strong>lunatis</strong></span> <span class='ocrx_word' id='word_1_27' title='bbox 457 439 597 479; x_wconf 86' lang='lat' dir='ltr'><strong>castris</strong></span> <span class='ocrx_word' id='word_1_28' title='bbox 618 437 819 492; x_wconf 78' lang='lat' dir='ltr'>Thapsum</span> <span class='ocrx_word' id='word_1_29' title='bbox 842 439 1024 494; x_wconf 89' lang='lat' dir='ltr'><strong>operibus</strong></span> <span class='ocrx_word' id='word_1_30' title='bbox 1046 436 1375 483; x_wconf 88' lang='lat' dir='ltr'><strong>circummuniuit.</strong></span> <span class='ocrx_word' id='word_1_31' title='bbox 1421 440 1551 497; x_wconf 82' lang='lat' dir='ltr'><strong>Scipio</strong></span> <span class='ocrx_word' id='word_1_32' title='bbox 1573 445 1672 484; x_wconf 87' lang='lat' dir='ltr'><strong>intc-</strong></span> 
     </span>
     <span class='ocr_line' id='line_1_5' title="bbox 192 505 1671 563; baseline 0.004 -18"><span class='ocrx_word' id='word_1_33' title='bbox 192 505 266 546; x_wconf 83' lang='lat' dir='ltr'><strong>rim</strong></span> <span class='ocrx_word' id='word_1_34' title='bbox 288 507 472 546; x_wconf 82' lang='lat' dir='ltr'><strong>exclusus</strong></span> <span class='ocrx_word' id='word_1_35' title='bbox 495 506 541 546; x_wconf 87' lang='lat' dir='ltr'><strong>ab</strong></span> <span class='ocrx_word' id='word_1_36' title='bbox 563 506 719 559; x_wconf 85' lang='lat' dir='ltr'><strong>incepto</strong></span> <span class='ocrx_word' id='word_1_37' title='bbox 740 506 882 547; x_wconf 89' lang='lat' dir='ltr'><strong>itinere</strong></span> <span class='ocrx_word' id='word_1_38' title='bbox 905 521 1024 561; x_wconf 87' lang='lat' dir='ltr'><strong>supra</strong></span> <span class='ocrx_word' id='word_1_39' title='bbox 1038 516 1218 563; x_wconf 85' lang='lat' dir='ltr'><strong>stagnum</strong></span> <span class='ocrx_word' id='word_1_40' title='bbox 1234 516 1393 562; x_wconf 88' lang='lat' dir='ltr'><strong>postero</strong></span> <span class='ocrx_word' id='word_1_41' title='bbox 1415 510 1475 549; x_wconf 87' lang='lat' dir='ltr'><strong>die</strong></span> <span class='ocrx_word' id='word_1_42' title='bbox 1496 518 1535 550; x_wconf 92' lang='lat' dir='ltr'><strong>et</strong></span> <span class='ocrx_word' id='word_1_43' title='bbox 1558 519 1671 551; x_wconf 80' lang='lat' dir='ltr'><strong>nocte</strong></span> 
     </span>
     <span class='ocr_line' id='line_1_6' title="bbox 193 573 1717 632; baseline 0.003 -19"><span class='ocrx_word' id='word_1_44' title='bbox 193 575 371 615; x_wconf 86' lang='lat' dir='ltr'><strong>confecto</strong></span> <span class='ocrx_word' id='word_1_45' title='bbox 395 574 502 613; x_wconf 86' lang='lat' dir='ltr'><strong>caelo</strong></span> <span class='ocrx_word' id='word_1_46' title='bbox 525 573 681 614; x_wconf 82' lang='lat' dir='ltr'><strong>albente</strong></span> <span class='ocrx_word' id='word_1_47' title='bbox 703 588 780 613; x_wconf 91' lang='lat' dir='ltr'><strong>non</strong></span> <span class='ocrx_word' id='word_1_48' title='bbox 803 574 919 628; x_wconf 85' lang='lat' dir='ltr'><strong>longe</strong></span> <span class='ocrx_word' id='word_1_49' title='bbox 937 577 1114 616; x_wconf 86' lang='lat' dir='ltr'><strong>acastris</strong></span> <span class='ocrx_word' id='word_1_50' title='bbox 1128 576 1414 629; x_wconf 82' lang='lat' dir='ltr'><strong>praesidioque,</strong></span> <span class='ocrx_word' id='word_1_51' title='bbox 1440 578 1538 629; x_wconf 90' lang='lat' dir='ltr'><strong>quod</strong></span> <span class='ocrx_word' id='word_1_52' title='bbox 1551 592 1667 632; x_wconf 86' lang='lat' dir='ltr'><strong>supra</strong></span> <span class='ocrx_word' id='word_1_53' title='bbox 1700 588 1717 617; x_wconf 78' lang='lat'>5</span> 
     </span>
     <span class='ocr_line' id='line_1_7' title="bbox 192 641 1671 695; baseline 0.003 -15"><span class='ocrx_word' id='word_1_54' title='bbox 192 641 510 690; x_wconf 77' lang='lat' dir='ltr'><strong>connuemoraui,</strong></span> <span class='ocrx_word' id='word_1_55' title='bbox 534 641 639 681; x_wconf 90' lang='lat' dir='ltr'><strong>mille</strong></span> <span class='ocrx_word' id='word_1_56' title='bbox 662 641 843 695; x_wconf 89' lang='lat' dir='ltr'><strong>passibus</strong></span> <span class='ocrx_word' id='word_1_57' title='bbox 874 643 921 683; x_wconf 90' lang='lat' dir='ltr'><strong>ad</strong></span> <span class='ocrx_word' id='word_1_58' title='bbox 955 657 1063 684; x_wconf 86' lang='lat' dir='ltr'><strong>mare</strong></span> <span class='ocrx_word' id='word_1_59' title='bbox 1092 657 1233 683; x_wconf 90' lang='lat' dir='ltr'><strong>uersus</strong></span> <span class='ocrx_word' id='word_1_60' title='bbox 1266 644 1442 683; x_wconf 81' lang='lat' dir='ltr'><strong>consedit</strong></span> <span class='ocrx_word' id='word_1_61' title='bbox 1471 651 1510 684; x_wconf 87' lang='lat' dir='ltr'><strong>et</strong></span> <span class='ocrx_word' id='word_1_62' title='bbox 1541 653 1671 685; x_wconf 81' lang='lat' dir='ltr'><strong>castra</strong></span> 
     </span>
    </p>

    <p class='ocr_par' dir='ltr' id='par_1_4' title="bbox 142 705 1669 899">
     <span class='ocr_line' id='line_1_8' title="bbox 142 705 1668 763; baseline 0.003 -16"><span class='ocrx_word' id='word_1_63' title='bbox 142 708 168 747; x_wconf 88' lang='grc'>4</span> <span class='ocrx_word' id='word_1_64' title='bbox 191 708 342 748; x_wconf 85' lang='lat' dir='ltr'><strong>munire</strong></span> <span class='ocrx_word' id='word_1_65' title='bbox 366 708 509 761; x_wconf 86' lang='lat' dir='ltr'><strong>coepit.</strong></span> <span class='ocrx_word' id='word_1_66' title='bbox 553 705 665 761; x_wconf 79' lang='lat' dir='ltr'><strong>Quod</strong></span> <span class='ocrx_word' id='word_1_67' title='bbox 689 717 891 763; x_wconf 77' lang='lat' dir='ltr'>postquam</span> <span class='ocrx_word' id='word_1_68' title='bbox 917 708 1082 751; x_wconf 79' lang='lat' dir='ltr'><strong>Caesari</strong></span> <span class='ocrx_word' id='word_1_69' title='bbox 1104 710 1323 751; x_wconf 86' lang='lat' dir='ltr'><strong>nuntiatum</strong></span> <span class='ocrx_word' id='word_1_70' title='bbox 1354 717 1436 758; x_wconf 85' lang='lat' dir='ltr'><strong>est,</strong></span> <span class='ocrx_word' id='word_1_71' title='bbox 1471 711 1592 752; x_wconf 89' lang='lat' dir='ltr'><strong>milite</strong></span> <span class='ocrx_word' id='word_1_72' title='bbox 1621 712 1668 752; x_wconf 84' lang='lat' dir='ltr'><strong>ah</strong></span> 
     </span>
     <span class='ocr_line' id='line_1_9' title="bbox 191 775 1668 833; baseline 0.003 -19"><span class='ocrx_word' id='word_1_73' title='bbox 191 789 308 828; x_wconf 85' lang='lat' dir='ltr'><strong>opere</strong></span> <span class='ocrx_word' id='word_1_74' title='bbox 332 775 495 816; x_wconf 85' lang='lat' dir='ltr'><strong>deducto</strong></span> <span class='ocrx_word' id='word_1_75' title='bbox 519 777 662 816; x_wconf 89' lang='lat' dir='ltr'><strong>castris</strong></span> <span class='ocrx_word' id='word_1_76' title='bbox 685 777 879 830; x_wconf 85' lang='lat' dir='ltr'><strong>praesidio</strong></span> <span class='ocrx_word' id='word_1_77' title='bbox 894 777 1118 830; x_wconf 80' lang='lat' dir='ltr'><strong>Asprenate</strong></span> <span class='ocrx_word' id='word_1_78' title='bbox 1140 778 1372 831; x_wconf 85' lang='lat' dir='ltr'><strong>proconsule</strong></span> <span class='ocrx_word' id='word_1_79' title='bbox 1396 792 1480 818; x_wconf 90' lang='lat' dir='ltr'><strong>cum</strong></span> <span class='ocrx_word' id='word_1_80' title='bbox 1504 779 1668 833; x_wconf 87' lang='lat' dir='ltr'><strong>legioni-</strong></span> 
     </span>
     <span class='ocr_line' id='line_1_10' title="bbox 187 842 1669 899; baseline 0.003 -18"><span class='ocrx_word' id='word_1_81' title='bbox 187 842 258 882; x_wconf 84' lang='lat' dir='ltr'><strong>bus</strong></span> <span class='ocrx_word' id='word_1_82' title='bbox 282 843 432 883; x_wconf 87' lang='lat' dir='ltr'><strong>duabus</strong></span> <span class='ocrx_word' id='word_1_83' title='bbox 455 843 595 883; x_wconf 87' lang='lat' dir='ltr'><strong>relicto</strong></span> <span class='ocrx_word' id='word_1_84' title='bbox 616 844 700 898; x_wconf 86' lang='lat' dir='ltr'><strong>ipsc</strong></span> <span class='ocrx_word' id='word_1_85' title='bbox 723 859 807 884; x_wconf 88' lang='lat' dir='ltr'><strong>cum</strong></span> <span class='ocrx_word' id='word_1_86' title='bbox 831 845 1013 898; x_wconf 80' lang='lat' dir='ltr'><strong>expedita</strong></span> <span class='ocrx_word' id='word_1_87' title='bbox 1036 845 1147 899; x_wconf 87' lang='lat' dir='ltr'><strong>copia</strong></span> <span class='ocrx_word' id='word_1_88' title='bbox 1177 845 1217 885; x_wconf 92' lang='lat' dir='ltr'><strong>in</strong></span> <span class='ocrx_word' id='word_1_89' title='bbox 1247 859 1331 886; x_wconf 89' lang='lat' dir='ltr'><strong>eum</strong></span> <span class='ocrx_word' id='word_1_90' title='bbox 1361 847 1489 886; x_wconf 88' lang='lat' dir='ltr'><strong>locum</strong></span> <span class='ocrx_word' id='word_1_91' title='bbox 1522 846 1669 886; x_wconf 84' lang='lat' dir='ltr'><strong>citatim</strong></span> 
     </span>
    </p>

    <p class='ocr_par' dir='ltr' id='par_1_5' title="bbox 140 910 1742 1034">
     <span class='ocr_line' id='line_1_11' title="bbox 140 910 1742 967; baseline 0.002 -18"><span class='ocrx_word' id='word_1_92' title='bbox 140 910 164 950; x_wconf 82' lang='lat'>5</span> <span class='ocrx_word' id='word_1_93' title='bbox 188 911 386 950; x_wconf 72' lang='lat' dir='ltr'><strong>contendit</strong></span> <span class='ocrx_word' id='word_1_94' title='bbox 409 911 625 964; x_wconf 84' lang='lat' dir='ltr'><strong>classisque</strong></span> <span class='ocrx_word' id='word_1_95' title='bbox 647 919 758 965; x_wconf 88' lang='lat' dir='ltr'><strong>parte</strong></span> <span class='ocrx_word' id='word_1_96' title='bbox 780 912 828 952; x_wconf 86' lang='lat' dir='ltr'><strong>ad</strong></span> <span class='ocrx_word' id='word_1_97' title='bbox 843 912 1041 967; x_wconf 85' lang='lat' dir='ltr'><strong>Thapsum</strong></span> <span class='ocrx_word' id='word_1_98' title='bbox 1065 913 1204 953; x_wconf 85' lang='lat' dir='ltr'><strong>relicta</strong></span> <span class='ocrx_word' id='word_1_99' title='bbox 1226 913 1397 966; x_wconf 87' lang='lat' dir='ltr'><strong>reliquas</strong></span> <span class='ocrx_word' id='word_1_100' title='bbox 1421 927 1542 953; x_wconf 88' lang='lat' dir='ltr'><strong>naues</strong></span> <span class='ocrx_word' id='word_1_101' title='bbox 1565 913 1669 954; x_wconf 86' lang='lat' dir='ltr'><strong>iubet</strong></span> <span class='ocrx_word' id='word_1_102' title='bbox 1703 920 1742 953; x_wconf 84' lang='lat'><strong>10</strong></span> 
     </span>
     <span class='ocr_line' id='line_1_12' title="bbox 186 977 1667 1034; baseline 0.002 -17"><span class='ocrx_word' id='word_1_103' title='bbox 186 984 277 1032; x_wconf 88' lang='lat' dir='ltr'><strong>post</strong></span> <span class='ocrx_word' id='word_1_104' title='bbox 298 977 465 1018; x_wconf 89' lang='lat' dir='ltr'><strong>hostium</strong></span> <span class='ocrx_word' id='word_1_105' title='bbox 491 986 642 1033; x_wconf 88' lang='lat' dir='ltr'><strong>tergum</strong></span> <span class='ocrx_word' id='word_1_106' title='bbox 659 993 769 1032; x_wconf 87' lang='lat' dir='ltr'><strong>quam</strong></span> <span class='ocrx_word' id='word_1_107' title='bbox 785 981 957 1021; x_wconf 78' lang='lat' dir='ltr'><strong>maxime</strong></span> <span class='ocrx_word' id='word_1_108' title='bbox 979 982 1025 1021; x_wconf 90' lang='lat' dir='ltr'><strong>ad</strong></span> <span class='ocrx_word' id='word_1_109' title='bbox 1047 981 1140 1021; x_wconf 90' lang='lat' dir='ltr'><strong>litus</strong></span> <span class='ocrx_word' id='word_1_110' title='bbox 1156 981 1296 1034; x_wconf 89' lang='lat' dir='ltr'><strong>adpelli</strong></span> <span class='ocrx_word' id='word_1_111' title='bbox 1311 981 1543 1033; x_wconf 85' lang='lat' dir='ltr'><strong>signumque</strong></span> <span class='ocrx_word' id='word_1_112' title='bbox 1555 995 1667 1021; x_wconf 88' lang='lat' dir='ltr'><strong>suum</strong></span> 
     </span>
    </p>

    <p class='ocr_par' dir='ltr' id='par_1_6' title="bbox 137 1044 1666 1169">
     <span class='ocr_line' id='line_1_13' title="bbox 137 1044 1666 1101; baseline 0.001 -16"><span class='ocrx_word' id='word_1_113' title='bbox 137 1044 163 1085; x_wconf 89' lang='grc'>6</span> <span class='ocrx_word' id='word_1_114' title='bbox 184 1044 421 1094; x_wconf 85' lang='lat' dir='ltr'><strong>obseruare,</strong></span> <span class='ocrx_word' id='word_1_115' title='bbox 456 1061 530 1100; x_wconf 89' lang='lat' dir='ltr'><strong>quo</strong></span> <span class='ocrx_word' id='word_1_116' title='bbox 561 1047 673 1101; x_wconf 85' lang='lat' dir='ltr'><strong>signo</strong></span> <span class='ocrx_word' id='word_1_117' title='bbox 705 1048 793 1088; x_wconf 88' lang='lat' dir='ltr'><strong>dato</strong></span> <span class='ocrx_word' id='word_1_118' title='bbox 816 1048 946 1088; x_wconf 92' lang='lat' dir='ltr'><strong>subito</strong></span> <span class='ocrx_word' id='word_1_119' title='bbox 969 1049 1141 1088; x_wconf 88' lang='lat' dir='ltr'><strong>clamore</strong></span> <span class='ocrx_word' id='word_1_120' title='bbox 1165 1050 1267 1088; x_wconf 85' lang='lat' dir='ltr'><strong>sacto</strong></span> <span class='ocrx_word' id='word_1_121' title='bbox 1290 1062 1342 1088; x_wconf 79' lang='lat' dir='ltr'><strong>ex</strong></span> <span class='ocrx_word' id='word_1_122' title='bbox 1364 1049 1576 1101; x_wconf 86' lang='lat' dir='ltr'><strong>improuiso</strong></span> <span class='ocrx_word' id='word_1_123' title='bbox 1600 1049 1666 1088; x_wconf 91' lang='lat' dir='ltr'><strong>ho-</strong></span> 
     </span>
     <span class='ocr_line' id='line_1_14' title="bbox 185 1113 1665 1169; baseline 0.002 -16"><span class='ocrx_word' id='word_1_124' title='bbox 185 1113 311 1154; x_wconf 90' lang='lat' dir='ltr'><strong>stibus</strong></span> <span class='ocrx_word' id='word_1_125' title='bbox 333 1114 484 1155; x_wconf 87' lang='lat' dir='ltr'><strong>auersis</strong></span> <span class='ocrx_word' id='word_1_126' title='bbox 507 1115 731 1156; x_wconf 86' lang='lat' dir='ltr'><strong>incuterent</strong></span> <span class='ocrx_word' id='word_1_127' title='bbox 751 1122 942 1156; x_wconf 87' lang='lat' dir='ltr'><strong>terrorem</strong></span> <span class='ocrx_word' id='word_1_128' title='bbox 960 1146 969 1163; x_wconf 85' lang='lat'>‚</span> <span class='ocrx_word' id='word_1_129' title='bbox 1004 1123 1047 1156; x_wconf 90' lang='lat' dir='ltr'><strong>ut</strong></span> <span class='ocrx_word' id='word_1_130' title='bbox 1069 1116 1284 1169; x_wconf 86' lang='lat' dir='ltr'><strong>perturbati</strong></span> <span class='ocrx_word' id='word_1_131' title='bbox 1314 1130 1359 1155; x_wconf 84' lang='lat' dir='ltr'><strong>ac</strong></span> <span class='ocrx_word' id='word_1_132' title='bbox 1381 1116 1581 1168; x_wconf 77' lang='lat' dir='ltr'><strong>perterriti</strong></span> <span class='ocrx_word' id='word_1_133' title='bbox 1603 1129 1665 1156; x_wconf 85' lang='lat' dir='ltr'><strong>re-</strong></span> 
     </span>
    </p>

    <p class='ocr_par' dir='ltr' id='par_1_7' title="bbox 107 1180 1737 1575">
     <span class='ocr_line' id='line_1_15' title="bbox 107 1180 1666 1237; baseline -0.001 -13"><span class='ocrx_word' id='word_1_134' title='bbox 107 1180 160 1224; x_wconf 81' lang='grc'><strong>81</strong></span> <span class='ocrx_word' id='word_1_135' title='bbox 185 1181 339 1234; x_wconf 82' lang='lat' dir='ltr'><strong>spicere</strong></span> <span class='ocrx_word' id='word_1_136' title='bbox 362 1189 449 1236; x_wconf 91' lang='lat' dir='ltr'><strong>post</strong></span> <span class='ocrx_word' id='word_1_137' title='bbox 472 1190 581 1236; x_wconf 83' lang='lat' dir='ltr'><strong>terga</strong></span> <span class='ocrx_word' id='word_1_138' title='bbox 604 1190 857 1237; x_wconf 81' lang='lat' dir='ltr'><strong>cogerentur.</strong></span> <span class='ocrx_word' id='word_1_139' title='bbox 902 1181 991 1235; x_wconf 81' lang='lat' dir='ltr'><strong>Quo</strong></span> <span class='ocrx_word' id='word_1_140' title='bbox 1015 1189 1218 1236; x_wconf 83' lang='lat' dir='ltr'><strong>postquam</strong></span> <span class='ocrx_word' id='word_1_141' title='bbox 1242 1180 1395 1222; x_wconf 80' lang='lat' dir='ltr'><strong>Caesar</strong></span> <span class='ocrx_word' id='word_1_142' title='bbox 1416 1183 1597 1235; x_wconf 86' lang='lat' dir='ltr'><strong>peruenit</strong></span> <span class='ocrx_word' id='word_1_143' title='bbox 1627 1189 1666 1223; x_wconf 84' lang='lat' dir='ltr'><strong>et</strong></span> 
     </span>
     <span class='ocr_line' id='line_1_16' title="bbox 181 1248 1737 1304; baseline 0.001 -16"><span class='ocrx_word' id='word_1_144' title='bbox 181 1250 456 1290; x_wconf 88' lang='lat' dir='ltr'><strong>animaduertit</strong></span> <span class='ocrx_word' id='word_1_145' title='bbox 488 1251 611 1290; x_wconf 88' lang='lat' dir='ltr'><strong>aciem</strong></span> <span class='ocrx_word' id='word_1_146' title='bbox 645 1265 714 1303; x_wconf 91' lang='lat' dir='ltr'><strong>pro</strong></span> <span class='ocrx_word' id='word_1_147' title='bbox 745 1251 848 1290; x_wconf 90' lang='lat' dir='ltr'><strong>uallo</strong></span> <span class='ocrx_word' id='word_1_148' title='bbox 873 1248 1068 1303; x_wconf 83' lang='lat' dir='ltr'><strong>Scipionis</strong></span> <span class='ocrx_word' id='word_1_149' title='bbox 1094 1251 1249 1304; x_wconf 86' lang='lat' dir='ltr'><strong>[contra</strong></span> <span class='ocrx_word' id='word_1_150' title='bbox 1272 1250 1500 1303; x_wconf 85' lang='lat' dir='ltr'><strong>elephantos</strong></span> <span class='ocrx_word' id='word_1_151' title='bbox 1524 1250 1664 1290; x_wconf 74' lang='lat' dir='ltr'><strong>dextro</strong></span> <span class='ocrx_word' id='word_1_152' title='bbox 1698 1257 1737 1290; x_wconf 87' lang='lat'><strong>15</strong></span> 
     </span>
     <span class='ocr_line' id='line_1_17' title="bbox 180 1316 1665 1372; baseline 0.001 -17"><span class='ocrx_word' id='word_1_153' title='bbox 180 1316 417 1369; x_wconf 86' lang='lat' dir='ltr'><strong>sinistroque</strong></span> <span class='ocrx_word' id='word_1_154' title='bbox 442 1331 565 1357; x_wconf 84' lang='lat' dir='ltr'><strong>cornu</strong></span> <span class='ocrx_word' id='word_1_155' title='bbox 588 1318 809 1372; x_wconf 88' lang='lat' dir='ltr'><strong>collocatis]</strong></span> <span class='ocrx_word' id='word_1_156' title='bbox 834 1325 873 1358; x_wconf 89' lang='lat' dir='ltr'><strong>et</strong></span> <span class='ocrx_word' id='word_1_157' title='bbox 894 1318 1016 1358; x_wconf 87' lang='lat' dir='ltr'><strong>nihilo</strong></span> <span class='ocrx_word' id='word_1_158' title='bbox 1039 1318 1163 1357; x_wconf 88' lang='lat' dir='ltr'><strong>minus</strong></span> <span class='ocrx_word' id='word_1_159' title='bbox 1187 1325 1337 1371; x_wconf 75' lang='lat' dir='ltr'><strong>partem</strong></span> <span class='ocrx_word' id='word_1_160' title='bbox 1355 1317 1516 1356; x_wconf 90' lang='lat' dir='ltr'><strong>militum</strong></span> <span class='ocrx_word' id='word_1_161' title='bbox 1536 1324 1665 1357; x_wconf 86' lang='lat' dir='ltr'><strong>castra</strong></span> 
     </span>
     <span class='ocr_line' id='line_1_18' title="bbox 178 1384 1664 1439; baseline 0.001 -17"><span class='ocrx_word' id='word_1_162' title='bbox 178 1397 257 1423; x_wconf 91' lang='lat' dir='ltr'><strong>non</strong></span> <span class='ocrx_word' id='word_1_163' title='bbox 275 1384 474 1437; x_wconf 87' lang='lat' dir='ltr'><strong>ignauiter</strong></span> <span class='ocrx_word' id='word_1_164' title='bbox 490 1387 660 1435; x_wconf 83' lang='lat' dir='ltr'><strong>munire,</strong></span> <span class='ocrx_word' id='word_1_165' title='bbox 685 1385 767 1439; x_wconf 90' lang='lat' dir='ltr'><strong>ipse</strong></span> <span class='ocrx_word' id='word_1_166' title='bbox 785 1385 869 1426; x_wconf 86' lang='lat' dir='ltr'><strong>acie</strong></span> <span class='ocrx_word' id='word_1_167' title='bbox 889 1386 1029 1439; x_wconf 87' lang='lat' dir='ltr'><strong>triplici</strong></span> <span class='ocrx_word' id='word_1_168' title='bbox 1045 1385 1251 1435; x_wconf 77' lang='lat' dir='ltr'><strong>collocata,</strong></span> <span class='ocrx_word' id='word_1_169' title='bbox 1277 1385 1431 1438; x_wconf 83' lang='lat' dir='ltr'><strong>legione</strong></span> <span class='ocrx_word' id='word_1_170' title='bbox 1452 1391 1486 1424; x_wconf 87' lang='lat' dir='ltr'>X</span> <span class='ocrx_word' id='word_1_171' title='bbox 1506 1391 1664 1438; x_wconf 83' lang='lat' dir='ltr'><strong>Xlthue</strong></span> 
     </span>
     <span class='ocr_line' id='line_1_19' title="bbox 177 1451 1664 1507; baseline 0.001 -17"><span class='ocrx_word' id='word_1_172' title='bbox 177 1451 317 1492; x_wconf 82' lang='lat' dir='ltr'><strong>dextro</strong></span> <span class='ocrx_word' id='word_1_173' title='bbox 341 1467 484 1503; x_wconf 85' lang='lat' dir='ltr'><strong>cornu,</strong></span> <span class='ocrx_word' id='word_1_174' title='bbox 509 1460 607 1493; x_wconf 84' lang='lat' dir='ltr'>XIIII</span> <span class='ocrx_word' id='word_1_175' title='bbox 630 1460 668 1494; x_wconf 89' lang='lat' dir='ltr'><strong>et</strong></span> <span class='ocrx_word' id='word_1_176' title='bbox 688 1459 782 1492; x_wconf 87' lang='lat' dir='ltr'>VIIII</span> <span class='ocrx_word' id='word_1_177' title='bbox 804 1453 964 1493; x_wconf 88' lang='lat' dir='ltr'><strong>sinistro</strong></span> <span class='ocrx_word' id='word_1_178' title='bbox 988 1453 1175 1506; x_wconf 91' lang='lat' dir='ltr'><strong>oppositis</strong></span> <span class='ocrx_word' id='word_1_179' title='bbox 1191 1484 1201 1503; x_wconf 82' lang='grc'><em>,</em></span> <span class='ocrx_word' id='word_1_180' title='bbox 1234 1460 1263 1491; x_wconf 75' lang='lat' dir='ltr'>V</span> <span class='ocrx_word' id='word_1_181' title='bbox 1285 1453 1440 1507; x_wconf 83' lang='lat' dir='ltr'><strong>legione</strong></span> <span class='ocrx_word' id='word_1_182' title='bbox 1462 1453 1500 1492; x_wconf 88' lang='lat' dir='ltr'><strong>in</strong></span> <span class='ocrx_word' id='word_1_183' title='bbox 1524 1459 1664 1505; x_wconf 87' lang='lat' dir='ltr'><strong>quarta</strong></span> 
     </span>
     <span class='ocr_line' id='line_1_20' title="bbox 178 1520 1664 1575; baseline 0.001 -17"><span class='ocrx_word' id='word_1_184' title='bbox 178 1520 262 1559; x_wconf 87' lang='lat' dir='ltr'><strong>acie</strong></span> <span class='ocrx_word' id='word_1_185' title='bbox 284 1521 331 1560; x_wconf 88' lang='lat' dir='ltr'><strong>ad</strong></span> <span class='ocrx_word' id='word_1_186' title='bbox 353 1520 436 1574; x_wconf 87' lang='lat' dir='ltr'><strong>ipsa</strong></span> <span class='ocrx_word' id='word_1_187' title='bbox 459 1535 606 1561; x_wconf 83' lang='lat' dir='ltr'><strong>cornua</strong></span> <span class='ocrx_word' id='word_1_188' title='bbox 629 1521 758 1575; x_wconf 90' lang='lat' dir='ltr'><strong>quinis</strong></span> <span class='ocrx_word' id='word_1_189' title='bbox 782 1521 1008 1561; x_wconf 86' lang='lat' dir='ltr'><strong>cohortibus</strong></span> <span class='ocrx_word' id='word_1_190' title='bbox 1031 1528 1169 1560; x_wconf 86' lang='lat' dir='ltr'><strong>contra</strong></span> <span class='ocrx_word' id='word_1_191' title='bbox 1190 1521 1337 1561; x_wconf 88' lang='lat' dir='ltr'><strong>bestias</strong></span> <span class='ocrx_word' id='word_1_192' title='bbox 1360 1520 1576 1570; x_wconf 81' lang='lat' dir='ltr'><strong>collocatis,</strong></span> <span class='ocrx_word' id='word_1_193' title='bbox 1601 1533 1664 1560; x_wconf 87' lang='lat' dir='ltr'><strong>sa·-</strong></span> 
     </span>
    </p>
   </div>
   <div class='ocr_carea' id='block_1_3' title="bbox 174 1587 1735 1706">
    <p class='ocr_par' dir='ltr' id='par_1_8' title="bbox 174 1587 1735 1706">
     <span class='ocr_line' id='line_1_21' title="bbox 176 1587 1735 1642; baseline 0.001 -16"><span class='ocrx_word' id='word_1_194' title='bbox 176 1587 371 1639; x_wconf 68' lang='lat' dir='ltr'><strong>gistariis,</strong></span> <span class='ocrx_word' id='word_1_195' title='bbox 407 1588 670 1629; x_wconf 82' lang='lat' dir='ltr'><strong>funditoribus</strong></span> <span class='ocrx_word' id='word_1_196' title='bbox 699 1589 739 1629; x_wconf 92' lang='lat' dir='ltr'><strong>in</strong></span> <span class='ocrx_word' id='word_1_197' title='bbox 770 1589 947 1642; x_wconf 89' lang='lat' dir='ltr'><strong>utrisque</strong></span> <span class='ocrx_word' id='word_1_198' title='bbox 971 1589 1154 1629; x_wconf 88' lang='lat' dir='ltr'><strong>cornibus</strong></span> <span class='ocrx_word' id='word_1_199' title='bbox 1185 1588 1384 1642; x_wconf 86' lang='lat' dir='ltr'><strong>dispositis</strong></span> <span class='ocrx_word' id='word_1_200' title='bbox 1416 1587 1569 1640; x_wconf 86' lang='lat' dir='ltr'><strong>leuique</strong></span> <span class='ocrx_word' id='word_1_201' title='bbox 1600 1601 1662 1627; x_wconf 88' lang='lat' dir='ltr'><strong>ar·</strong></span> <span class='ocrx_word' id='word_1_202' title='bbox 1692 1594 1735 1628; x_wconf 78' lang='lat'><strong>20</strong></span> 
     </span>
     <span class='ocr_line' id='line_1_22' title="bbox 174 1655 1661 1706; baseline 0.005 -19"><span class='ocrx_word' id='word_1_203' title='bbox 174 1662 328 1688; x_wconf 72' lang='lat' dir='ltr'><strong>matura</strong></span> <span class='ocrx_word' id='word_1_204' title='bbox 350 1655 451 1690; x_wconf 81' lang='lat' dir='ltr'><strong>inter</strong></span> <span class='ocrx_word' id='word_1_205' title='bbox 474 1657 624 1703; x_wconf 74' lang='lat' dir='ltr'><strong>equites</strong></span> <span class='ocrx_word' id='word_1_206' title='bbox 646 1656 857 1691; x_wconf 83' lang='lat' dir='ltr'><strong>interiecta</strong></span> <span class='ocrx_word' id='word_1_207' title='bbox 879 1657 962 1706; x_wconf 86' lang='lat' dir='ltr'><strong>ipse</strong></span> <span class='ocrx_word' id='word_1_208' title='bbox 983 1657 1142 1706; x_wconf 85' lang='lat' dir='ltr'><strong>pedibus</strong></span> <span class='ocrx_word' id='word_1_209' title='bbox 1166 1657 1309 1692; x_wconf 74' lang='lat' dir='ltr'><strong>circum</strong></span> <span class='ocrx_word' id='word_1_210' title='bbox 1332 1656 1473 1695; x_wconf 79' lang='lat' dir='ltr'><strong>milites</strong></span> <span class='ocrx_word' id='word_1_211' title='bbox 1496 1669 1661 1695; x_wconf 85' lang='lat' dir='ltr'><strong>concur-</strong></span> 
     </span>
    </p>
   </div>
   <div class='ocr_carea' id='block_1_4' title="bbox 93 1716 1728 2112">
    <p class='ocr_par' dir='ltr' id='par_1_9' title="bbox 175 1716 1658 1773">
     <span class='ocr_line' id='line_1_23' title="bbox 175 1716 1658 1773; baseline 0.003 -18"><span class='ocrx_word' id='word_1_212' title='bbox 175 1729 267 1756; x_wconf 87' lang='lat' dir='ltr'><strong>sans</strong></span> <span class='ocrx_word' id='word_1_213' title='bbox 290 1716 535 1771; x_wconf 86' lang='lat' dir='ltr'><strong>uirtutesque</strong></span> <span class='ocrx_word' id='word_1_214' title='bbox 557 1726 835 1760; x_wconf 86' lang='lat' dir='ltr'><strong>ueteranorum</strong></span> <span class='ocrx_word' id='word_1_215' title='bbox 858 1720 1086 1773; x_wconf 86' lang='lat' dir='ltr'><strong>proeliaque</strong></span> <span class='ocrx_word' id='word_1_216' title='bbox 1117 1720 1326 1773; x_wconf 87' lang='lat' dir='ltr'><strong>superiora</strong></span> <span class='ocrx_word' id='word_1_217' title='bbox 1349 1734 1658 1760; x_wconf 84' lang='lat' dir='ltr'><strong>commemorans</strong></span> 
     </span>
    </p>

    <p class='ocr_par' dir='ltr' id='par_1_10' title="bbox 125 1781 1654 1841">
     <span class='ocr_line' id='line_1_24' title="bbox 125 1781 1654 1841; baseline 0.003 -19"><span class='ocrx_word' id='word_1_218' title='bbox 125 1781 153 1822; x_wconf 78' lang='lat'>2</span> <span class='ocrx_word' id='word_1_219' title='bbox 173 1782 390 1837; x_wconf 87' lang='lat' dir='ltr'><strong>blandeque</strong></span> <span class='ocrx_word' id='word_1_220' title='bbox 412 1786 611 1839; x_wconf 84' lang='lat' dir='ltr'><strong>appellans</strong></span> <span class='ocrx_word' id='word_1_221' title='bbox 634 1788 787 1828; x_wconf 87' lang='lat' dir='ltr'><strong>animos</strong></span> <span class='ocrx_word' id='word_1_222' title='bbox 810 1801 946 1828; x_wconf 91' lang='lat' dir='ltr'><strong>eorum</strong></span> <span class='ocrx_word' id='word_1_223' title='bbox 970 1787 1183 1828; x_wconf 82' lang='lat' dir='ltr'><strong>excitabat.</strong></span> <span class='ocrx_word' id='word_1_224' title='bbox 1228 1786 1397 1827; x_wconf 88' lang='lat' dir='ltr'><strong>Tirones</strong></span> <span class='ocrx_word' id='word_1_225' title='bbox 1420 1794 1567 1836; x_wconf 85' lang='lat' dir='ltr'><strong>autem,</strong></span> <span class='ocrx_word' id='word_1_226' title='bbox 1593 1788 1654 1841; x_wconf 87' lang='lat' dir='ltr'><strong>qui</strong></span> 
     </span>
    </p>

    <p class='ocr_par' dir='ltr' id='par_1_11' title="bbox 170 1854 1728 1976">
     <span class='ocr_line' id='line_1_25' title="bbox 171 1854 1657 1905; baseline 0.003 -15"><span class='ocrx_word' id='word_1_227' title='bbox 171 1860 380 1904; x_wconf 81' lang='lat' dir='ltr'><strong>num&#39;quam</strong></span> <span class='ocrx_word' id='word_1_228' title='bbox 404 1854 444 1893; x_wconf 93' lang='lat' dir='ltr'><strong>in</strong></span> <span class='ocrx_word' id='word_1_229' title='bbox 466 1854 552 1894; x_wconf 88' lang='lat' dir='ltr'><strong>acie</strong></span> <span class='ocrx_word' id='word_1_230' title='bbox 575 1854 849 1905; x_wconf 82' lang='lat' dir='ltr'><strong>dimicassent,</strong></span> <span class='ocrx_word' id='word_1_231' title='bbox 885 1855 1135 1905; x_wconf 69' lang='lat' dir='ltr'><strong>hortabatur,</strong></span> <span class='ocrx_word' id='word_1_232' title='bbox 1171 1862 1213 1895; x_wconf 92' lang='lat' dir='ltr'><strong>ut</strong></span> <span class='ocrx_word' id='word_1_233' title='bbox 1237 1862 1508 1895; x_wconf 85' lang='lat' dir='ltr'><strong>ueteranorum</strong></span> <span class='ocrx_word' id='word_1_234' title='bbox 1533 1855 1657 1895; x_wconf 89' lang='lat' dir='ltr'><strong>uirtu-</strong></span> 
     </span>
     <span class='ocr_line' id='line_1_26' title="bbox 170 1921 1728 1976; baseline 0.003 -18"><span class='ocrx_word' id='word_1_235' title='bbox 170 1924 248 1959; x_wconf 85' lang='lat' dir='ltr'><strong>tem</strong></span> <span class='ocrx_word' id='word_1_236' title='bbox 271 1921 565 1961; x_wconf 87' lang='lat' dir='ltr'><strong>aemularentur</strong></span> <span class='ocrx_word' id='word_1_237' title='bbox 586 1935 800 1975; x_wconf 88' lang='lat' dir='ltr'><strong>eorumque</strong></span> <span class='ocrx_word' id='word_1_238' title='bbox 822 1923 986 1971; x_wconf 80' lang='lat' dir='ltr'><strong>famam‚</strong></span> <span class='ocrx_word' id='word_1_239' title='bbox 1011 1923 1164 1972; x_wconf 81' lang='lat' dir='ltr'><strong>locum,</strong></span> <span class='ocrx_word' id='word_1_240' title='bbox 1191 1936 1332 1963; x_wconf 90' lang='lat' dir='ltr'><strong>nomen</strong></span> <span class='ocrx_word' id='word_1_241' title='bbox 1356 1922 1524 1962; x_wconf 89' lang='lat' dir='ltr'><strong>uictoria</strong></span> <span class='ocrx_word' id='word_1_242' title='bbox 1547 1930 1656 1976; x_wconf 84' lang='lat' dir='ltr'><strong>parta</strong></span> <span class='ocrx_word' id='word_1_243' title='bbox 1686 1930 1728 1963; x_wconf 80' lang='lat'><strong>25</strong></span> 
     </span>
    </p>

    <p class='ocr_par' dir='ltr' id='par_1_12' title="bbox 93 1984 1659 2045">
     <span class='ocr_line' id='line_1_27' title="bbox 93 1984 1659 2045; baseline 0.003 -19"><span class='ocrx_word' id='word_1_244' title='bbox 93 1984 154 2030; x_wconf 75' lang='lat'><strong>82</strong></span> <span class='ocrx_word' id='word_1_245' title='bbox 170 1995 362 2039; x_wconf 86' lang='lat' dir='ltr'><strong>cuperent</strong></span> <span class='ocrx_word' id='word_1_246' title='bbox 390 1989 608 2042; x_wconf 90' lang='lat' dir='ltr'><strong>possidere.</strong></span> <span class='ocrx_word' id='word_1_247' title='bbox 651 1988 790 2045; x_wconf 88' lang='lat' dir='ltr'><strong>Itaque</strong></span> <span class='ocrx_word' id='word_1_248' title='bbox 820 1990 859 2030; x_wconf 92' lang='lat' dir='ltr'><strong>in</strong></span> <span class='ocrx_word' id='word_1_249' title='bbox 892 1991 1169 2030; x_wconf 84' lang='lat' dir='ltr'><strong>circumeundo</strong></span> <span class='ocrx_word' id='word_1_250' title='bbox 1201 1990 1383 2030; x_wconf 82' lang='lat' dir='ltr'><strong>exercitu</strong></span> <span class='ocrx_word' id='word_1_251' title='bbox 1403 1990 1659 2038; x_wconf 74' lang='lat' dir='ltr'><strong>{animaduer-</strong></span> 
     </span>
    </p>

    <p class='ocr_par' dir='ltr' id='par_1_13' title="bbox 172 2054 1657 2112">
     <span class='ocr_line' id='line_1_28' title="bbox 172 2054 1657 2112; baseline 0.003 -18"><span class='ocrx_word' id='word_1_252' title='bbox 172 2054 218 2094; x_wconf 85' lang='lat' dir='ltr'><strong>tit</strong></span> <span class='ocrx_word' id='word_1_253' title='bbox 240 2054 373 2096; x_wconf 91' lang='lat' dir='ltr'><strong>hostes</strong></span> <span class='ocrx_word' id='word_1_254' title='bbox 396 2057 500 2097; x_wconf 84' lang='lat' dir='ltr'><strong>circa</strong></span> <span class='ocrx_word' id='word_1_255' title='bbox 525 2057 666 2098; x_wconf 90' lang='lat' dir='ltr'><strong>uallum</strong></span> <span class='ocrx_word' id='word_1_256' title='bbox 690 2058 885 2111; x_wconf 90' lang='lat' dir='ltr'><strong>trepidare</strong></span> <span class='ocrx_word' id='word_1_257' title='bbox 908 2065 1024 2111; x_wconf 86' lang='lat' dir='ltr'><strong>atque</strong></span> <span class='ocrx_word' id='word_1_258' title='bbox 1047 2058 1149 2098; x_wconf 87' lang='lat' dir='ltr'><strong>ultro</strong></span> <span class='ocrx_word' id='word_1_259' title='bbox 1173 2058 1348 2111; x_wconf 86' lang='lat' dir='ltr'><strong>citroque</strong></span> <span class='ocrx_word' id='word_1_260' title='bbox 1372 2057 1534 2112; x_wconf 87' lang='lat' dir='ltr'><strong>pauidos</strong></span> <span class='ocrx_word' id='word_1_261' title='bbox 1564 2071 1657 2098; x_wconf 85' lang='lat' dir='ltr'><strong>con-</strong></span> 
     </span>
    </p>
   </div>
   <div class='ocr_carea' id='block_1_5' title="bbox 165 2159 1654 2456">
    <p class='ocr_par' dir='ltr' id='par_1_14' title="bbox 165 2159 1654 2456">
     <span class='ocr_line' id='line_1_29' title="bbox 309 2159 1652 2203; baseline 0 -11"><span class='ocrx_word' id='word_1_262' title='bbox 309 2159 462 2192; x_wconf 75' lang='lat' dir='ltr'><strong>21nuniti</strong></span> <span class='ocrx_word' id='word_1_263' title='bbox 480 2170 513 2191; x_wconf 83' lang='grc' dir='ltr'><strong>α.</strong></span> <span class='ocrx_word' id='word_1_264' title='bbox 671 2171 708 2192; x_wconf 83' lang='lat'><strong>111</strong></span> <span class='ocrx_word' id='word_1_265' title='bbox 728 2161 896 2202; x_wconf 83' lang='lat' dir='ltr'><strong>legionum</strong></span> <span class='ocrx_word' id='word_1_266' title='bbox 916 2171 1000 2203; x_wconf 55' lang='grc' dir='ltr'><strong>(Ἔνος</strong></span> <span class='ocrx_word' id='word_1_267' title='bbox 1020 2172 1055 2193; x_wconf 82' lang='lat'><strong>111</strong></span> <span class='ocrx_word' id='word_1_268' title='bbox 1075 2172 1095 2193; x_wconf 86' lang='lat' dir='ltr'><strong>a</strong></span> <span class='ocrx_word' id='word_1_269' title='bbox 1115 2172 1142 2202; x_wconf 77' lang='lat' dir='ltr'><strong>e,</strong></span> <span class='ocrx_word' id='word_1_270' title='bbox 1165 2161 1362 2193; x_wconf 83' lang='lat' dir='ltr'><strong>cohortibus</strong></span> <span class='ocrx_word' id='word_1_271' title='bbox 1380 2161 1488 2192; x_wconf 87' lang='lat' dir='ltr'><strong>trihus</strong></span> <span class='ocrx_word' id='word_1_272' title='bbox 1509 2161 1547 2201; x_wconf 72' lang='grc' dir='ltr'><strong>ἱ),-</strong></span> <span class='ocrx_word' id='word_1_273' title='bbox 1564 2161 1652 2192; x_wconf 84' lang='lat' dir='ltr'><strong>trino</strong></span> 
     </span>
     <span class='ocr_line' id='line_1_30' title="bbox 167 2209 1507 2256; baseline 0.004 -17"><span class='ocrx_word' id='word_1_274' title='bbox 167 2218 202 2240; x_wconf 80' lang='lat' dir='ltr'><strong>v.</strong></span> <span class='ocrx_word' id='word_1_275' title='bbox 221 2209 262 2240; x_wconf 90' lang='lat' dir='ltr'><strong>P.</strong></span> <span class='ocrx_word' id='word_1_276' title='bbox 282 2210 361 2243; x_wconf 72' lang='lat'><strong>225.</strong></span> <span class='ocrx_word' id='word_1_277' title='bbox 524 2211 542 2243; x_wconf 87' lang='lat'>3</span> <span class='ocrx_word' id='word_1_278' title='bbox 563 2210 734 2244; x_wconf 87' lang='lat' dir='ltr'><strong>Thabsum</strong></span> <span class='ocrx_word' id='word_1_279' title='bbox 753 2224 787 2245; x_wconf 93' lang='grc' dir='ltr'><strong>α.</strong></span> <span class='ocrx_word' id='word_1_280' title='bbox 950 2215 970 2247; x_wconf 83' lang='grc'>4</span> <span class='ocrx_word' id='word_1_281' title='bbox 989 2215 1140 2256; x_wconf 87' lang='lat' dir='ltr'><strong>superb.</strong></span> <span class='ocrx_word' id='word_1_282' title='bbox 1293 2215 1310 2245; x_wconf 85' lang='lat'><strong>5</strong></span> <span class='ocrx_word' id='word_1_283' title='bbox 1330 2214 1425 2245; x_wconf 89' lang='lat' dir='ltr'><strong>coelo</strong></span> <span class='ocrx_word' id='word_1_284' title='bbox 1446 2214 1507 2254; x_wconf 81' lang='lat' dir='ltr'><strong>(a).</strong></span> 
     </span>
     <span class='ocr_line' id='line_1_31' title="bbox 165 2259 1651 2306; baseline 0.003 -16"><span class='ocrx_word' id='word_1_285' title='bbox 165 2259 184 2290; x_wconf 86' lang='grc'><strong>6</strong></span> <span class='ocrx_word' id='word_1_286' title='bbox 202 2262 461 2292; x_wconf 87' lang='lat' dir='ltr'><strong>commemoraui</strong></span> <span class='ocrx_word' id='word_1_287' title='bbox 480 2272 500 2293; x_wconf 91' lang='grc' dir='ltr'><em>α</em></span> <span class='ocrx_word' id='word_1_288' title='bbox 520 2263 549 2303; x_wconf 72' lang='lat' dir='ltr'><strong>b,</strong></span> <span class='ocrx_word' id='word_1_289' title='bbox 571 2264 909 2295; x_wconf 84' lang='lat' dir='ltr'><strong>commemorauimus</strong></span> <span class='ocrx_word' id='word_1_290' title='bbox 928 2274 962 2295; x_wconf 82' lang='lat' dir='ltr'><strong>u.</strong></span> <span class='ocrx_word' id='word_1_291' title='bbox 1158 2263 1263 2306; x_wconf 89' lang='lat' dir='ltr'><strong>mille]</strong></span> <span class='ocrx_word' id='word_1_292' title='bbox 1284 2263 1322 2296; x_wconf 78' lang='grc' dir='ltr'><strong>εδ</strong></span> <span class='ocrx_word' id='word_1_293' title='bbox 1341 2275 1384 2304; x_wconf 64' lang='grc' dir='ltr'><strong>ας</strong></span> <span class='ocrx_word' id='word_1_294' title='bbox 1405 2275 1451 2295; x_wconf 70' lang='lat' dir='ltr'><strong>,un</strong></span> <span class='ocrx_word' id='word_1_295' title='bbox 1471 2263 1548 2295; x_wconf 81' lang='lat' dir='ltr'><strong>edd.</strong></span> <span class='ocrx_word' id='word_1_296' title='bbox 1569 2267 1651 2295; x_wconf 78' lang='lat' dir='ltr'><strong>aute</strong></span> 
     </span>
     <span class='ocr_line' id='line_1_32' title="bbox 168 2310 1654 2357; baseline 0.002 -16"><span class='ocrx_word' id='word_1_297' title='bbox 168 2310 312 2351; x_wconf 61' lang='lat' dir='ltr'><strong>Graeu„</strong></span> <span class='ocrx_word' id='word_1_298' title='bbox 332 2322 375 2343; x_wconf 77' lang='lat' dir='ltr'><strong>mc</strong></span> <span class='ocrx_word' id='word_1_299' title='bbox 397 2312 525 2344; x_wconf 67' lang='lat' dir='ltr'><strong>Graan.</strong></span> <span class='ocrx_word' id='word_1_300' title='bbox 545 2323 579 2345; x_wconf 81' lang='lat' dir='ltr'><strong>u.</strong></span> <span class='ocrx_word' id='word_1_301' title='bbox 746 2315 763 2347; x_wconf 89' lang='lat'><strong>7</strong></span> <span class='ocrx_word' id='word_1_302' title='bbox 777 2315 884 2346; x_wconf 88' lang='lat' dir='ltr'><strong>milite</strong></span> <span class='ocrx_word' id='word_1_303' title='bbox 902 2332 946 2337; x_wconf 92' lang='lat'><strong>—-</strong></span> <span class='ocrx_word' id='word_1_304' title='bbox 965 2315 1014 2355; x_wconf 84' lang='lat'><strong>(8)</strong></span> <span class='ocrx_word' id='word_1_305' title='bbox 1029 2314 1173 2347; x_wconf 87' lang='lat' dir='ltr'><strong>deducto</strong></span> <span class='ocrx_word' id='word_1_306' title='bbox 1189 2314 1274 2346; x_wconf 70' lang='lat' dir='ltr'><strong>dett.</strong></span> <span class='ocrx_word' id='word_1_307' title='bbox 1290 2315 1444 2357; x_wconf 73' lang='lat' dir='ltr'><strong>aliquot,</strong></span> <span class='ocrx_word' id='word_1_308' title='bbox 1465 2314 1591 2345; x_wconf 87' lang='lat' dir='ltr'><strong>milites</strong></span> <span class='ocrx_word' id='word_1_309' title='bbox 1610 2331 1654 2337; x_wconf 90' lang='lat'><strong>—-</strong></span> 
     </span>
     <span class='ocr_line' id='line_1_33' title="bbox 167 2360 1650 2407; baseline 0.003 -16"><span class='ocrx_word' id='word_1_310' title='bbox 167 2360 330 2394; x_wconf 80' lang='lat' dir='ltr'><strong>deductos</strong></span> <span class='ocrx_word' id='word_1_311' title='bbox 342 2373 362 2394; x_wconf 81' lang='lat' dir='ltr'><strong>a</strong></span> <span class='ocrx_word' id='word_1_312' title='bbox 374 2363 565 2404; x_wconf 74' lang='lat' dir='ltr'><strong>etreliqai.</strong></span> <span class='ocrx_word' id='word_1_313' title='bbox 686 2364 884 2407; x_wconf 81' lang='lat' dir='ltr'><strong>Spraesidio</strong></span> <span class='ocrx_word' id='word_1_314' title='bbox 898 2375 965 2396; x_wconf 82' lang='lat' dir='ltr'><strong>om.</strong></span> <span class='ocrx_word' id='word_1_315' title='bbox 981 2365 1012 2397; x_wconf 78' lang='lat' dir='ltr'><strong>b.</strong></span> <span class='ocrx_word' id='word_1_316' title='bbox 1131 2365 1266 2405; x_wconf 85' lang='lat' dir='ltr'><strong>legione</strong></span> <span class='ocrx_word' id='word_1_317' title='bbox 1276 2376 1309 2397; x_wconf 84' lang='lat' dir='ltr'><strong>a.</strong></span> <span class='ocrx_word' id='word_1_318' title='bbox 1430 2363 1650 2396; x_wconf 80' lang='lat' dir='ltr'><strong>10Thahsum</strong></span> 
     </span>
     <span class='ocr_line' id='line_1_34' title="bbox 165 2413 1649 2456; baseline 0.003 -14"><span class='ocrx_word' id='word_1_319' title='bbox 165 2420 199 2442; x_wconf 80' lang='lat' dir='ltr'><strong>a.</strong></span> <span class='ocrx_word' id='word_1_320' title='bbox 379 2413 416 2445; x_wconf 89' lang='lat'><strong>11</strong></span> <span class='ocrx_word' id='word_1_321' title='bbox 439 2414 566 2456; x_wconf 78' lang='lat' dir='ltr'><strong>adpelli</strong></span> <span class='ocrx_word' id='word_1_322' title='bbox 585 2424 618 2447; x_wconf 89' lang='grc' dir='ltr'><strong>α.</strong></span> <span class='ocrx_word' id='word_1_323' title='bbox 793 2415 832 2447; x_wconf 89' lang='grc'><strong>13</strong></span> <span class='ocrx_word' id='word_1_324' title='bbox 852 2415 1007 2446; x_wconf 88' lang='lat' dir='ltr'><strong>aduersis</strong></span> <span class='ocrx_word' id='word_1_325' title='bbox 1027 2425 1047 2446; x_wconf 82' lang='lat' dir='ltr'><strong>a</strong></span> <span class='ocrx_word' id='word_1_326' title='bbox 1071 2415 1166 2446; x_wconf 81' lang='lat' dir='ltr'><strong>‘mss.</strong></span> <span class='ocrx_word' id='word_1_327' title='bbox 1191 2415 1235 2448; x_wconf 82' lang='lat'><strong>4’.</strong></span> <span class='ocrx_word' id='word_1_328' title='bbox 1408 2414 1449 2447; x_wconf 79' lang='lat'><strong>14</strong></span> <span class='ocrx_word' id='word_1_329' title='bbox 1468 2418 1597 2454; x_wconf 76' lang='lat' dir='ltr'><strong>tei-gum</strong></span> <span class='ocrx_word' id='word_1_330' title='bbox 1619 2415 1649 2446; x_wconf 85' lang='lat' dir='ltr'><strong>b.</strong></span> 
     </span>
    </p>
   </div>
   <div class='ocr_carea' id='block_1_6' title="bbox 161 2463 1649 2915">
    <p class='ocr_par' dir='ltr' id='par_1_15' title="bbox 165 2463 1649 2610">
     <span class='ocr_line' id='line_1_35' title="bbox 311 2463 1646 2507; baseline 0.001 -13"><span class='ocrx_word' id='word_1_331' title='bbox 311 2463 349 2494; x_wconf 77' lang='lat'><strong>15</strong></span> <span class='ocrx_word' id='word_1_332' title='bbox 363 2469 481 2496; x_wconf 87' lang='lat' dir='ltr'><strong>contra</strong></span> <span class='ocrx_word' id='word_1_333' title='bbox 500 2465 700 2507; x_wconf 80' lang='lat' dir='ltr'><strong>elephantos</strong></span> <span class='ocrx_word' id='word_1_334' title='bbox 712 2483 755 2488; x_wconf 89' lang='lat'><strong>—-—</strong></span> <span class='ocrx_word' id='word_1_335' title='bbox 772 2466 845 2507; x_wconf 87' lang='grc'>(16)</span> <span class='ocrx_word' id='word_1_336' title='bbox 859 2466 1039 2498; x_wconf 84' lang='lat' dir='ltr'><strong>collocatis</strong></span> <span class='ocrx_word' id='word_1_337' title='bbox 1058 2476 1091 2506; x_wconf 78' lang='grc' dir='ltr'><strong>α,</strong></span> <span class='ocrx_word' id='word_1_338' title='bbox 1109 2471 1227 2498; x_wconf 86' lang='lat' dir='ltr'><strong>contra</strong></span> <span class='ocrx_word' id='word_1_339' title='bbox 1246 2465 1510 2507; x_wconf 84' lang='lat' dir='ltr'><strong>elephantosque</strong></span> <span class='ocrx_word' id='word_1_340' title='bbox 1522 2483 1566 2487; x_wconf 89' lang='lat'><strong>—</strong></span> <span class='ocrx_word' id='word_1_341' title='bbox 1578 2465 1646 2496; x_wconf 90' lang='lat' dir='ltr'><strong>col-</strong></span> 
     </span>
     <span class='ocr_line' id='line_1_36' title="bbox 165 2511 1649 2559; baseline 0.004 -17"><span class='ocrx_word' id='word_1_342' title='bbox 165 2511 294 2544; x_wconf 87' lang='lat' dir='ltr'><strong>locatos</strong></span> <span class='ocrx_word' id='word_1_343' title='bbox 314 2524 331 2544; x_wconf 84' lang='lat' dir='ltr'><strong>c</strong></span> <span class='ocrx_word' id='word_1_344' title='bbox 350 2514 373 2545; x_wconf 71' lang='lat' dir='ltr'><strong>cl</strong></span> <span class='ocrx_word' id='word_1_345' title='bbox 399 2515 444 2556; x_wconf 74' lang='lat' dir='ltr'><strong>(is</strong></span> <span class='ocrx_word' id='word_1_346' title='bbox 463 2515 749 2559; x_wconf 83' lang='lat' dir='ltr'><strong>elephantoque),</strong></span> <span class='ocrx_word' id='word_1_347' title='bbox 782 2517 974 2559; x_wconf 86' lang='lat' dir='ltr'><strong>elephantis</strong></span> <span class='ocrx_word' id='word_1_348' title='bbox 994 2536 1034 2540; x_wconf 86' lang='lat'><strong>-—</strong></span> <span class='ocrx_word' id='word_1_349' title='bbox 1055 2517 1233 2548; x_wconf 85' lang='lat' dir='ltr'><strong>collocatis</strong></span> <span class='ocrx_word' id='word_1_350' title='bbox 1252 2520 1288 2547; x_wconf 77' lang='lat' dir='ltr'><strong>et</strong></span> <span class='ocrx_word' id='word_1_351' title='bbox 1303 2518 1398 2547; x_wconf 73' lang='lat' dir='ltr'><strong>inter</strong></span> <span class='ocrx_word' id='word_1_352' title='bbox 1416 2526 1508 2548; x_wconf 74' lang='lat' dir='ltr'><strong>vers.</strong></span> <span class='ocrx_word' id='word_1_353' title='bbox 1529 2521 1649 2548; x_wconf 84' lang='lat' dir='ltr'><strong>contra</strong></span> 
     </span>
     <span class='ocr_line' id='line_1_37' title="bbox 165 2563 1646 2610; baseline 0.005 -17"><span class='ocrx_word' id='word_1_354' title='bbox 165 2563 206 2603; x_wconf 82' lang='lat' dir='ltr'><strong>b‚·</strong></span> <span class='ocrx_word' id='word_1_355' title='bbox 226 2564 493 2607; x_wconf 84' lang='lat' dir='ltr'><strong>elephantosque</strong></span> <span class='ocrx_word' id='word_1_356' title='bbox 516 2586 554 2589; x_wconf 93' lang='lat'>—</span> <span class='ocrx_word' id='word_1_357' title='bbox 574 2569 762 2600; x_wconf 87' lang='lat' dir='ltr'><strong>collocatos</strong></span> <span class='ocrx_word' id='word_1_358' title='bbox 782 2569 858 2600; x_wconf 80' lang='lat' dir='ltr'><strong>cod.</strong></span> <span class='ocrx_word' id='word_1_359' title='bbox 880 2568 960 2600; x_wconf 80' lang='lat' dir='ltr'><strong>Vrs.</strong></span> <span class='ocrx_word' id='word_1_360' title='bbox 982 2579 1017 2600; x_wconf 84' lang='lat' dir='ltr'><strong>u.</strong></span> <span class='ocrx_word' id='word_1_361' title='bbox 1038 2568 1154 2601; x_wconf 74' lang='lat' dir='ltr'><strong>Vucos</strong></span> <span class='ocrx_word' id='word_1_362' title='bbox 1179 2578 1242 2609; x_wconf 80' lang='lat' dir='ltr'><strong>ego</strong></span> <span class='ocrx_word' id='word_1_363' title='bbox 1266 2570 1383 2610; x_wconf 73' lang='lat' dir='ltr'><strong>posui.</strong></span> <span class='ocrx_word' id='word_1_364' title='bbox 1404 2568 1445 2599; x_wconf 83' lang='lat' dir='ltr'><strong>P.</strong></span> <span class='ocrx_word' id='word_1_365' title='bbox 1465 2569 1528 2602; x_wconf 75' lang='lat'><strong>221</strong></span> <span class='ocrx_word' id='word_1_366' title='bbox 1550 2572 1646 2601; x_wconf 69' lang='lat' dir='ltr'><strong>eoetr.</strong></span> 
     </span>
    </p>

    <p class='ocr_par' dir='ltr' id='par_1_16' title="bbox 161 2615 1647 2868">
     <span class='ocr_line' id='line_1_38' title="bbox 308 2615 1647 2660; baseline 0.003 -13"><span class='ocrx_word' id='word_1_367' title='bbox 308 2615 347 2647; x_wconf 77' lang='lat'><strong>16</strong></span> <span class='ocrx_word' id='word_1_368' title='bbox 367 2616 450 2647; x_wconf 88' lang='lat' dir='ltr'><strong>nihil</strong></span> <span class='ocrx_word' id='word_1_369' title='bbox 468 2627 488 2648; x_wconf 86' lang='lat' dir='ltr'><strong>a</strong></span> <span class='ocrx_word' id='word_1_370' title='bbox 509 2618 540 2648; x_wconf 78' lang='lat' dir='ltr'><strong>b.</strong></span> <span class='ocrx_word' id='word_1_371' title='bbox 681 2618 808 2660; x_wconf 86' lang='lat' dir='ltr'><strong>castra]</strong></span> <span class='ocrx_word' id='word_1_372' title='bbox 829 2623 948 2650; x_wconf 83' lang='lat' dir='ltr'><strong>contra</strong></span> <span class='ocrx_word' id='word_1_373' title='bbox 966 2629 985 2650; x_wconf 89' lang='grc' dir='ltr'><em>α</em></span> <span class='ocrx_word' id='word_1_374' title='bbox 1005 2629 1033 2650; x_wconf 83' lang='lat' dir='ltr'><strong>c.</strong></span> <span class='ocrx_word' id='word_1_375' title='bbox 1178 2619 1216 2650; x_wconf 78' lang='lat'><strong>17</strong></span> <span class='ocrx_word' id='word_1_376' title='bbox 1230 2629 1250 2649; x_wconf 85' lang='lat' dir='ltr'>x</span> <span class='ocrx_word' id='word_1_377' title='bbox 1269 2629 1399 2660; x_wconf 80' lang='lat' dir='ltr'><strong>xmque</strong></span> <span class='ocrx_word' id='word_1_378' title='bbox 1419 2629 1494 2660; x_wconf 69' lang='lat' dir='ltr'><strong>ego,</strong></span> <span class='ocrx_word' id='word_1_379' title='bbox 1517 2619 1647 2651; x_wconf 83' lang='lat' dir='ltr'><strong>decima</strong></span> 
     </span>
     <span class='ocr_line' id='line_1_39' title="bbox 163 2666 1638 2715; baseline 0.005 -18"><span class='ocrx_word' id='word_1_380' title='bbox 163 2666 379 2709; x_wconf 82' lang='lat' dir='ltr'><strong>secundaque</strong></span> <span class='ocrx_word' id='word_1_381' title='bbox 399 2668 499 2700; x_wconf 84' lang='lat' dir='ltr'><strong>codd.</strong></span> <span class='ocrx_word' id='word_1_382' title='bbox 519 2669 560 2700; x_wconf 91' lang='lat' dir='ltr'><strong>P.</strong></span> <span class='ocrx_word' id='word_1_383' title='bbox 580 2670 659 2704; x_wconf 73' lang='lat'><strong>2720.</strong></span> <span class='ocrx_word' id='word_1_384' title='bbox 808 2671 848 2704; x_wconf 81' lang='lat'><strong>18</strong></span> <span class='ocrx_word' id='word_1_385' title='bbox 866 2681 940 2703; x_wconf 79' lang='lat' dir='ltr'><strong>xun</strong></span> <span class='ocrx_word' id='word_1_386' title='bbox 959 2681 1035 2712; x_wconf 80' lang='lat' dir='ltr'><strong>egO,</strong></span> <span class='ocrx_word' id='word_1_387' title='bbox 1056 2681 1115 2702; x_wconf 78' lang='lat' dir='ltr'><strong>vm</strong></span> <span class='ocrx_word' id='word_1_388' title='bbox 1135 2670 1234 2703; x_wconf 78' lang='lat' dir='ltr'><strong>codd.</strong></span> <span class='ocrx_word' id='word_1_389' title='bbox 1378 2672 1545 2713; x_wconf 82' lang='lat' dir='ltr'><strong>vtegione</strong></span> <span class='ocrx_word' id='word_1_390' title='bbox 1563 2683 1638 2715; x_wconf 81' lang='lat' dir='ltr'><strong>ego,</strong></span> 
     </span>
     <span class='ocr_line' id='line_1_40' title="bbox 161 2719 1502 2763; baseline 0.004 -13"><span class='ocrx_word' id='word_1_391' title='bbox 161 2729 182 2749; x_wconf 74' lang='lat' dir='ltr'>v</span> <span class='ocrx_word' id='word_1_392' title='bbox 196 2719 348 2760; x_wconf 81' lang='lat' dir='ltr'><strong>legiones</strong></span> <span class='ocrx_word' id='word_1_393' title='bbox 367 2731 388 2752; x_wconf 86' lang='lat' dir='ltr'><strong>a</strong></span> <span class='ocrx_word' id='word_1_394' title='bbox 409 2721 449 2760; x_wconf 84' lang='lat' dir='ltr'><strong>b,·</strong></span> <span class='ocrx_word' id='word_1_395' title='bbox 467 2732 488 2753; x_wconf 78' lang='lat' dir='ltr'>v</span> <span class='ocrx_word' id='word_1_396' title='bbox 501 2721 690 2762; x_wconf 86' lang='lat' dir='ltr'><strong>legionibus</strong></span> <span class='ocrx_word' id='word_1_397' title='bbox 709 2733 744 2754; x_wconf 78' lang='lat' dir='ltr'><strong>u.</strong></span> <span class='ocrx_word' id='word_1_398' title='bbox 909 2723 948 2756; x_wconf 87' lang='lat'><strong>19</strong></span> <span class='ocrx_word' id='word_1_399' title='bbox 967 2723 1008 2754; x_wconf 89' lang='lat' dir='ltr'><strong>ad</strong></span> <span class='ocrx_word' id='word_1_400' title='bbox 1026 2733 1047 2754; x_wconf 84' lang='lat' dir='ltr'><strong>a</strong></span> <span class='ocrx_word' id='word_1_401' title='bbox 1066 2723 1084 2755; x_wconf 88' lang='grc'><strong>3</strong></span> <span class='ocrx_word' id='word_1_402' title='bbox 1105 2722 1191 2754; x_wconf 74' lang='lat' dir='ltr'><strong>dett.</strong></span> <span class='ocrx_word' id='word_1_403' title='bbox 1206 2748 1216 2763; x_wconf 84' lang='lat'><em>,</em></span> <span class='ocrx_word' id='word_1_404' title='bbox 1237 2728 1314 2754; x_wconf 86' lang='lat' dir='ltr'><strong>ante</strong></span> <span class='ocrx_word' id='word_1_405' title='bbox 1332 2723 1449 2755; x_wconf 79' lang='lat' dir='ltr'><strong>Aldus</strong></span> <span class='ocrx_word' id='word_1_406' title='bbox 1465 2734 1502 2755; x_wconf 81' lang='lat' dir='ltr'><strong>u.</strong></span> 
     </span>
     <span class='ocr_line' id='line_1_41' title="bbox 163 2769 1645 2815; baseline 0.005 -15"><span class='ocrx_word' id='word_1_407' title='bbox 163 2769 305 2812; x_wconf 83' lang='lat' dir='ltr'><strong>cornua]</strong></span> <span class='ocrx_word' id='word_1_408' title='bbox 326 2781 345 2802; x_wconf 87' lang='lat' dir='ltr'><strong>a</strong></span> <span class='ocrx_word' id='word_1_409' title='bbox 363 2770 446 2802; x_wconf 79' lang='lat' dir='ltr'><strong>add.</strong></span> <span class='ocrx_word' id='word_1_410' title='bbox 466 2781 487 2802; x_wconf 91' lang='grc' dir='ltr'><em>α</em></span> <span class='ocrx_word' id='word_1_411' title='bbox 507 2772 537 2803; x_wconf 88' lang='lat' dir='ltr'><strong>b.</strong></span> <span class='ocrx_word' id='word_1_412' title='bbox 687 2773 729 2806; x_wconf 77' lang='lat'><strong>24</strong></span> <span class='ocrx_word' id='word_1_413' title='bbox 750 2782 918 2815; x_wconf 87' lang='lat' dir='ltr'><strong>nunquam</strong></span> <span class='ocrx_word' id='word_1_414' title='bbox 937 2772 1000 2815; x_wconf 83' lang='lat' dir='ltr'><strong>(a).</strong></span> <span class='ocrx_word' id='word_1_415' title='bbox 1144 2774 1185 2807; x_wconf 70' lang='grc'><strong>25</strong></span> <span class='ocrx_word' id='word_1_416' title='bbox 1207 2774 1316 2805; x_wconf 89' lang='lat' dir='ltr'><strong>locum</strong></span> <span class='ocrx_word' id='word_1_417' title='bbox 1335 2784 1452 2806; x_wconf 86' lang='lat' dir='ltr'><strong>nomen</strong></span> <span class='ocrx_word' id='word_1_418' title='bbox 1472 2784 1506 2815; x_wconf 83' lang='lat' dir='ltr'><strong>a,</strong></span> <span class='ocrx_word' id='word_1_419' title='bbox 1527 2785 1645 2807; x_wconf 86' lang='lat' dir='ltr'><strong>nomen</strong></span> 
     </span>
     <span class='ocr_line' id='line_1_42' title="bbox 162 2820 1642 2868; baseline 0.006 -17"><span class='ocrx_word' id='word_1_420' title='bbox 162 2820 339 2864; x_wconf 80' lang='lat' dir='ltr'><strong>locumque</strong></span> <span class='ocrx_word' id='word_1_421' title='bbox 356 2822 434 2854; x_wconf 79' lang='lat' dir='ltr'><strong>edd.</strong></span> <span class='ocrx_word' id='word_1_422' title='bbox 574 2823 755 2855; x_wconf 86' lang='lat' dir='ltr'><strong>uictoriam</strong></span> <span class='ocrx_word' id='word_1_423' title='bbox 768 2830 897 2867; x_wconf 87' lang='lat' dir='ltr'><strong>partam</strong></span> <span class='ocrx_word' id='word_1_424' title='bbox 913 2835 945 2856; x_wconf 81' lang='lat' dir='ltr'><strong>a.</strong></span> <span class='ocrx_word' id='word_1_425' title='bbox 1087 2826 1128 2860; x_wconf 74' lang='lat'><strong>26</strong></span> <span class='ocrx_word' id='word_1_426' title='bbox 1142 2826 1295 2858; x_wconf 75' lang='lat' dir='ltr'><strong>exercitu</strong></span> <span class='ocrx_word' id='word_1_427' title='bbox 1308 2837 1340 2868; x_wconf 69' lang='lat' dir='ltr'><strong>a,</strong></span> <span class='ocrx_word' id='word_1_428' title='bbox 1363 2827 1550 2859; x_wconf 77' lang='lat' dir='ltr'><strong>exercitum</strong></span> <span class='ocrx_word' id='word_1_429' title='bbox 1564 2828 1642 2860; x_wconf 76' lang='lat' dir='ltr'><strong>edd.</strong></span> 
     </span>
    </p>

    <p class='ocr_par' dir='ltr' id='par_1_17' title="bbox 302 2873 787 2915">
     <span class='ocr_line' id='line_1_43' title="bbox 302 2873 787 2915; baseline -0.002 -8"><span class='ocrx_word' id='word_1_430' title='bbox 302 2873 463 2915; x_wconf 73' lang='lat' dir='ltr'><strong>27circa]</strong></span> <span class='ocrx_word' id='word_1_431' title='bbox 484 2878 601 2906; x_wconf 88' lang='lat' dir='ltr'><strong>contra</strong></span> <span class='ocrx_word' id='word_1_432' title='bbox 619 2884 639 2906; x_wconf 81' lang='grc' dir='ltr'><strong>(ι</strong></span> <span class='ocrx_word' id='word_1_433' title='bbox 662 2875 787 2908; x_wconf 70' lang='lat' dir='ltr'><strong>&#39;&#39;Lei&#39;cL&#39;</strong></span> 
     </span>
    </p>
   </div>
  </div>
 </body>
</html>
