1835 3240
622 149 807 193 COMM.
831 148 850 192 I
881 148 1006 192 CAP.
1030 149 1230 192 43—44.
1658 152 1741 197 283

183 266 282 321 quod
304 279 400 306 uero
424 265 471 305 ad
494 265 705 305 amicitiam
728 265 857 319 populi
872 264 1042 305 Romani
1064 264 1314 314 adtulissent,
1340 265 1377 304 id
1400 266 1446 305 iis
1470 267 1566 319 eripi
1581 268 1666 320 quis

182 334 261 387 pati
292 334 455 387 posset?
503 332 729 374 Postulauit
751 333 890 373 deinde
912 333 1072 382 eadem,
1108 345 1206 385 quae
1236 333 1377 386 legatis
1408 333 1447 371 in
1473 336 1665 375 mandatis
1688 336 1714 376 9

182 403 359 448 dederat,
385 415 433 442 ne
455 408 522 442 aut
543 401 718 442 Haeduis
741 408 808 440 aut
830 414 964 440 eorum
985 400 1105 440 sociis
1126 400 1268 440 bellum
1292 400 1486 450 inferret3
1512 400 1667 442 obsides

181 470 389 519 redderet3
415 469 447 508 si
471 468 613 508 nullam
636 475 786 520 partem
801 465 1091 507 Germanorum
1114 468 1266 508 domum
1291 468 1494 508 remittere
1517 475 1665 521 posset,

136 546 154 576 5
177 544 218 578 at
238 551 286 577 ne
310 550 407 590 quos
430 537 593 590 amplius
615 536 800 575 Rhenum
822 535 995 575 transire
1018 542 1233 588 pateretur.
1276 535 1505 576 Ariouistus
1528 536 1575 575 ad
1597 549 1664 589 po·
1686 537 1744 581 44

181 604 329 644 stulata
351 601 538 644 Caesaris
562 617 684 658 pauca
706 603 934 657 respondit,
960 603 1007 643 de
1029 603 1111 643 suis
1135 603 1347 643 uirtutibus
1370 603 1490 643 multa
1514 603 1670 657 praedi-

181 673 309 712 cauit:
341 671 557 712 Transisse
588 670 770 711 Rhenum
800 685 889 712 sese
921 685 1000 710 non
1030 684 1105 710 sua»
1132 678 1296 724 sponte,
1330 671 1399 711 sed
1427 677 1608 725 rogatum
1630 678 1670 711 et
1690 672 1717 713 2

180 740 415 780 arcessitum
437 753 459 778 a
482 736 633 790 Gallis3
665 753 743 778 non
773 740 861 779 sine
891 752 1032 793 magna
1053 751 1122 792 spe
1144 738 1375 791 magnisque
1396 738 1580 791 praemiis
1602 739 1670 779 do-

180 822 283 848 mum
306 808 622 861 propinquosque
644 807 876 859 reliquisse:
902 807 1016 847 sedes
1041 805 1186 846 habere
1208 805 1247 845 in
1260 804 1390 846 Gallia
1405 806 1451 846 ab
1466 806 1561 860 ipsis
1575 820 1669 847 con-

107 883 148 915 ⁴10
181 889 331 925 cessas,
362 875 518 915 obsides
540 875 713 928 ipsorum
734 874 938 915 uoluntate
967 874 1106 923 datos;
1141 873 1376 927 stipendium
1410 888 1550 927 capere
1580 874 1669 914 iure

179 943 286 993 belli,
312 944 414 996 quod
436 944 609 983 uictores
642 942 759 983 uictis
790 943 982 996 inponere
1004 941 1249 982 consuerint.
1293 941 1389 981 Non
1411 955 1499 982 sese
1523 940 1665 993 Gallis,
1689 941 1714 982 3

179 1012 248 1051 sed
271 1009 407 1052 Gallos
430 1010 504 1051 sibi
527 1010 667 1051 belluni
691 1010 898 1050 intulisse:
925 1023 1060 1049 omnes
1084 1007 1239 1049 Galliae
1261 1009 1443 1049 ciuitates
1466 1009 1513 1049 ad
1535 1023 1577 1049 se
1601 1024 1669 1064 op-

180 1079 428 1134 pugnandum
460 1079 620 1119 uenisse
650 1092 694 1117 ac
718 1085 856 1118 contra
877 1091 922 1118 se
951 1084 1084 1118 castra
1106 1077 1318 1127 habuisse3
1353 1090 1420 1117 eas
1443 1091 1579 1117 omnes
1602 1092 1669 1117 co·

180 1148 262 1202 pias
284 1161 305 1188 a
328 1161 371 1188 se
393 1161 469 1187 uno
492 1146 641 1200 proelio
664 1145 796 1201 pulsas
819 1159 864 1186 ac
886 1152 1092 1200 superatas
1115 1159 1220 1186 esse.
1259 1144 1303 1185 Si
1325 1145 1470 1185 iterum
1493 1145 1669 1199 experiri
1689 1144 1716 1185 4

108 1223 145 1255 15
179 1216 325 1265 uelint,
360 1228 403 1256 se
425 1215 567 1255 iterum
591 1220 769 1268 paratum
792 1227 882 1254 esse
905 1214 1133 1264 decertare3
1167 1213 1201 1254 si
1224 1227 1319 1266 pace
1342 1214 1397 1253 uti
1420 1213 1566 1263 uelint,
1592 1212 1669 1253 ini-

180 1297 298 1336 quum
321 1296 410 1323 esse
432 1282 478 1323 de
501 1282 696 1335 stipendio
717 1295 923 1331 recusare,
949 1282 1051 1335 quod
1072 1295 1144 1322 sua
1166 1281 1372 1322 uoluntate
1392 1281 1489 1321 adid
1514 1288 1668 1335 tempus

180 1351 450 1404 pependerint.
503 1350 729 1390 Amicitiam
762 1350 892 1403 populi
914 1348 1085 1389 Romani
1106 1349 1180 1389 sihi
1203 1356 1436 1390 ornamento
1459 1356 1498 1389 et
1518 1348 1669 1403 praesi-
1690 1346 1715 1388 5

181 1419 266 1468 dio,
303 1432 382 1458 non
415 1417 651 1458 detrimento
684 1431 772 1458 esse
803 1424 1012 1470 oportere,
1047 1416 1161 1469 idque
1192 1431 1234 1457 se
1258 1430 1304 1456 ea
1325 1431 1394 1470 spe
1416 1417 1578 1470 petisse.
1623 1413 1668 1457 Si

180 1500 250 1539 per
279 1487 463 1539 populum
493 1484 715 1526 Romanum
748 1485 981 1539 stipendium
1012 1485 1236 1525 remittatur
1258 1491 1298 1524 et
1319 1484 1491 1525 dediticii
1513 1484 1669 1525 subtra-

103 1560 146 1594 20
179 1554 337 1602 hantur,
374 1568 453 1594 non
474 1554 602 1593 minus
624 1554 794 1594 libenter
816 1567 907 1593 sese
928 1560 1202 1593 recusaturum
1225 1553 1355 1607 populi
1377 1552 1550 1593 Romani
1571 1552 1667 1592 ami-

180 1620 326 1671 citiam,
351 1635 466 1674 quam
489 1621 710 1675 adpetierit.
747 1618 862 1673 Quod
883 1620 1171 1661 multitudinem
1194 1619 1485 1661 Germanorum
1508 1620 1548 1659 in
1571 1618 1667 1660 Gal-
1687 1617 1715 1660 6

176 1688 268 1728 liam
292 1689 486 1739 traducat,
511 1689 550 1728 id
571 1703 615 1729 se
638 1690 698 1729 sui
720 1689 945 1739 muniendi,
972 1702 1051 1729 non
1073 1686 1225 1728 Galliae
1247 1689 1526 1744 inpugnandae
1549 1701 1670 1729 causa

177 1757 333 1797 faeere:
370 1756 454 1797 eius
475 1757 533 1797 rei
557 1756 826 1797 testimonium
848 1769 937 1797 esse
952 1786 962 1805 ,
996 1757 1097 1809 quod
1120 1756 1195 1796 nisi
1218 1764 1381 1811 rogatus
1410 1770 1488 1795 non
1512 1756 1667 1796 uenerit

177 1831 217 1864 et
237 1825 339 1877 quod
359 1824 501 1865 bellum
524 1839 604 1865 non
625 1824 828 1874 intulerit,
853 1824 924 1865 sed
946 1824 1181 1865 defenderit.
1226 1821 1280 1865 Se
1303 1825 1411 1878 prius
1433 1824 1474 1864 in
1497 1822 1666 1864 Galliam
1686 1822 1714 1864 7

102 1899 143 1932 25
177 1892 335 1932 uenisse
367 1906 480 1945 quam
512 1893 695 1947 populum
725 1891 965 1933 Romanuin.
1017 1891 1243 1945 Numquam
1283 1901 1375 1934 ante
1406 1893 1480 1933 hoc
1513 1900 1666 1946 tempus

177 1960 396 2000 exercitum
437 1962 566 2015 populi
608 1960 779 2001 Romani
814 1960 969 2001 Galliae
1001 1961 1230 2014 prouinciae
1262 1961 1404 2001 finibus
1438 1973 1663 2014 egressum.

178 2025 282 2079 Quid
304 2028 377 2068 sibi
401 2029 548 2079 uellet,
579 2042 648 2069 cur
676 2029 716 2069 in
747 2042 839 2069 suas
869 2029 1145 2083 possessiones
1175 2028 1362 2069 ueniret?
1409 2027 1668 2070 Prouinciam
1688 2026 1716 2068 8

320 2178 333 2210 1
354 2178 513 2221 populum
532 2178 570 2210 R.
590 2179 634 2210 D.
756 2179 965 2211 adtulissent
981 2179 1055 2220 As.
1174 2179 1209 2210 id
1226 2179 1279 2210 his
1298 2178 1370 2210 AB
1390 2178 1495 2220 longe
1511 2177 1671 2220 plurimi

175 2229 393 2270 Schneiderz',
414 2230 447 2261 id
466 2239 484 2262 a
504 2240 540 2262 se
550 2231 589 2272 f.
725 2231 746 2264 2
764 2231 886 2263 deinde
907 2241 975 2263 om.
991 2232 1087 2262 ‘mss.
1111 2230 1163 2263 11'
1181 2234 1219 2263 et
1235 2241 1282 2263 m.
1298 2241 1358 2273 pr.
1379 2231 1423 2263 B.
1542 2230 1561 2262 6
1578 2228 1666 2272 suis]

176 2280 309 2323 quidem
328 2280 459 2323 add.f.
579 2281 598 2314 7
616 2281 768 2313 Rhenum
787 2292 856 2314 om.
878 2284 937 2325 ef.
1058 2291 1136 2313 sese
1156 2291 1225 2313 om.
1242 2282 1281 2323 s.
1398 2281 1416 2313 9
1437 2290 1605 2313 concessa
1625 2280 1666 2313 C.

320 2331 356 2364 11
377 2332 540 2375 inponere
560 2333 670 2375 ABs.
847 2334 889 2368 12
907 2334 1168 2376 expugnandum
1190 2333 1237 2364 be
1252 2332 1323 2373 df.
1490 2333 1528 2365 13
1549 2341 1666 2364 omnes

177 2392 253 2413 cum
272 2387 405 2425 puncto
423 2385 487 2415 sub
508 2395 524 2416 e
544 2388 578 2416 et
598 2385 608 2415 i
625 2395 787 2426 supr-asc.
808 2385 850 2416 B.
987 2386 1029 2418 14
1054 2396 1074 2417 a
1100 2396 1137 2418 se
1162 2386 1195 2417 in
1215 2385 1344 2428 proelio
1364 2386 1409 2416 D.
1550 2384 1667 2427 pulsas

175 2436 246 2467 AB
260 2437 328 2468 CD
340 2438 387 2475 E,
408 2438 502 2470 fusas
518 2438 572 2479 bf
583 2441 619 2469 et
636 2440 671 2469 in
689 2448 805 2479 marg.
826 2448 874 2469 m.
895 2449 963 2469 sec.
985 2439 1028 2470 B.
1171 2439 1322 2480 experiri
1340 2437 1472 2469 uellent
1491 2439 1528 2468 in
1546 2447 1661 2478 marg.

175 2496 242 2517 sce.
256 2497 300 2518 m.
316 2488 359 2519 B.
441 2490 480 2522 15
494 2500 529 2521 se
542 2490 663 2521 iterum
679 2495 834 2532 paratum
851 2500 926 2521 esse
939 2491 971 2522 A
985 2490 1107 2530 CDE,
1127 2500 1163 2522 se
1177 2491 1299 2522 iterum
1311 2495 1465 2532 paratum
1479 2490 1520 2529 B,
1540 2500 1577 2522 se
1595 2499 1652 2532 pa-

178 2538 326 2578 ratumf.
421 2550 504 2582 pace
517 2540 582 2583 uti]
596 2552 711 2583 pacem
722 2542 779 2583 ef.
876 2541 1020 2581 uellent,
1036 2541 1187 2583 iniquum
1200 2542 1240 2581 Ε,·
1261 2542 1415 2578 mallent,
1430 2541 1581 2582 iniquum
1600 2541 1657 2582 es.

285 2589 324 2620 17
343 2592 586 2633 perpenderint
601 2593 683 2633 DE,
705 2593 932 2635 dependerint
953 2592 980 2624 C
993 2594 1008 2623 ?
1028 2592 1045 2623 b
1058 2603 1074 2622 6
1087 2592 1139 2633 ef
1151 2596 1189 2624 et
1203 2603 1250 2623 m.
1265 2602 1333 2622 sec.
1347 2594 1383 2623 in
1401 2601 1518 2633 marg.
1538 2591 1581 2622 B.

181 2637 220 2669 18
238 2637 336 2680 idque
356 2650 391 2672 se
412 2651 451 2673 ea
469 2642 542 2684 spe]
562 2643 663 2684 idque
683 2654 719 2675 se
739 2644 800 2675 hac
820 2654 878 2686 spe
896 2645 940 2682 A,
962 2643 994 2674 id
1014 2653 1075 2686 per
1093 2653 1129 2675 se
1149 2653 1188 2674 ae
1208 2653 1310 2685 saepe
1333 2644 1362 2674 b.
1503 2642 1543 2675 21
1566 2642 1667 2684 adpe-

182 2689 277 2720 tierit
302 2693 333 2723 Α
346 2692 375 2723 Β
388 2717 396 2730 ,
417 2695 453 2724 in
472 2705 540 2736 quo
554 2698 729 2736 punctum
747 2696 811 2728 sub
831 2696 850 2727 d
869 2698 904 2727 et
927 2706 946 2737 p
971 2705 1150 2736 supra-se„
1173 2696 1205 2727 D
1219 2695 1290 2736 Es.
1414 2694 1457 2727 22
1476 2693 1526 2735 se]
1548 2692 1664 2726 facere

179 2740 261 2772 mlcl.
285 2742 322 2773 (7.
455 2745 706 2788 (inpugnandae
726 2748 769 2788 B)
789 2748 1036 2791 oppugnandae
1057 2748 1088 2779 b.
1231 2747 1275 2781 23
1294 2747 1491 2779 testimonio
1513 2747 1568 2778 C?
1586 2746 1672 2787 bclf

181 2796 217 2824 0¹5
233 2804 278 2825 m.
292 2805 359 2825 ⁸00·
373 2795 413 2826 B·
577 2800 619 2832 25
640 2811 819 2841 numquam
838 2802 870 2833 A
881 2801 952 2842 DJ,
973 2810 1143 2842 nunqnam
1163 2799 1237 2842 (B).
1409 2799 1451 2833 213
1472 2800 1555 2830 fines
1575 2799 1662 2840 des.

324 2846 511 2886 ingressum
532 2851 593 2891 es.
703 2851 743 2884 27
766 2852 842 2892 quid
865 2851 946 2893 sibi]
968 2853 1054 2893 quod
1077 2853 1104 2883 si
1125 2853 1167 2883 A.
1279 2851 1352 2893 cur]
1374 2851 1459 2893 quod
1479 2861 1597 2893 vhpr.
1621 2853 1662 2884 (¹.
