1835 3240
87 151 171 194 630
611 148 786 192 BELLI
806 145 1213 190 ALEXANDRINI

115 263 143 306 6
164 264 291 305 classe
320 263 486 305 hostium
518 260 672 305 Caesar
702 262 848 317 potitus
881 267 1002 301 esset.
1053 260 1140 302 Hac
1171 261 1393 304 calamitate
1423 263 1645 318 perterritis

162 330 341 373 hostibus
372 332 542 372 aduerso
574 337 693 372 uento
724 329 868 370 leniter
896 330 1014 370 flante
1035 343 1158 370 naues
1181 330 1382 371 onerarias
1405 328 1559 372 Caesar
1580 345 1642 371 re·

89 397 141 444 12
160 399 287 440 mulco
309 399 499 440 uictribus
521 398 601 439 suis
623 396 790 437 nauibus
811 397 1097 438 Alexandriam
1119 397 1289 437 deducit.
1322 397 1383 438 Eo
1405 399 1640 440 detrimento

160 467 260 508 adeo
283 475 375 508 sunt
396 467 507 508 fracti
521 464 802 514 Alexandrini,
827 479 911 505 cum
934 464 1010 506 iam
1033 479 1112 505 non
1134 465 1281 506 uirtute
1295 475 1640 521 propugnatorum,

159 536 229 576 sed
250 535 416 576 scientia
439 532 728 574 classiariorum
752 546 795 573 se
816 532 943 573 uictos
967 533 1159 580 uiderent,
1185 532 1322 585 quibus
1339 563 1487 576 ......
1513 543 1552 576 et
1573 550 1639 578 su-

161 602 380 657 perioribus
402 602 501 642 locis
523 600 856 651 subleuabantur,
879 607 922 640 ut
943 615 996 642 ex
1017 601 1204 642 aedificiis
1227 601 1382 641 defendi
1403 610 1580 655 possent,
1603 611 1643 645 et

160 670 363 711 materiam
387 676 568 710 cunctam
591 669 818 719 obicerent,
843 668 946 722 quod
968 676 1129 710 nostrae
1152 669 1290 709 classis
1313 670 1641 724 oppugnationem

113 736 142 779 2
162 738 278 779 etiam
310 737 357 777 ad
390 744 534 777 terram
557 737 812 778 uerebantur.
870 735 1004 788 Idem,
1037 744 1290 791 posteaquam
1321 735 1572 792 Ganymedes
1602 739 1644 778 in

163 805 327 846 concilio
350 805 596 846 confirmauit
616 819 705 846 sese
728 812 766 846 et
785 818 869 856 eaS,
893 818 992 859 quae
1005 812 1140 846 essent
1161 805 1344 855 amissae,
1369 805 1643 846 restituturum

161 879 202 913 et
223 886 426 913 numerum
459 873 741 924 adaucturum,
774 887 916 927 magna
947 886 1016 927 spe
1050 880 1090 914 et
1120 873 1262 913 fiducia
1291 879 1448 913 ueteres
1478 874 1642 915 reficere

160 953 283 981 naues
305 941 609 995 accuratiusque
642 942 730 982 huic
752 941 809 982 rei
831 941 990 983 studere
1011 948 1127 995 atque
1149 941 1347 981 inseruire
1368 941 1639 982 instituerunt.

113 1006 138 1049 3
160 1008 221 1049 Ac
242 1009 398 1049 tametsi
421 1009 586 1063 amplius
608 1016 669 1050 CX
689 1010 856 1050 nauibus
889 1009 1018 1063 longis
1046 1009 1086 1050 in
1108 1016 1225 1063 portu
1247 1009 1528 1062 naualibusque
1548 1010 1645 1050 ami-

159 1083 323 1127 serant,
362 1083 489 1118 tamen
521 1078 764 1132 reparandae
795 1077 933 1118 classis
955 1077 1234 1132 cogitationem
1258 1091 1337 1118 non
1360 1077 1639 1131 deposuerunt.

158 1142 359 1186 Videbant
389 1145 492 1185 enim
524 1160 602 1186 non
634 1145 782 1186 auxilia
813 1142 1006 1193 Caesari,
1039 1159 1118 1185 non
1150 1151 1391 1185 commeatus
1422 1145 1645 1198 subportari

112 1211 139 1252 4
161 1226 295 1266 posse,
319 1213 352 1253 si
376 1214 502 1253 classe
524 1213 599 1267 ipsi
622 1214 826 1254 ualerent:
851 1220 1059 1267 praeterea
1081 1213 1227 1252 nautici
1249 1212 1452 1262 homines,
1476 1212 1583 1252 urbis
1606 1219 1645 1253 et

159 1280 336 1333 regionis
359 1281 577 1321 maritimae
600 1281 876 1334 cotidianoque
898 1294 972 1321 usu
994 1294 1015 1320 a
1037 1280 1170 1334 pueris
1194 1280 1431 1330 exercitati,
1462 1279 1509 1320 ad
1532 1286 1645 1319 natu·

159 1348 243 1388 rale
265 1361 310 1387 ac
333 1348 587 1389 domesticum
609 1348 751 1389 bonum
773 1349 960 1402 refugere
982 1347 1212 1402 cupiebant3
1238 1355 1277 1388 et
1299 1355 1483 1401 quantum
1502 1361 1645 1401 paruu-

157 1414 206 1456 lis
228 1416 399 1470 nauigiis
420 1415 696 1471 profecissent,
722 1416 970 1457 sentiebant:
995 1416 1129 1470 itaque
1151 1415 1257 1456 omni
1279 1415 1409 1456 studio
1431 1416 1479 1456 ad
1501 1429 1643 1470 paran-

81 1483 135 1528 13
156 1483 241 1524 dam
276 1484 443 1525 classem
476 1485 754 1526 incubuerunt.
812 1483 943 1525 Erant
974 1484 1153 1525 omnibus
1185 1484 1298 1525 ostiis
1327 1482 1414 1524 Nili
1445 1483 1645 1524 custodiae

159 1552 345 1607 exigendi
368 1553 533 1607 portorii
556 1567 676 1594 causa
698 1553 926 1609 dispositae.
970 1551 1112 1594 Naues
1134 1559 1291 1593 ueteres
1315 1559 1430 1593 erant
1449 1552 1491 1592 in
1513 1552 1646 1592 occul-

157 1620 210 1662 tis
233 1621 367 1676 regiae
380 1621 604 1672 naualibus,
630 1622 769 1676 quibus
784 1622 916 1663 multis
939 1622 1053 1663 annis
1076 1621 1123 1661 ad
1145 1621 1408 1675 nauigandum
1431 1634 1509 1661 non
1531 1627 1646 1660 erant

110 1688 138 1729 2
159 1689 234 1730 usi.
279 1689 361 1730 Has
383 1690 628 1741 reficiebant,
652 1691 740 1732 illas
762 1690 1049 1732 Alexandriam
1073 1689 1328 1730 reuocabant.
1381 1687 1563 1729 Deerant
1581 1700 1644 1727 re-

155 1757 234 1798 mi:
258 1758 434 1811 porticus
450 1789 460 1808 ‚
486 1759 688 1812 gymnasia
706 1790 716 1809 ‚
741 1758 894 1812 publica
915 1758 1093 1799 aedificia
1115 1757 1374 1811 detegebant3
1400 1769 1557 1797 asseres
1579 1769 1643 1796 re-

157 1839 309 1865 morum
333 1840 444 1866 usum
468 1826 718 1867 obtinebant:
744 1827 840 1868 aliut
861 1826 1052 1867 naturalis
1074 1825 1252 1875 solertia,
1277 1824 1384 1865 aliud
1405 1824 1512 1865 urbis
1528 1824 1644 1879 copia

111 1891 137 1933 3
159 1893 498 1934 subministrabat.
550 1892 758 1935 Postremo
798 1909 878 1935 non
919 1895 1075 1948 longam
1107 1894 1397 1948 nauigationem
1437 1891 1642 1947 parabant,

157 1961 227 2002 sed
249 1962 470 2016 praesentis
492 1963 680 2017 temporis
702 1962 929 2004 necessitati
952 1962 1181 2003 seruiebant
1202 1969 1241 2002 et
1261 1962 1302 2002 in
1323 1961 1408 2015 ipso
1422 1967 1538 2014 portu
1550 1973 1644 2000 con-

156 2029 365 2083 fligendum
388 2030 591 2071 uidebant.
644 2029 783 2085 Itaque
814 2030 948 2085 paucis
981 2030 1114 2071 diebus
1137 2037 1276 2071 contra
1298 2030 1470 2070 omnium
1493 2027 1644 2082 opinio-

109 2097 135 2138 4
157 2111 245 2139 nem
267 2098 535 2152 quadriremes
556 2105 655 2140 XXII
670 2131 680 2149 ,
706 2100 1006 2153 quinqueremes
1028 2105 1058 2139 V
1080 2100 1361 2148 confecerunt3
1393 2097 1440 2138 ad
1473 2096 1544 2136 has
1573 2095 1644 2135 mi-

157 2179 276 2208 nores
299 2174 533 2221 apertasque
565 2168 786 2221 complures
819 2168 1050 2208 adiecerunt
1080 2174 1120 2208 et
1148 2167 1188 2207 in
1211 2173 1327 2222 portu
1349 2163 1559 2219 periclitati
1579 2176 1642 2203 re-

157 2234 301 2288 migi0,
328 2235 418 2288 quid
441 2249 618 2289 quaeque
641 2249 774 2276 earum
800 2237 953 2276 efficere
976 2242 1136 2290 posset,
1170 2235 1335 2275 idoneos
1356 2232 1499 2273 milites
1520 2231 1642 2285 impo-

298 2339 318 2371 2
337 2339 488 2379 remulgo
508 2350 527 2371 a
544 2340 575 2372 b.
730 2341 748 2371 4
769 2345 992 2382 pugnatorum
1012 2340 1044 2371 b.
1200 2339 1217 2371 5
1239 2338 1405 2369 lacunam
1419 2338 1502 2377 post
1521 2335 1642 2377 quibus

155 2391 292 2431 notaui,
313 2394 396 2422 ante
415 2391 536 2433 quibus
555 2393 836 2433 signz'ficauerat
849 2392 1035 2424 Davisius.
1186 2391 1206 2424 8
1223 2391 1311 2422 idem
1331 2399 1352 2421 α
1370 2391 1406 2419 et
1423 2390 1475 2418 sic
1496 2388 1543 2418 ‘et
1560 2387 1642 2419 item

154 2452 239 2474 mss.
259 2445 295 2473 et
312 2442 390 2475 edd.
410 2442 520 2484 qdd.’‚
542 2443 642 2475 iidem
662 2454 696 2475 u.
885 2444 903 2476 9
922 2448 960 2476 ut
978 2454 1037 2476 eas
1056 2453 1076 2475 a
1089 2443 1120 2475 b.
1326 2441 1367 2473 10
1385 2440 1586 2471 adacturum
1605 2449 1638 2470 α.

300 2493 341 2526 12
358 2504 399 2525 cx
418 2495 531 2526 Aldus
550 2496 626 2535 (sed
643 2495 807 2536 litteris),
829 2506 870 2528 ex
890 2506 911 2527 a
931 2496 1028 2527 ‘mss.
1048 2493 1218 2536 aliquot&
1375 2492 1565 2523 amiserant
1580 2491 1644 2523 Al-

155 2543 232 2585 dus,
253 2544 419 2577 miserant
435 2556 455 2577 a
477 2548 573 2578 ’τηε-ς.
594 2545 637 2578 5'.
883 2547 923 2580 13
943 2557 1009 2579 non
1025 2549 1110 2588 post
1127 2543 1369 2586 cogitationem
1383 2546 1489 2586 ponit
1506 2553 1538 2583 α,
1559 2545 1642 2574 ante

153 2602 266 2629 tamen
285 2597 401 2629 Aldus
419 2601 455 2629 et
471 2608 546 2639 sqq.
566 2598 729 2640 (priores
747 2598 848 2640 om.).
990 2598 1220 2641 deposuerant
1235 2605 1256 2627 a
1270 2595 1300 2627 b.
1445 2595 1486 2628 14
1498 2594 1641 2627 Caesari

153 2650 205 2692 (a)
223 2649 435 2692 Stephanus,
458 2649 619 2682 Caesaris
641 2652 736 2682 ‘msa
758 2650 902 2683 omnes'.
1067 2648 1260 2690 subportari
1279 2658 1313 2679 α.
1484 2647 1524 2679 16
1544 2651 1643 2678 natu-

154 2702 260 2734 ralem
280 2712 314 2733 a.
503 2702 544 2734 18
563 2702 789 2744 reparandam
809 2702 841 2733 b.
1031 2699 1073 2734 20
1092 2699 1236 2742 portarii
1257 2699 1353 2730 ‘mss.
1374 2697 1487 2741 quid.’
1505 2702 1540 2730 et
1556 2701 1642 2730 ante

154 2764 247 2786 corr.
268 2764 303 2785 α.
443 2753 485 2786 23
504 2753 662 2794 ginnasia
678 2764 712 2785 α.
858 2752 995 2795 publica
1013 2751 1171 2784 aedificia
1189 2762 1209 2783 α
1229 2751 1306 2783 edd.
1326 2754 1409 2783 ante
1426 2750 1525 2791 Ald„
1547 2750 1642 2782 aedi-

155 2806 233 2838 ficia
252 2805 386 2848 publica
397 2805 513 2839 Aldus
531 2815 568 2836 u.
731 2805 774 2837 24
793 2814 856 2837 usu
876 2804 908 2836 b.
1062 2803 1284 2844 aliutpriore
1303 2803 1380 2836 loco
1397 2813 1431 2835 α.
1573 2801 1640 2834 sol-

155 2857 256 2889 lertia
274 2867 306 2889 α.
447 2857 489 2891 25
508 2856 725 2889 ministrabat
745 2857 777 2888 b.
917 2856 959 2890 29
979 2865 1077 2899 quam
1096 2855 1210 2900 plures
1230 2857 1260 2888 b.

1676 881 1717 914 10

1679 1219 1718 1252 15

1674 1558 1718 1592 20

1675 2237 1717 2270 30
