1835 3240
101 190 185 235 742
623 190 793 234 BELLI
814 191 1216 236 HISPANIENSIS

176 310 285 344 terea
312 303 550 356 accedebat,
585 311 627 345 ut
656 319 841 359 aggerem
867 335 1063 346 ......
1096 308 1380 362 materiesque,
1415 310 1517 350 unde
1546 309 1652 351 soliti

175 378 268 411 sunt
299 372 418 413 turris
450 373 480 426 -1-
511 372 598 426 agi,
644 372 801 426 propius
831 372 934 413 milia
968 387 1150 427 passuum
1178 381 1221 414 Vl
1252 389 1330 415 non
1362 377 1648 431 reperiebatur.

175 439 206 493 †
226 438 287 480 Ac
307 438 517 494 Pompeius
540 441 586 480 ad
610 439 788 493 oppidum
811 441 1137 494 oppugnationem
1160 442 1345 482 tutiorem
1362 445 1547 496 efficeret,
1573 460 1653 486 om-

127 505 152 547 5
174 521 262 548 nem
285 509 488 549 materiem
512 508 657 548 circum
682 508 860 561 oppidum
884 509 1077 550 succisam
1111 510 1216 550 intro
1240 511 1454 564 congessit.
1497 511 1557 553 Ita
1585 527 1654 554 ne-

174 576 348 616 cessario
370 575 652 616 diducebantur
674 576 815 626 nostri,
835 583 911 616 uta
925 575 1089 627 Munda,
1112 592 1225 631 quam
1246 579 1425 633 proxime
1447 588 1648 633 ceperant,

97 642 154 688 42
174 644 375 684 materiem
399 643 464 683 illo
487 644 755 698 deportarent.
792 642 892 684 Dum
918 644 1012 685 baec
1033 646 1080 686 ad
1101 645 1288 686 Mundam
1311 654 1502 700 geruntur
1521 654 1560 687 et
1577 647 1655 690 Vr-

175 725 362 759 saonem,
398 708 574 761 Caesar,
608 712 655 752 ad
679 710 870 766 Hispalim
895 727 979 753 cum
1005 711 1178 754 Gadibus
1210 729 1252 754 se
1274 715 1515 768 recepisset,
1550 716 1657 756 inse-

174 779 307 833 quenti
330 778 390 819 die
413 779 595 820 contione
617 780 808 820 aduocata
830 789 1132 821 commemorat:
1166 780 1281 822 Initio
1306 790 1540 835 quaesturae
1562 797 1656 824 suae

175 861 258 888 eam
282 847 523 900 prouinciam
547 861 597 887 ex
621 848 799 888 omnibus
823 849 1036 902 prouinciis
1059 849 1130 890 sibi
1149 850 1385 903 peculiarem
1402 851 1657 892 constituisse

126 915 152 955 2
175 922 227 964 et,
254 928 350 968 quae
372 915 567 969 potuisset
588 929 633 955 eo
657 922 847 969 tempore,
872 916 1062 958 beneficia
1084 918 1266 971 largitum
1290 932 1404 969 esseg
1438 920 1660 972 insequenti

174 990 361 1036 praetura
383 982 566 1037 ampliato
589 983 739 1023 bonore
761 985 969 1038 uectigalia
985 1016 994 1032 ‚
1020 1000 1116 1038 quae
1138 984 1323 1026 Metellus
1345 986 1610 1039 inposuisset,
1635 1001 1658 1027 a

173 1057 314 1090 senatu
337 1051 479 1104 petisse
502 1057 540 1090 et
562 1065 607 1091 ea
628 1052 792 1105 pecunia
817 1053 1056 1106 prouinciam
1081 1054 1288 1104 liberasse,
1312 1054 1505 1108 simulque
1526 1062 1657 1108 patro-

174 1117 276 1158 cinio
299 1126 481 1173 suscepto
504 1119 635 1159 multis
658 1120 919 1173 legationibus
942 1122 988 1161 ab
1012 1136 1055 1162 se
1078 1122 1117 1162 in
1144 1130 1321 1162 senatum
1349 1122 1518 1163 inductis
1542 1123 1658 1163 simul

174 1185 339 1240 publicis
372 1187 614 1240 priuatisque
646 1188 776 1227 causis
809 1189 1014 1228 multorum
1048 1189 1264 1229 inimicitiis
1294 1190 1487 1243 susceptis
1525 1190 1659 1230 del'en-

128 1252 153 1293 3
176 1254 303 1304 disse3
338 1268 409 1294 suo
432 1255 522 1294 item
547 1255 585 1294 in
610 1256 815 1295 consulatu
838 1255 1068 1306 absentem,
1095 1270 1193 1310 quae
1216 1257 1434 1310 potuisset,
1459 1257 1661 1296 commoda

175 1322 403 1375 prouinciae
426 1322 633 1362 tribuisse:
669 1336 803 1362 eorum
835 1324 1005 1364 omnium
1040 1325 1330 1365 commodorum
1355 1332 1392 1365 et
1412 1325 1659 1365 immemores

177 1396 217 1429 et
237 1390 415 1443 ingratos
448 1390 487 1430 in
519 1404 562 1430 se
594 1397 633 1430 et
653 1391 692 1430 in
715 1391 895 1445 populum
919 1390 1142 1433 Romanum
1166 1393 1238 1432 hoc
1260 1393 1362 1432 bello
1385 1400 1424 1433 et
1447 1392 1659 1446 praeterito

127 1456 153 1497 4
176 1464 353 1511 tempore
376 1472 584 1511 cognosse.
629 1457 731 1499 ‘Vos
753 1459 837 1499 iure
859 1460 1032 1513 gentIum
1055 1461 1279 1514 ciuiumque
1300 1460 1570 1501 Romanorum
1601 1461 1660 1501 in-

175 1526 323 1566 stitutis
348 1527 513 1579 cognitis
536 1540 644 1567 more
668 1527 921 1568 barbarorum
945 1529 1074 1582 populi
1091 1528 1259 1569 Romani
1285 1528 1577 1582 magistratibus
1600 1542 1663 1568 sa-

177 1595 397 1634 crosanctis
421 1609 559 1634 manus
582 1595 703 1635 semel
726 1603 763 1635 et
784 1597 940 1650 saepius
963 1597 1152 1637 attulistis
1176 1604 1214 1637 et
1245 1597 1331 1637 luce
1351 1598 1456 1636 clara
1479 1594 1661 1636 Cassium

129 1661 153 1703 5
176 1663 216 1703 in
239 1662 363 1702 medio
388 1663 472 1702 soro
495 1663 643 1703 nefarie
665 1664 886 1704 interficere
910 1665 1105 1705 uoluistis.
1150 1664 1234 1706 Vos
1266 1665 1318 1705 ita
1351 1678 1486 1718 pacem
1509 1677 1663 1717 semper

177 1730 340 1780 odistis,
377 1738 417 1770 ut
448 1731 554 1771 nullo
588 1739 761 1786 tempore
793 1732 970 1786 legiones
1005 1734 1153 1774 desitae
1184 1734 1313 1787 populi
1334 1733 1504 1773 Romani
1526 1735 1565 1774 in
1589 1734 1660 1774 hac

177 1799 380 1852 prouincia
405 1799 553 1839 haberi.
598 1799 713 1853 Apud
736 1814 806 1840 uos
829 1800 1013 1840 beneficia
1039 1815 1108 1854 pro
1131 1801 1328 1841 maleficiis
1344 1833 1354 1851 ‚
1380 1802 1570 1842 maleficia
1592 1816 1661 1856 pro

176 1865 377 1907 beneficiis
411 1867 620 1908 habentur.
655 1866 712 1907 lta
747 1882 871 1921 neque
900 1869 938 1908 in
969 1869 1047 1908 otio
1078 1870 1326 1910 concordiam
1350 1884 1476 1923 neque
1497 1870 1536 1910 in
1558 1870 1661 1910 bello

325 1987 334 2019 1
357 1987 535 2019 accidebat
553 1999 586 2019 a.
788 1999 944 2030 aggerem
963 2001 984 2021 α
1004 1991 1039 2031 b,
1061 2001 1164 2032 agger
1183 2001 1218 2023 u.
1238 1990 1419 2022 Lacunam
1440 2000 1503 2032 ego
1521 1993 1661 2022 notaui.

321 2038 424 2069 soluti
445 2049 465 2070 (ι
481 2040 510 2080 b,
527 2040 649 2072 solitae
670 2050 701 2071 u.
842 2042 861 2072 2
875 2042 976 2072 turris
997 2052 1028 2081 α,
1046 2047 1158 2073 turres
1178 2052 1212 2073 η.
1352 2041 1420 2083 agi]
1437 2047 1471 2073 et
1489 2053 1518 2074 c.

177 2089 417 2131 reperiebatur
434 2101 453 2121 a
473 2091 519 2130 (is
538 2092 660 2134 repp.)‚
682 2092 945 2134 reperiebantur
962 2103 995 2123 ιι.
1148 2092 1166 2124 3
1186 2093 1248 2124 hac
1267 2104 1302 2124 α.
1405 2093 1446 2124 ad
1467 2094 1623 2136 oppidum
1641 2104 1663 2125 a

180 2141 303 2181 ‘⁷17.5‘.5·.',
325 2146 362 2172 ut
380 2142 490 2183 oppidi
511 2153 546 2174 η.
687 2146 705 2176 4
725 2143 815 2175 intra
836 2144 867 2175 b.
1008 2145 1025 2174 ἴ)
1046 2143 1296 2175 diducebantur
1311 2154 1331 2175 α
1352 2145 1382 2181 b,
1405 2145 1664 2176 deducebantur

179 2193 254 2224 cod.
273 2194 459 2225 Cz‘aceom'l
477 2205 510 2225 u.
651 2196 738 2237 quod
758 2205 778 2226 α
794 2196 823 2226 b.
966 2195 983 2227 6
998 2194 1121 2227 Munda
1141 2207 1174 2227 α.
1316 2197 1333 2228 7
1347 2197 1385 2227 ad
1404 2197 1569 2239 Hispalim
1589 2209 1662 2230 cum

179 2245 330 2277 Gadibus
350 2257 441 2277 unus
461 2247 529 2278 det.
551 2246 779 2286 Schneiderz'‚·
800 2247 840 2279 ab
860 2248 988 2291 Hispali
1009 2258 1082 2279 cum
1103 2248 1253 2280 Gadibus
1272 2250 1344 2291 as,
1376 2260 1448 2281 cnm
1469 2251 1509 2281 ab
1529 2250 1662 2292 Hispali

179 2296 330 2328 Gadibus
352 2298 414 2336 b?,=
435 2309 508 2329 cum
529 2308 547 2329 a
563 2299 714 2331 Gadibus
734 2300 773 2331 ad
793 2299 955 2342 Hispalim
977 2311 1010 2331 a.
1151 2302 1169 2333 8
1185 2301 1347 2332 concione
1368 2302 1431 2340 (a).
1574 2313 1662 2334 com-

178 2355 341 2381 memorat
362 2361 429 2381 om.
451 2361 471 2382 (ι
485 2351 514 2383 b.
658 2352 675 2384 9
690 2352 753 2383 sibi
774 2353 982 2394 peculiarem
1002 2364 1035 2393 (ι,
1051 2354 1260 2395 peculiarem
1281 2353 1343 2384 sibi
1365 2353 1442 2385 edd.
1584 2365 1662 2386 con-

182 2403 355 2434 stituisset
373 2414 392 2434 a
415 2404 444 2434 b.
605 2403 644 2435 10
664 2404 866 2446 insequente
886 2415 919 2436 α.
1075 2406 1110 2438 11
1135 2405 1345 2447 inposuisset
1363 2415 1396 2436 α.
1548 2407 1588 2439 12
1607 2417 1664 2449 pe-

181 2457 278 2487 tisset
296 2466 315 2486 (ι
331 2457 361 2487 b.
503 2466 540 2487 ea
562 2457 702 2498 pecunia
725 2468 813 2488 lmus
833 2458 917 2497 det„
935 2458 984 2489 eis
1004 2458 1145 2500 pecunia
1161 2468 1180 2489 (ι
1196 2458 1236 2496 b,·
1252 2458 1301 2488 eis
1317 2457 1470 2499 pecuniis
1483 2468 1519 2488 ιι.

182 2507 222 2539 14
241 2506 386 2548 publicis
406 2507 617 2549 priuatisque
638 2509 752 2540 causis
772 2509 872 2540 codd.
887 2534 894 2548 ,
922 2510 1074 2551 publicas
1096 2509 1316 2551 priuatasque
1335 2518 1457 2540 causas
1476 2509 1516 2540 P.
1537 2508 1664 2541 Mann-

181 2560 252 2589 tlus
270 2569 303 2589 v.
457 2558 492 2588 15
515 2559 544 2589 in
565 2569 634 2590 οηι.
656 2560 673 2590 b
694 2570 722 2591 c.
876 2560 911 2591 1ss
933 2561 1033 2591 etiam
1054 2570 1220 2591 memores
1239 2569 1281 2599 a,-
1302 2569 1378 2591 esse
1398 2564 1431 2591 et
1449 2560 1663 2593 immemores

181 2620 216 2649 τι,
237 2608 300 2640 scd
318 2610 407 2639 ‘esse
427 2613 458 2639 et
479 2609 609 2640 desunt
625 2611 641 2640 b
662 2622 678 2641 c
694 2615 729 2642 et
749 2613 765 2641 b
779 2622 847 2653 pro
867 2614 912 2642 iis
932 2613 1038 2643 habet
1056 2611 1182 2643 etiam'.
1363 2610 1399 2643 17
1419 2611 1608 2652 integratos
1627 2623 1661 2645 α.

326 2661 511 2701 praeterito
531 2671 550 2691 a
571 2661 587 2691 :5
608 2661 718 2701 dett„
740 2663 771 2693 in
795 2663 980 2704 praeterito
1000 2674 1033 2694 η.
1220 2662 1260 2694 18
1280 2662 1474 2704 ciuiumque
1491 2663 1554 2705 s5
1573 2663 1661 2696 dete.

182 2711 404 2750 Schneider-i,
419 2716 451 2742 et
469 2711 661 2754 ciuiumque
679 2723 723 2751 α,-
740 2718 773 2743 et
791 2714 914 2745 ciuium
935 2724 968 2745 ll.
1105 2713 1414 2753 191nagistratibus
1434 2715 1666 2747 saerosanctis

183 2775 301 2797 manus
326 2765 366 2796 P.
388 2763 597 2803 Manutius,-
623 2765 846 2805 magistratus
873 2765 1104 2796 sacrosanctis
1133 2766 1280 2797 romanis
1299 2765 1338 2805 d,
1368 2775 1489 2806 magna
1508 2771 1664 2812 transero

183 2819 312 2847 sanctis
333 2825 491 2846 romanus
509 2825 529 2846 α
549 2818 595 2855 et,
616 2818 680 2856 qui
696 2817 866 2848 transiero
885 2819 920 2847 et
936 2816 1097 2856 romanis,
1120 2816 1150 2846 b.
1291 2817 1334 2852 20
1353 2817 1468 2858 sepius
1487 2827 1521 2850 α.

184 2866 389 2898 attulissetis
408 2876 428 2897 α
449 2866 466 2897 b
485 2869 519 2897 et
537 2876 650 2908 m.pr.
666 2877 692 2898 c.
836 2866 992 2899 Cassium
1004 2867 1044 2898 P.
1056 2867 1255 2909 Manutius,
1270 2873 1404 2912 captum
1422 2868 1521 2902 codd.

182 2918 225 2950 22
245 2917 375 2949 desitne
395 2917 447 2958 (a)
467 2928 494 2957 c,
517 2917 631 2949 desint
648 2918 712 2957 (b).
876 2919 918 2952 24
937 2918 970 2950 in
991 2918 1076 2961 otio]
1096 2918 1194 2950 initio
1214 2928 1247 2950 α.

1692 927 1732 960 10

1693 1264 1733 1297 15

1693 1603 1736 1637 20
