1835 3240
114 890 154 923 10

116 1230 154 1262 15

111 1567 153 1601 20

112 1905 154 1938 25

633 154 815 198 COMM.
840 153 859 196 1
891 154 1015 197 CAP.
1042 155 1239 198 12—14.
1668 163 1751 206 263

191 270 319 313 soceri
340 268 392 310 L.
410 267 564 309 Pisonis
583 282 716 319 auum,
740 268 791 309 L.
806 268 995 310 Pisonem
1005 270 1193 323 legatum,
1207 269 1389 325 Tigurini
1404 274 1537 313 eodem
1551 289 1664 328 proe-

189 339 256 389 lio,
281 350 358 390 quo
373 334 572 384 Cassium,
597 337 897 378 interfecerant.
936 336 1023 377 Hoc
1046 338 1195 391 proelio
1220 339 1323 378 facto
1345 339 1516 392 reliquas
1540 344 1671 395 copias
1693 346 1748 390 13

188 405 460 447 Heluetiorum
482 411 525 445 ut
546 405 735 458 consequi
758 412 905 459 posset,
932 413 1085 459 pontem
1109 406 1150 446 in
1171 407 1301 447 Arare
1325 407 1543 448 faciendum
1563 418 1674 450 curat

190 481 305 526 atque
327 473 381 513 ita
404 473 622 513 exercitum
647 473 830 512 traducit.
871 472 1044 513 Heluetii
1059 475 1264 527 repentino
1279 475 1365 515 eius
1381 475 1554 515 aduentu
1569 490 1674 517 com·
1695 478 1722 518 2

192 542 311 591 moti,
346 554 432 580 cum
464 540 527 589 id,
561 541 661 593 quod
692 540 767 594 ipsi
791 541 929 580 diebus
959 548 1028 580 XX
1049 555 1282 595 aegerrume
1313 543 1594 593 confecerant,
1632 552 1676 584 ut

189 610 332 649 flumen
356 608 597 657 transirent,
639 608 748 648 illum
772 622 848 648 uno
872 608 932 650 die
955 609 1098 649 fecisse
1120 610 1422 663 intellegerent,
1453 611 1606 664 legatos
1628 612 1676 652 ad

191 690 278 717 eum
301 677 488 726 mittunt3
514 677 624 716 cuius
648 676 859 729 legationis
883 675 1026 717 Diuico
1051 679 1231 731 princeps
1256 678 1339 728 fuit,
1365 678 1430 731 qui
1452 678 1554 720 bello
1578 676 1678 720 Cas-

192 746 304 787 siano
328 746 410 786 dux
432 743 704 784 Heluetiorum
729 745 871 784 fuerat.
918 743 956 785 Is
988 746 1041 785 ita
1064 760 1150 786 cum
1181 743 1358 786 Caesare
1391 747 1491 801 egit:
1534 745 1577 787 Si
1609 762 1677 801 pa-
1697 746 1722 787 3

189 827 272 855 cem
294 813 458 868 populus
472 811 676 852 Romanus
700 825 787 851 cum
799 811 995 852 Heluetiis
1020 814 1182 860 faceret,
1207 815 1247 854 in
1271 829 1354 854 eam
1378 822 1529 868 partem
1545 815 1674 855 ituros

185 889 303 935 atque
325 881 376 921 ibi
398 881 550 920 futuros
562 878 785 929 Heluetios,
811 880 872 920 ubi
898 895 964 921 eos
979 878 1135 922 Caesar
1157 883 1431 923 constituisset
1446 891 1563 936 atque
1584 897 1673 924 esse

187 949 404 998 uoluisset3
449 948 511 987 sin
543 947 642 987 bello
666 948 847 1001 persequi
871 957 1166 1001 perseueraret,
1201 951 1525 991 reminisceretur
1546 958 1586 992 et
1606 965 1674 992 ue-
1696 950 1722 991 4

187 1017 282 1058 teris
305 1016 540 1056 incommodi
562 1016 693 1070 populi
714 1015 885 1056 Romani
909 1024 947 1057 ct
978 1017 1168 1070 pristinae
1202 1018 1359 1059 uirtutis
1384 1018 1671 1059 Heluetiorum.

186 1083 300 1139 Quod
322 1083 524 1138 inprouiso
547 1098 667 1124 unum
691 1098 833 1138 pagum
864 1085 1026 1125 adortus
1059 1093 1189 1136 esset,
1227 1101 1311 1126 cum
1344 1087 1396 1136 ii,
1433 1087 1499 1140 qni
1530 1088 1674 1128 flumen
1696 1086 1721 1127 5

186 1153 440 1202 transissent,
466 1153 548 1193 suis
571 1153 761 1193 auxilinm
786 1153 893 1192 ferre
916 1167 994 1193 non
1017 1162 1200 1207 possent,
1244 1169 1293 1195 ne
1324 1155 1371 1194 ob
1396 1169 1479 1195 eam
1503 1169 1584 1194 rem
1607 1162 1676 1195 aut

188 1235 283 1262 suae
322 1233 564 1275 magnopere
596 1221 732 1261 uirtuti
764 1221 959 1261 tribueret.
991 1229 1057 1262 aut
1089 1222 1196 1276 ipsos
1220 1222 1455 1276 despiceret.
1502 1220 1555 1263 Se
1576 1222 1630 1262 ita
1651 1236 1674 1262 a
1696 1221 1723 1262 (5

188 1288 360 1343 patribus
383 1288 675 1341 maioribusque
697 1289 778 1329 suis
802 1289 1008 1339 didicisse,
1043 1296 1085 1329 ut
1114 1290 1240 1345 magis
1273 1291 1421 1331 uirtute
1451 1304 1565 1343 quam
1588 1291 1677 1331 dolo

190 1357 478 1397 contenderent
498 1363 565 1395 aut
586 1356 738 1397 insidiis
763 1357 1001 1397 niterentur.
1047 1355 1180 1409 Quare
1203 1373 1252 1398 ne
1275 1359 1554 1409 committeret,
1579 1365 1623 1398 ut
1642 1358 1676 1399 is
1699 1358 1723 1399 7

188 1425 321 1474 locus,
355 1423 420 1464 ubi
443 1424 741 1475 constitissent,
782 1439 833 1465 ex
857 1424 1078 1465 calamitate
1100 1427 1231 1479 populi
1253 1425 1425 1466 Romani
1448 1434 1488 1466 et
1508 1426 1676 1466 interni-

188 1493 299 1532 cione
323 1492 525 1532 exercitus
549 1505 691 1532 nomen
714 1499 875 1545 caperet
896 1500 962 1531 aut
983 1493 1210 1534 memoriam
1235 1495 1435 1547 proderet.
1479 1493 1553 1535 His
1572 1491 1676 1535 Cae·
1699 1493 1753 1538 14

185 1573 252 1600 sar
272 1560 327 1600 ita
349 1559 579 1612 respondit:
619 1558 681 1599 Eo
703 1559 777 1599 sibi
798 1560 927 1600 minus
951 1560 1204 1601 dubitationis
1228 1563 1337 1611 dari,
1378 1563 1479 1615 quod
1501 1576 1568 1602 eas
1590 1576 1672 1611 res,

186 1641 282 1680 quas
305 1627 422 1680 legati
445 1625 621 1666 Heluetii
641 1635 1043 1678 commemorassent,
1068 1630 1259 1669 memoria
1281 1636 1458 1679 teneret,
1493 1637 1609 1682 atque
1631 1643 1678 1670 eo

187 1694 350 1748 grauius
373 1695 478 1734 ferre
494 1725 504 1744 ,
540 1708 615 1747 quo
647 1695 775 1735 minus
798 1697 939 1736 merito
962 1697 1091 1750 populi
1116 1695 1286 1737 Romani
1317 1698 1580 1738 accidissent:
1613 1697 1677 1751 qui
1697 1696 1725 1737 2

186 1763 219 1803 si
241 1762 404 1803 alicuius
426 1762 594 1802 iniuriae
617 1762 691 1803 sihi
713 1763 894 1804 conscius
917 1764 1073 1814 fnisset,
1100 1779 1179 1804 non
1203 1765 1325 1806 fuisse
1337 1765 1491 1805 difficile
1506 1779 1673 1815 cauere3

188 1831 257 1871 sed
279 1844 326 1872 eo
349 1831 568 1884 deceptum,
593 1831 695 1884 quod
719 1844 845 1884 neque
868 1832 1115 1872 commissum
1139 1847 1160 1873 a
1184 1847 1226 1873 se
1249 1833 1522 1887 intellegeret,
1556 1847 1678 1887 quare

188 1898 358 1949 timeret,
382 1912 509 1952 neque
531 1899 617 1939 sine
639 1913 758 1939 causa
783 1900 994 1940 timendum
1018 1908 1192 1954 putaret.
1229 1898 1344 1953 Quod
1367 1902 1400 1941 si
1422 1902 1570 1942 ueteris
1584 1915 1676 1942 con-
1698 1900 1722 1942 3

190 1966 374 2007 tumeliae
397 1966 576 2007 obliuisci
598 1966 742 2017 uellet,
779 1982 870 2007 num
895 1968 1013 2008 etiam
1035 1969 1253 2010 recentium
1276 1970 1511 2010 iniuriarum
1526 2000 1536 2020 ,
1575 1970 1677 2024 quod

296 2126 307 2158 1
332 2126 444 2158 soceri
463 2136 532 2158 om.
546 2128 632 2160 DE.
723 2129 820 2161 Lucii
840 2132 875 2160 et
892 2129 1034 2161 Lucium
1052 2131 1094 2162 E.
1174 2130 1194 2163 2
1213 2141 1277 2173 quo
1299 2129 1454 2162 Cassium
1473 2141 1541 2162 om.
1565 2131 1602 2163 C.

188 2176 438 2209 interfecerunt
454 2178 486 2209 D
499 2179 542 2210 Ε.
651 2178 741 2211 facto
760 2180 889 2222 proelio
912 2181 953 2213 C.
1065 2181 1083 2213 3
1102 2180 1201 2213 Arari
1221 2182 1253 2213 D
1266 2180 1359 2221 Em)
1374 2182 1405 2212 b.
1526 2183 1548 2214 4
1566 2186 1677 2213 trans-

189 2229 327 2270 ducitf.
424 2231 441 2261 5
462 2230 582 2271 uiginti
601 2231 690 2263 DE.
787 2242 988 2272 aegerrume
1005 2233 1050 2264 A.
1157 2233 1175 2265 6
1195 2244 1260 2264 uno
1280 2233 1375 2264 illum
1394 2243 1515 2266 errore
1533 2244 1569 2265 π.

189 2282 209 2313 8
227 2281 299 2321 agit
316 2291 338 2312 u
356 2284 576 2323 campaneis
595 2283 685 2315 dett.
705 2282 826 2323 Legati
846 2283 887 2314 ab
908 2283 1077 2316 Heluetiis
1105 2285 1147 2316 ad
1168 2284 1352 2317 Caesarem
1372 2286 1467 2318 missi
1486 2296 1604 2328 pacem
1622 2296 1680 2329 pe-

191 2337 266 2364 tunt
291 2343 365 2364 eum
392 2333 653 2366 denuntiatione
686 2335 828 2365 terroris
847 2337 929 2375 post
959 2335 1027 2376 egit
1052 2336 1134 2367 add.
1156 2337 1187 2367 A
1214 2340 1259 2376 et,
1290 2338 1355 2378 qui
1370 2338 1512 2378 petitum
1531 2338 1673 2379 liabent,

191 2383 310 2415 ‘multi
325 2394 407 2415 mss.
429 2387 538 2416 eliam
557 2384 808 2417 uetustis-sirm*
827 2387 907 2418 Eet
920 2387 1065 2418 secund.
1086 2387 1221 2421 What.
1239 2399 1268 2428 e,
1284 2398 1353 2429 pro
1372 2398 1441 2430 quo
1468 2389 1585 2421 Haun.
1605 2401 1675 2421 sec.

191 2439 372 2469 nominari
388 2437 524 2470 debuit.
629 2438 647 2470 9
666 2439 809 2480 populus
838 2438 1008 2470 Romanus
1026 2457 1069 2462 -—-
1089 2439 1163 2480 (12)
1182 2440 1386 2472 incommodi
1405 2451 1474 2472 om.
1494 2441 1591 2481 DE3
1612 2442 1630 2474 9
1645 2446 1681 2473 et

193 2487 233 2518 12
251 2491 287 2519 et
305 2488 344 2520 18
358 2498 426 2530 pro
443 2489 587 2531 populus
606 2490 776 2522 Romanus
794 2490 899 2521 habet
917 2490 1051 2532 publice
1074 2491 1170 2533 reis.
1292 2492 1326 2524 11
1350 2495 1434 2523 ante
1452 2493 1543 2523 bello
1564 2493 1676 2524 litura

192 2541 244 2569 est
260 2540 343 2580 ins.
483 2540 739 2583 perseueraret]
760 2540 931 2572 uoluisset
950 2541 981 2573 b.
1124 2543 1164 2575 13
1184 2543 1360 2585 inprouiso
1378 2543 1411 2575 A
1425 2543 1494 2575 OD
1507 2543 1569 2585 as.

193 2599 267 2620 eum
285 2590 332 2621 hii
350 2591 453 2633 Eas.
560 2593 599 2625 14
619 2593 850 2624 transsissent
867 2603 901 2624 α.
999 2594 1038 2626 15
1058 2604 1179 2635 magno
1198 2606 1299 2638 opere
1319 2606 1365 2626 em
1383 2605 1454 2627 uno
1467 2597 1624 2636 pessimo
1644 2604 1677 2625 υ.

335 2644 410 2679 aut]
427 2652 467 2673 an
489 2643 526 2675 C.
665 2643 726 2675 sed
746 2643 793 2674 ita
809 2644 840 2684 f'.
969 2654 987 2676 a
1006 2646 1125 2687 om.s.
1246 2647 1285 2678 16
1304 2646 1376 2678 suis
1394 2657 1463 2678 om.
1484 2646 1570 2677 DE.

193 2690 232 2721 ¹7
252 2700 317 2731 qua
335 2691 367 2722 in
387 2693 468 2733 res.
580 2695 618 2727 1ss
637 2694 902 2726 constituissent
918 2695 979 2737 as.
1122 2696 1169 2739 et]
1190 2703 1249 2728 aut
1266 2698 1310 2729 Ε.
1453 2696 1677 2727 internicione

199 2739 354 2782 CDEa‚
375 2742 644 2786 inerniciones5
664 2745 900 2777 internecione
920 2745 1037 2787 (An)?
1051 2757 1085 2778 n.
1230 2748 1270 2780 19
1291 2749 1336 2779 ita
1356 2747 1531 2788 Caesars.

196 2792 238 2823 20
257 2791 337 2822 dare
356 2792 439 2824 DE.
578 2796 620 2826 22
639 2796 761 2838 populo
781 2795 930 2828 Romano
948 2797 980 2828 D
995 2797 1035 2828 E.
1170 2799 1381 2830 accidissent
1399 2800 1429 2829 A
1440 2799 1470 2829 D
1484 2797 1567 2839 (E),
1588 2796 1678 2827 acci-

198 2844 304 2875 disset
325 2843 478 2885 ‘reliqui'
498 2846 555 2886 as.
696 2847 738 2880 ‘23
759 2847 894 2880 difficile
914 2848 979 2880 sibi
997 2860 1119 2881 cauere
1141 2851 1170 2882 b,
1314 2850 1357 2883 26
1377 2849 1468 2891 num]
1491 2859 1554 2880 non
1577 2848 1643 2889 Cs.
