1835 3240
678 182 1083 223 --97-..

154 299 265 339 codd.
288 296 468 337 omnibus
491 295 617 336 abest.
651 294 731 336 Sed
744 309 792 336 ne
813 296 876 337 illa
899 296 1054 350 quidem
1076 296 1197 337 uerba
1221 298 1276 337 ‘id
1298 312 1347 338 ne
1368 305 1448 339 tum
1466 302 1631 352 quidem'

152 368 207 407 ita
228 365 267 405 in
291 364 402 404 codd.
428 363 574 418 scripta
605 371 711 404 sunt.
773 362 818 404 In
851 364 1113 404 deterioribus
1136 364 1238 404 enim
1262 371 1323 404 est
1358 365 1419 405 ‘id
1451 381 1500 407 ne
1529 377 1634 408 metu

152 432 331 487 quidem',
356 432 397 472 in
418 432 585 485 integris
611 436 670 471 ‘ut
690 445 739 471 ne
761 439 866 472 metu
889 431 1073 487 quidem',
1097 432 1137 471 in
1161 430 1292 471 Haun.
1319 445 1375 485 pr.
1401 429 1536 472 Oxon.
1556 433 1635 475 Vr-

152 501 226 541 sin.
257 507 266 522 ⁶
281 506 322 539 ut
344 513 458 539 nemo
481 506 572 539 tunc
595 499 786 551 quidem',
812 499 991 554 idemque
1012 498 1053 538 in
1075 498 1237 554 reliquis
1260 499 1343 538 eius
1366 499 1537 540 familiae
1558 501 1636 556 legi

151 567 351 622 probabile
383 574 458 607 est.
520 566 588 606 Ex
622 567 678 606 his
713 567 825 606 codd.
872 566 1050 619 uestigiis
1091 572 1199 605 recte
1232 563 1470 606 Ciacconius
1509 568 1638 609 effecit

155 634 272 675 ‘Nam
307 642 349 674 ut
379 640 616 674 commutato
651 634 816 674 oonsilio
846 635 924 674 iter
952 634 992 673 in
1023 633 1263 687 prouinciam
1287 642 1540 675 conuerteret
1570 642 1638 687 (ut

151 717 265 743 nemo
288 716 367 742 non
389 709 466 741 tum
489 702 643 754 quidem
665 701 894 742 necessario
917 701 1139 741 faciendum
1155 701 1443 755 existimabat),
1470 717 1556 744 cum
1579 704 1639 744 in-

151 771 267 810 famia
299 795 351 800 -—
373 768 633 822 impediebat,
671 775 752 809 tum
776 769 949 809 maxime
965 798 975 816 ,
1010 769 1112 821 quod
1133 793 1187 797 -—
1209 769 1399 809 timebat'.
1445 769 1575 811 Vnum
1598 772 1637 811 in

151 838 211 878 his
234 837 553 891 praetermissum
578 843 663 886 est,
698 837 798 889 quod
824 836 1087 891 Elberlingius
1116 844 1225 877 recte
1254 837 1555 888 animaduertit,
1591 839 1638 879 ob

151 905 312 945 uerbum
339 903 599 958 ‘impediebat'
621 904 870 945 scribendum
893 905 1014 945 fuisse
1046 912 1152 945 ‘nam
1176 919 1224 945 ne
1247 913 1485 946 commutato
1508 907 1639 947 consi-

149 973 215 1012 lio·
239 979 349 1022 cett.,
374 971 489 1024 idque
504 1003 514 1021 ,
541 986 625 1011 cum
649 973 721 1013 hae
743 973 843 1012 duae
865 973 1081 1027 particulae
1104 987 1223 1027 saepe
1244 988 1263 1013 a
1288 974 1462 1014 librariis
1485 988 1639 1028 permu-

151 1047 309 1089 tentur,
345 1039 548 1092 corrigere
581 1054 658 1080 non
682 1040 870 1080 dubitaui.
935 1041 1040 1081 Tota
1064 1041 1218 1094 quidem
1242 1038 1444 1081 Ciacconii
1467 1043 1569 1083 ratio
1593 1056 1641 1083 ea

151 1108 197 1147 de
221 1121 340 1147 causa
362 1108 458 1147 reici
480 1121 558 1147 non
582 1107 762 1157 debebat,
787 1108 908 1148 multo
931 1110 1060 1149 minus
1082 1107 1300 1149 Dauisiana
1322 1110 1537 1163 praeferri,
1574 1110 1640 1163 qui

150 1182 303 1216 retenta
327 1175 519 1229 particula
544 1176 672 1228 ‘quod'
695 1176 827 1216 uerbis
863 1181 872 1199 ‘
887 1190 971 1216 oum
994 1176 1176 1216 insamia⁷
1199 1191 1221 1217 a
1243 1174 1445 1230 Stephano
1466 1178 1640 1231 interpo-

151 1244 225 1284 sita
240 1275 250 1292 ,
285 1244 418 1283 eadem
441 1243 638 1283 ..orationis
661 1244 785 1284 forma
808 1251 924 1297 atque
948 1241 1172 1298 Stephanus
1196 1245 1354 1297 scripsit
1389 1245 1449 1285 ‘id
1480 1245 1639 1286 minime

151 1318 232 1351 tum
256 1311 407 1363 quidem
430 1311 659 1351 necessario
683 1311 902 1352 faciendum
926 1312 1207 1353 existimabat'.
1252 1310 1365 1365 Quae
1388 1313 1488 1366 quod
1501 1311 1640 1353 Wllit-

151 1378 228 1418 tius
251 1379 426 1418 detracto
462 1378 545 1418 ‘id'
578 1379 809 1431 pronomine
831 1379 1010 1432 proxime
1042 1381 1089 1419 ad
1122 1381 1289 1434 optimos
1312 1382 1424 1421 codd.
1450 1381 1639 1421 accedere

152 1445 356 1498 gloriatur,
382 1445 575 1485 neminem
601 1445 836 1485 crediturum
861 1445 1052 1486 arbitror:
1078 1448 1162 1495 sed,
1187 1448 1435 1500 quantumuis
1458 1449 1637 1497 accedat,

153 1513 351 1554 sententia
373 1512 616 1565 ineptissima
641 1520 715 1552 est.
752 1511 830 1565 Qui
852 1513 955 1553 enim
978 1515 1166 1555 conuenit
1188 1529 1291 1566 eum,
1317 1517 1381 1568 qui
1403 1516 1547 1569 aliquid
1568 1516 1640 1556 mi-

151 1582 254 1620 nime
277 1579 504 1619 necessario
522 1580 742 1619 faciendum
765 1581 984 1631 existimat,
1011 1583 1094 1622 eius
1113 1585 1337 1624 sententiae
1360 1585 1460 1624 hanc
1482 1598 1641 1624 causam

151 1661 295 1702 ponere
310 1678 320 1696 ,
355 1647 477 1699 quod,
504 1661 578 1699 quo
600 1647 728 1687 minus
751 1648 788 1688 id
813 1648 930 1688 faciat
946 1678 956 1695 ,
991 1649 1219 1700 quibusdam
1242 1650 1358 1691 rebus
1381 1651 1642 1704 impediatur?

148 1715 252 1756 Nam
276 1722 317 1755 ut
338 1714 477 1767 aliquis
499 1715 540 1755 in
560 1714 626 1755 illa
648 1715 847 1755 sententia
869 1729 956 1756 esse
986 1717 1133 1769 possit,
1169 1717 1334 1757 liberam
1357 1732 1443 1758 eum
1466 1726 1641 1772 potesta—

148 1791 225 1824 tem
248 1783 391 1823 habere
414 1789 593 1836 oportet,
620 1790 751 1823 utrum
775 1784 906 1824 facere
929 1783 1039 1832 uelit,
1066 1798 1116 1823 an
1140 1785 1251 1825 nolit.
1295 1784 1370 1825 Illa
1402 1800 1498 1826 uero
1522 1801 1641 1828 causa

148 1853 202 1891 ita
224 1858 332 1891 recte
355 1850 593 1901 adiceretur,
624 1851 657 1891 si
681 1848 835 1891 Caesar
856 1865 940 1892 eam
964 1865 1046 1892 rem
1061 1883 1071 1902 ,
1097 1852 1143 1891 de
1166 1867 1241 1906 qua
1261 1854 1477 1907 agebatur,
1503 1868 1640 1895 neces—

149 1919 255 1959 sario
279 1933 356 1958 non
379 1918 595 1959 faciendam
627 1918 914 1959 existimasset.
977 1918 1130 1960 Eodem
1164 1922 1322 1962 nomine
1353 1936 1398 1962 ea
1427 1923 1641 1976 reprehen-

150 1987 272 2026 denda
296 1975 384 2026 esse
406 1993 581 2040 apparet,
607 2000 706 2039 quae
730 1995 821 2028 ante
844 1985 1165 2042 Oudendorpium
1189 1990 1348 2044 uulgata
1371 2004 1460 2031 esse
1483 1990 1580 2031 dixi.

265 2051 481 2107 Oppidum,
516 2054 617 2106 quod
641 2069 675 2095 c.
703 2053 772 2105 58,
806 2053 833 2093 2
855 2061 894 2094 et
915 2054 941 2095 6
963 2063 1003 2095 et
1025 2070 1059 2095 c.
1087 2055 1157 2107 (50,
1184 2056 1204 2096 1
1230 2067 1574 2109 commemoratur,
1598 2060 1640 2099 iu

150 2121 383 2162 editionibus
418 2119 677 2175 Scaligerana
704 2123 990 2175 antiquioribus
1034 2132 1073 2164 et
1105 2125 1144 2165 in
1174 2126 1463 2167 recentioribus
1499 2127 1589 2167 inde
1618 2142 1641 2168 a

147 2188 316 2229 Dauisio
357 2187 615 2230 Melodunum
658 2190 889 2244 appellatur.
952 2191 1088 2232 Primo
1130 2193 1217 2233 loco
1251 2191 1556 2248 Oudendorpius
1598 2196 1638 2236 in

148 2256 283 2298 Oxon.
309 2257 385 2310 legi
410 2257 465 2298 ait
489 2256 784 2298 ‘Metiosedum'
815 2259 1013 2312 (idemque
1036 2268 1096 2301 est
1117 2261 1155 2300 in
1178 2260 1274 2302 Par.
1301 2267 1423 2316 sec.),
1454 2263 1495 2302 in
1517 2261 1634 2304 Leid.

147 2339 206 2379 pr.
236 2324 492 2365 ‘Meoduuum
515 2326 681 2375 sedum',
705 2326 746 2366 in
768 2327 927 2380 reliquis
950 2328 1033 2368 suis
1057 2329 1168 2369 codd.
1210 2328 1522 2382 ‘Mellodunum,
1547 2329 1637 2373 Me-

146 2393 347 2443 ledunum,
372 2391 618 2433 Miladunum
641 2394 770 2444 cett.',
806 2409 970 2448 quorum
994 2397 1159 2450 primum
1183 2398 1372 2452 scriptum
1397 2400 1518 2439 estin
1538 2398 1634 2440 Par.

146 2475 206 2514 pr.
231 2459 353 2501 Voss.
379 2474 438 2514 pr.
464 2475 486 2501 a
508 2475 559 2500 m.
585 2475 666 2501 sec.
692 2461 826 2502 Haun.
852 2477 911 2516 pr.
929 2495 940 2510 ,
978 2462 1294 2506 ‘Melledunum’
1327 2467 1366 2506 in
1391 2465 1509 2507 Voss.
1535 2481 1591 2520 pr.
1616 2482 1638 2507 a

146 2543 198 2568 m.
223 2543 309 2582 pr.,
337 2527 624 2568 ‘Mellidunum'
647 2529 687 2569 in
709 2529 826 2584 Egm.
872 2530 1013 2571 Altero
1036 2539 1076 2572 et
1107 2534 1223 2573 tertio
1255 2533 1342 2574 loco
1376 2533 1636 2576 ‘Metiosedo'

148 2603 209 2636 est
228 2596 268 2635 in
291 2596 469 2636 omnibus
491 2596 739 2650 interpolatis
775 2605 814 2638 et
843 2599 962 2639 tertio
996 2600 1114 2640 etiam
1135 2601 1176 2641 in
1202 2600 1329 2656 Bong.
1355 2616 1441 2656 pr.:
1475 2602 1517 2643 in
1538 2601 1633 2643 Par.

148 2676 207 2714 pr.
234 2663 291 2704 his
312 2664 408 2704 locis
430 2664 615 2718 scriptum
641 2673 703 2706 est
726 2671 736 2689 ⁶
751 2664 1016 2717 Medodoue’,
1051 2666 1352 2722 Oudendorpius
1375 2670 1523 2723 aliquot
1543 2684 1635 2710 suos

149 2729 292 2770 habere
314 2732 437 2772 refert
461 2731 705 2774 ‘Melodone'
728 2741 768 2773 et
790 2732 1061 2775 ίΜθᾱοάοῐιθῖ
1099 2734 1178 2777 Iam
1202 2751 1288 2776 cum
1311 2736 1369 2777 his
1393 2738 1516 2778 tribus
1539 2738 1634 2778 locis

151 2811 266 2837 unum
299 2798 476 2851 idemque
507 2801 688 2854 oppidum
720 2803 1020 2843 commemorari
1042 2811 1253 2857 appareat,
1287 2819 1321 2843 c.
1356 2803 1430 2852 58,
1456 2804 1482 2843 2
1503 2812 1634 2844 autem

151 2879 235 2904 cnm
258 2865 424 2918 integris
447 2868 557 2909 codd.
581 2867 714 2908 Haun.
741 2884 800 2923 pr.
827 2877 888 2919 et,
924 2878 966 2910 ut
988 2870 1160 2919 uidetur,
1196 2869 1304 2911 Scal.
1331 2878 1370 2910 et
1392 2869 1531 2911 Cuiac.
1550 2902 1561 2920 ,
1587 2872 1633 2912 de

187 2931 304 2965 Caesar,
326 2931 371 2958 ed.
394 2931 532 2968 Nipperd.
1332 2937 1357 2976 7
