1835 3240
719 164 1143 206 —144—

187 282 290 324 saris
313 280 532 323 exercitum
552 280 696 322 itinere
718 278 998 335 prohiberent,
1030 278 1106 331 ipsi
1141 277 1227 318 sine
1257 278 1429 333 periculo
1462 292 1507 319 ac
1531 278 1671 320 timore

186 349 343 393 Iberum
365 350 497 404 copias
520 347 800 389 traducerent'.

302 416 352 460 C.
377 416 431 458 79
451 416 508 456 in.
534 430 586 456 ex
608 412 812 455 Ciacconii
834 414 1061 455 coniectura
1083 415 1234 456 editur:
1261 414 1501 469 ‘Expeditae
1532 414 1673 455 cohor-

189 496 249 529 tes
271 486 526 528 nouissimum
548 496 689 536 agmen
712 482 944 523 claudebant
964 482 1188 537 pluriesque
1208 484 1247 523 in
1270 483 1366 523 locis
1389 482 1672 536 campestribus

189 553 486 602 subsistebant'3
512 552 550 591 in
576 550 688 591 codd.
714 550 894 590 omnibus
917 550 1103 605 scriptum
1125 558 1186 591 est
1208 551 1459 605 ‘pluresque'.
1493 549 1549 589 At
1573 550 1673 604 ‘plu-

187 625 281 665 ries'
303 622 489 664 Latinum
512 618 742 659 uocabulum
767 632 856 658 esse
877 625 986 658 recte
1009 617 1210 659 Gerardus
1232 617 1403 659 Ioannes
1433 617 1603 659 Vossius
1626 619 1673 659 dc

187 692 296 734 uitiis
328 703 448 731 serm.
472 685 507 736 I,
533 701 568 727 c.
592 685 646 727 25
680 693 719 727 et
749 699 837 726 eum
871 693 1032 726 secutus
1062 685 1335 738 Elberlingius
1366 685 1526 725 obseru.
1562 685 1671 725 critt.

187 775 226 816 p.
252 758 308 801 80
329 761 599 810 negauerunt,
634 755 813 807 idemque
843 760 952 794 recte
984 754 1146 803 statuit,
1178 753 1212 793 si
1243 753 1415 793 maxime
1437 753 1475 792 id
1496 753 1587 794 inde
1609 753 1675 793 dc-

186 828 293 869 fendi
315 831 462 880 posset,
488 823 587 876 quod
611 820 762 863 Gellius
784 820 838 872 V,
862 821 912 861 21
938 829 977 861 ct
997 820 1156 861 Nonius
1178 835 1215 874 p.
1241 819 1295 860 87
1316 818 1445 860 Merc.
1471 834 1523 860 ex
1545 819 1676 861 Plauti

185 895 313 938 Persa
336 891 431 942 (IV,
455 889 497 939 3,
521 889 590 938 (55)
615 897 654 930 et
676 887 829 930 Catone
854 889 1135 944 ‘compluries',
1169 888 1238 929 sed
1259 894 1302 928 ut
1323 889 1449 928 minus
1471 888 1673 938 usitatum,

188 968 397 1010 annotant,
421 966 552 999 tamen
574 966 651 998 tam
674 959 920 1011 antiquorum
945 958 1177 1010 scriptorum
1201 970 1314 996 usum
1338 955 1433 996 nihil
1457 957 1503 996 ad
1526 953 1676 996 Caesa-

187 1045 269 1073 rem
293 1029 508 1084 pertinere.
544 1023 659 1078 Quod
681 1033 811 1067 autem
832 1026 958 1080 ipsum
983 1025 1154 1080 ‘pluries'
1178 1024 1358 1064 nonnulli
1380 1024 1466 1064 loco
1487 1022 1676 1064 Trebellii

186 1097 378 1140 Pollionis
407 1097 448 1137 in
484 1093 677 1135 Gallienis
710 1108 744 1134 c.
773 1093 792 1133 1
817 1094 1054 1143 defendunt,
1085 1092 1138 1133 ibi
1170 1092 1262 1146 quin
1287 1092 1462 1146 ‘pluries'
1496 1105 1632 1131 errore
1653 1105 1677 1131 a

185 1164 419 1207 Boxhornio
443 1164 587 1205 editum
609 1163 685 1210 sit,
720 1176 799 1202 non
830 1162 976 1202 dubito.
1028 1159 1073 1201 In
1106 1161 1193 1201 aliis
1223 1160 1542 1215 exemplaribus,
1576 1172 1676 1212 quae

188 1233 458 1289 Elberlingius
481 1231 682 1286 inspexit,
707 1237 747 1270 et
767 1244 837 1280 eo,
862 1230 962 1283 quod
984 1228 1115 1283 Lugd.
1139 1227 1232 1269 Bat..
1258 1243 1295 1269 a.
1323 1228 1426 1269 1671
1452 1229 1499 1268 ad
1523 1225 1676 1267 Salma-

188 1304 341 1344 sianum
373 1314 608 1355 expressum
641 1306 726 1349 est,
759 1299 856 1339 haec
884 1297 1091 1352 leguntur:
1121 1295 1320 1337 ‘Gallieno
1349 1296 1469 1350 igitur
1490 1302 1530 1335 et
1552 1294 1675 1336 Volu-

187 1373 299 1413 siano
322 1369 546 1411 oonsulibus
568 1366 800 1408 Macrianus
825 1372 860 1406 et
883 1363 1050 1405 Ballista
1069 1365 1110 1404 in
1133 1379 1253 1404 unum
1277 1368 1422 1404 co'e'unt
1437 1393 1446 1409 ‚
1472 1362 1674 1403 exercitus

186 1440 375 1494 reliquias
408 1442 630 1478 conuocant
661 1442 725 1485 et,
759 1448 846 1474 cum
876 1431 1099 1473 Romanum
1130 1432 1171 1472 in
1202 1432 1354 1473 oriente
1377 1437 1535 1471 nutaret
1554 1431 1676 1484 impe-

186 1509 305 1558 rium,
331 1519 443 1560 quem
468 1506 647 1545 facerent
667 1503 968 1556 imperatorem,
1001 1501 1208 1554 requirunt
1229 1498 1412 1540 Gallieno
1445 1508 1521 1539 tam
1545 1499 1678 1552 negle-

186 1583 328 1633 genter
350 1588 393 1615 se
414 1580 570 1627 agente,
597 1579 639 1612 ut
660 1571 745 1611 eius
767 1583 817 1610 ne
838 1569 986 1609 mentio
1009 1569 1161 1622 quidem
1183 1569 1283 1622 apud
1306 1567 1525 1608 exercitum
1545 1568 1673 1607 fieret.

188 1643 372 1697 Denique
394 1657 481 1682 cum
504 1639 649 1695 plureis
672 1639 757 1678 eius
778 1636 837 1677 rei
859 1650 980 1676 causa
1001 1636 1298 1683 conuenissent,
1332 1634 1490 1688 placuit,
1526 1641 1568 1673 ut
1589 1632 1677 1674 Ma-

190 1712 366 1752 crianum
399 1724 484 1749 cum
514 1708 605 1748 filiis
636 1706 717 1746 suis
746 1706 1023 1759 imperatorem
1056 1703 1262 1744 dicerent'.
1313 1703 1582 1742 Accusatiuus
1611 1702 1677 1743 ille

190 1778 369 1834 ‘plureisff
403 1776 562 1817 tolerari
592 1781 741 1829 potest:
785 1772 832 1812 ob
861 1772 1067 1825 sequentia
1099 1771 1363 1812 nominatiuus
1396 1769 1676 1824 praeferendus

188 1847 360 1888 uidetur.
404 1843 483 1886 Sed
505 1844 605 1898 apud
627 1839 841 1882 Caesarem
863 1846 972 1880 recte
994 1838 1169 1880 Iurinius
1191 1840 1231 1879 in
1254 1839 1420 1879 addend.
1446 1853 1483 1891 p.
1509 1836 1591 1878 570
1613 1851 1678 1877 co-

191 1916 320 1956 dicum
343 1914 577 1967 scripturam
601 1909 789 1951 defendit.
832 1906 973 1949 Plures
1003 1915 1181 1962 apertum
1204 1914 1264 1947 est
1286 1907 1467 1947 cohortes
1497 1906 1588 1946 dici.
1630 1903 1678 1945 In

192 1982 477 2037 campestribus
499 1988 630 2021 autem
651 1979 749 2019 loeis
772 1977 896 2017 maior
918 1984 1004 2017 erat
1026 1976 1083 2016 uis
1107 1976 1303 2028 equitatus
1327 1972 1586 2024 Caesariani,
1612 1973 1678 2027 qui

191 2051 450 2092 nouissimum
473 2062 613 2103 agmen
637 2045 835 2100 carpebat.
867 2043 1003 2098 Itaque
1025 2043 1246 2084 huiusmodi
1268 2043 1363 2082 locis
1386 2043 1517 2096 plures
1539 2042 1679 2082 cohor-

191 2127 266 2169 tes,
292 2133 405 2171 quam
426 2117 468 2157 in
490 2116 705 2157 nouissimo
729 2114 886 2167 agmine
908 2126 995 2153 esse
1019 2117 1274 2160 consuerant,
1291 2110 1577 2159 subsistebant,
1602 2123 1678 2162 quo

192 2187 340 2228 maiore
373 2185 570 2240 praesidio
603 2183 754 2237 equites
783 2182 831 2222 ad
862 2181 1055 2233 reliquum
1088 2179 1307 2219 exercitum
1336 2177 1494 2217 interim
1518 2190 1678 2231 progre-

193 2256 362 2297 dientem
394 2254 601 2308 peruenire
635 2265 800 2304 eumque
830 2249 930 2290 male
959 2247 1103 2287 habere
1135 2246 1404 2300 prohiberent.
1452 2243 1565 2284 Nihil
1596 2251 1680 2284 erat

193 2324 327 2379 igitur,
353 2335 472 2375 quare
496 2320 766 2373 Elberlingius
792 2315 1053 2371 ‘equitesque'
1077 2315 1279 2367 corrigere
1302 2319 1525 2367 temptaret.

307 2389 358 2432 C.
393 2388 462 2439 80,
495 2389 521 2428 4
553 2389 648 2428 haec
670 2388 709 2427 in
732 2386 845 2426 codd.
876 2385 1023 2437 scripta
1053 2389 1166 2422 sunt:
1205 2379 1321 2434 ‘Qua
1341 2394 1385 2421 re
1407 2379 1679 2420 animaduersa

193 2458 347 2501 Caesar
367 2457 514 2499 relictis
536 2455 758 2509 legionibus
782 2452 1050 2506 subsequitur,
1075 2449 1270 2503 praesidio
1283 2447 1570 2502 impedimentis
1588 2461 1679 2500 pau-

194 2542 260 2570 cas
283 2528 466 2568 cohortes
489 2523 703 2577 relinquit'.
736 2521 916 2562 Relictas
938 2520 1112 2574 legiones
1131 2516 1432 2570 Oudendorpius
1448 2516 1523 2555 dici
1539 2515 1680 2555 existi-

193 2596 349 2646 mabat,
384 2593 483 2647 quod
516 2606 586 2632 eae
618 2590 787 2631 dimissis
810 2588 1005 2642 equitibus
1027 2587 1067 2626 in
1090 2585 1230 2626 castris
1252 2584 1554 2624 remansissent.
1599 2581 1679 2623 Sed

192 2665 232 2705 in
265 2663 337 2704 hac
359 2660 550 2702 orationis
574 2660 697 2699 forma
719 2657 841 2698 uerba
860 2656 927 2697 illa
949 2655 1065 2696 aliter
1084 2653 1260 2707 intellegi
1282 2666 1360 2692 non
1382 2658 1568 2706 possunt,
1602 2649 1681 2690 nisi

194 2739 238 2772 ut
265 2728 418 2771 Caesar
439 2728 615 2782 legiones
637 2726 860 2778 reliquisse,
886 2725 968 2778 ipse
990 2722 1224 2763 subsecutus
1246 2734 1335 2760 esse
1357 2720 1523 2760 dicatur.
1565 2716 1680 2771 Quod

195 2805 333 2840 contra
356 2803 440 2837 est:
474 2809 561 2835 cum
583 2793 675 2848 ipsis
699 2793 802 2832 enim
824 2791 1043 2846 legionibus
1067 2790 1266 2843 profect-us
1290 2795 1374 2838 est,
1409 2789 1497 2841 quia
1529 2786 1680 2840 equites

195 2864 405 2922 pabulandi
445 2876 564 2904 causa
603 2861 752 2901 dimissi
783 2859 916 2900 statim
948 2857 1197 2901 aduersarios
1228 2855 1338 2910 sequi
1372 2870 1450 2897 non
1482 2860 1675 2910 poterant.
