1835 3240
103 900 141 932 10

104 1239 144 1272 15

593 164 778 208 COMM.
804 163 881 207 Vll
904 162 1029 206 CAP.
1052 164 1225 207 8-11.
1647 163 1727 206 411

173 280 353 324 maximis
375 286 505 333 potest
526 279 733 320 itineribus
756 279 953 322 Viennam
976 279 1171 335 peruenit,
1236 277 1292 318 lbi
1326 285 1493 317 nanetus
1515 292 1653 319 recen·
1674 277 1700 318 4

174 359 247 391 tem
271 349 499 402 equitatum,
526 361 638 400 quem
662 349 792 388 multis
815 355 906 388 ante
929 348 1064 388 diebus
1088 361 1133 387 eo
1157 346 1430 401 praemiserat,
1455 359 1579 398 neque
1603 347 1659 386 di-

173 431 272 458 urno
305 430 431 469 neque
465 425 658 457 nocturno
691 417 834 456 itinere
863 416 1091 456 intermisso
1124 429 1193 469 per
1223 416 1319 455 fines
1343 412 1596 453 Haeduorum
1619 415 1658 452 in

173 484 377 538 Lingones
391 485 606 535 contendit,
631 485 695 524 ubi
719 485 815 524 duae
837 484 1014 537 legiones
1038 484 1277 531 hiemabant,
1303 489 1360 531 ut,
1387 481 1418 521 si
1433 480 1523 536 quid
1546 479 1661 520 etiam

177 553 223 593 de
246 566 315 592 sua
337 552 462 592 salute
485 552 531 591 ab
555 551 729 592 Haeduis
752 552 923 591 iniretur
944 552 1115 601 consilii,
1142 552 1345 592 celeritate
1368 554 1658 604 praecurreret.

173 620 235 661 Eo
259 635 342 660 eum
362 620 624 674 peruenisset,
651 620 697 659 ad
719 619 890 671 reliquas
913 619 1090 672 legiones
1113 619 1232 659 mittit
1254 619 1439 673 priusque
1462 629 1599 656 omnes
1621 614 1660 654 in
1683 613 1707 654 5

174 703 292 729 unum
315 690 443 728 locum
467 688 587 741 cogit,
613 701 726 740 quam
751 687 797 726 de
822 688 903 727 eius
918 686 1300 727 aduentuAruernis
1315 685 1490 726 nuntiari
1513 689 1659 737 posset.

175 756 260 797 Hac
282 771 325 797 re
348 757 504 810 cognita
527 755 837 809 Vercingetorix
859 769 998 795 rursus
1021 755 1060 794 in
1077 753 1279 809 Bituriges
1303 754 1521 795 exereitum
1546 751 1661 792 redu·
1683 747 1709 789 6

176 825 226 865 cit
247 832 364 878 atque
386 825 476 864 inde
498 825 697 878 profectus
721 821 1015 877 Gorgobinam,
1040 820 1226 863 Boiorum
1252 823 1431 876 oppidum
1447 853 1457 871 ‚
1492 833 1587 873 quos
1609 817 1662 859 ibi

174 892 381 933 Heluetico
414 893 562 946 proelio
600 893 727 932 uictos
760 889 913 932 Caesar
945 891 1226 931 conlocauerat.
1257 889 1510 943 Haeduisque
1540 887 1662 928 adtri-

174 961 331 1010 bue-rat,
356 975 583 1014 oppugnare
605 960 793 1000 instituit.
852 958 1041 1014 Magnam
1065 959 1161 999 haec
1184 973 1248 999 res
1272 956 1439 998 Caesari
1462 957 1663 997 difficulta·
1684 954 1739 999 10

176 1035 249 1068 tem
274 1029 321 1068 ad
345 1029 548 1069 consilium
573 1029 802 1082 capiendum
826 1028 1056 1078 adferebat,
1081 1028 1114 1068 si
1138 1027 1323 1079 reliquam
1351 1033 1499 1080 partem
1525 1023 1663 1064 hiemis

174 1110 250 1135 uno
273 1097 359 1136 loco
381 1097 558 1150 legiones
581 1096 817 1146 contineret,
843 1110 892 1136 ne
905 1095 1172 1150 stipendiariis
1186 1094 1440 1135 Haeduorum
1462 1106 1663 1146 expugna-

175 1165 224 1204 tis
248 1172 387 1205 cuncta
409 1163 540 1205 Gallia
562 1165 773 1215 deficeret,
810 1164 910 1218 quod
940 1164 1085 1205 nullum
1119 1164 1256 1204 amicis
1289 1164 1328 1203 in
1360 1177 1405 1202 eo
1430 1160 1664 1216 praesidium

177 1233 379 1273 uideretur
391 1234 557 1287 positum
582 1247 694 1283 esse3
720 1233 752 1273 si
776 1234 965 1273 maturius
981 1247 1032 1273 ex
1054 1232 1229 1273 hibernis
1253 1232 1454 1280 educere-t,
1480 1243 1529 1270 ne
1551 1228 1598 1269 ab
1619 1240 1664 1268 re

178 1302 436 1342 frumentaria
468 1302 574 1342 duris
606 1301 927 1342 subnectionibus
960 1302 1175 1342 laboraret.
1218 1299 1432 1340 Praestare
1455 1298 1582 1338 uisum
1607 1302 1666 1337 est
1686 1294 1713 1337 2

178 1375 308 1408 tamen
332 1370 457 1409 omnis
481 1370 724 1410 difficultates
758 1370 934 1423 perpeti,
968 1384 1080 1423 quam
1114 1376 1223 1409 tanta
1246 1366 1483 1409 contumelia
1505 1371 1667 1418 accepta

179 1437 351 1477 omnium
373 1452 536 1481 suorum
561 1438 782 1478 uoluntates
811 1438 1001 1478 alienare.
1055 1436 1193 1493 Itaque
1224 1437 1454 1477 cohortatus
1477 1432 1664 1473 Haeduos
1688 1430 1713 1472 3

179 1505 227 1545 de
249 1506 514 1558 supportando
537 1514 757 1547 commeatu
780 1506 994 1560 praemittit
1016 1506 1062 1546 ad
1084 1504 1223 1553 Boios,
1249 1505 1312 1558 qui
1336 1505 1381 1544 de.
1403 1518 1475 1543 suo
1497 1503 1669 1542 aduentu

178 1572 342 1613 doceant
365 1574 673 1627 hortenturque,
710 1581 752 1614 ut
780 1575 818 1614 in
848 1574 921 1614 fide
943 1582 1127 1614 maneant
1150 1581 1265 1627 atque
1288 1573 1457 1613 hostium
1479 1571 1667 1624 impetum

178 1654 320 1694 magno
343 1642 471 1681 animo
495 1642 732 1683 sustineant.
789 1641 951 1682 Duabus
974 1642 1142 1695 Agedici
1164 1642 1384 1694 legionibus
1408 1647 1525 1692 atque
1547 1639 1669 1691 impe-
1690 1636 1717 1677 4

180 1709 361 1749 dimentis
384 1710 503 1749 totius
527 1711 730 1751 exereitus
752 1711 901 1751 relictis
925 1711 972 1750 ad
993 1708 1115 1750 Boios
1138 1710 1414 1764 proficiscitur.
1447 1707 1589 1747 Altero
1612 1705 1673 1746 die
1693 1704 1745 1749 ll

180 1791 266 1817 cum
288 1779 335 1818 ad
357 1778 534 1832 oppidum
559 1776 761 1819 Senonum
784 1778 1128 1820 Vellaunodunum
1152 1779 1350 1827 uenisset,
1376 1791 1425 1817 ne
1448 1789 1560 1830 quem
1583 1781 1671 1829 post

181 1859 224 1885 se
246 1845 397 1887 hostem
420 1847 687 1900 relinqueret⁷
722 1862 798 1901 quo
831 1848 1077 1902 expeditiore
1109 1861 1153 1888 re
1187 1844 1443 1887 frumentaria
1472 1849 1668 1892 uteretur,

185 1913 410 1967 obpugnare
432 1915 602 1956 instituit
631 1917 746 1970 idque
777 1917 894 1957 biduo
918 1916 1260 1966 circumuallauit3
1294 1915 1413 1955 tertio
1446 1913 1507 1953 die
1537 1910 1670 1952 missis
1691 1909 1719 1951 2

184 1996 235 2022 ex
257 1982 394 2036 oppido
418 1983 558 2038 legatis
591 1985 637 2025 de
670 1985 867 2026 deditione
898 1999 1008 2026 arma
1041 1986 1240 2034 conferri,
1282 1984 1457 2024 iumenta
1488 1979 1669 2035 produci,

182 2058 394 2092 sexcentos
417 2052 573 2094 obsides
607 2054 689 2094 dari
720 2054 842 2094 iubet.
895 2053 957 2094 Ea
986 2054 1050 2107 qui
1074 2055 1312 2103 conficeret,
1347 2049 1395 2092 C.
1423 2049 1671 2092 Trebonium
1693 2046 1719 2088 3
1751 2089 1755 2099 ‚

326 2241 337 2272 1
362 2241 458 2273 uenit
477 2242 506 2273 b.
722 2248 867 2274 nanetus
886 2244 919 2274 A
937 2246 971 2274 et
988 2245 1071 2274 ante.
1091 2252 1184 2274 corr.
1205 2243 1254 2282 B,
1279 2247 1399 2274 nactus
1419 2252 1439 2272 ιι
1458 2244 1494 2272 et
1511 2249 1605 2272 corr.
1625 2239 1667 2271 B.

323 2292 343 2323 4
361 2291 390 2323 si
409 2293 496 2334 quod
515 2293 546 2325 B
565 2294 660 2325 suess.
682 2293 725 2326 7’.
869 2294 888 2326 8
908 2303 947 2325 ae
967 2304 1001 2325 re
1021 2294 1063 2325 B.
1206 2292 1525 2334 VergingetorixB.

183 2344 319 2376 reduxit
339 2345 369 2376 b.
578 2346 596 2378 9
617 2346 844 2388 Gorgobinam
863 2347 935 2378 AB
949 2347 1016 2378 CI)
1029 2371 1039 2386 ‚
1064 2345 1249 2378 Gortonam
1268 2357 1288 2377 α
1303 2347 1320 2377 b
1333 2345 1410 2377 ede
1427 2343 1671 2386 (Gergobinam

183 2394 260 2427 edd.
281 2399 364 2427 ante
381 2396 464 2429 Αἶά.
486 2401 522 2429 et
537 2398 756 2441 Stephanus,
779 2397 984 2438 Gergobiam
998 2397 1128 2437 Aldus,
1150 2397 1354 2438 Gergouiam
1365 2397 1403 2429 P.
1418 2395 1604 2428 Manutius
1616 2393 1669 2435 u).

325 2448 412 2489 quod
431 2448 496 2479 sibi
514 2449 587 2481 AB
599 2450 640 2482 C.
784 2450 821 2481 10
842 2448 999 2480 Heluetio
1020 2459 1049 2480 e.
1192 2449 1302 2480 uictor
1319 2450 1363 2481 A.
1513 2446 1672 2478 conloca-

184 2504 281 2531 uerat
298 2501 338 2533 B.
479 2503 697 2535 adtribuerat
714 2503 756 2535 B.
903 2503 941 2535 12
962 2502 1141 2534 adferebat
1159 2504 1202 2535 B.
1362 2502 1401 2534 13
1420 2511 1486 2532 uno
1505 2501 1579 2532 loco
1598 2498 1672 2531 AB

188 2554 214 2583 C
227 2553 258 2583 D
272 2564 301 2593 e,
320 2564 387 2585 uno
405 2555 438 2586 in
459 2556 532 2587 loeo
552 2567 585 2587 ll.
729 2555 910 2598 stipendiis
925 2556 952 2586 b.
1095 2556 1137 2588 14
1156 2555 1331 2587 defecerat
1344 2565 1392 2587 m.
1408 2564 1468 2595 pr.
1482 2553 1525 2585 B.

186 2603 302 2635 amicis
322 2615 389 2636 om.
411 2617 440 2637 c.
581 2609 613 2639 in
635 2618 674 2640 ea
695 2609 725 2639 b.
892 2608 929 2639 15
949 2607 1083 2639 uideret
1102 2608 1173 2639 BD
1188 2609 1205 2639 b
1219 2619 1276 2639 ee.
1445 2607 1500 2638 ‘ab
1520 2614 1597 2636 esse
1618 2613 1671 2633 us-

185 2666 251 2697 que
269 2656 316 2688 acl
335 2668 375 2688 ue
394 2659 607 2693 eoeulcznt‘ab
628 2658 670 2692 b‘.
831 2660 859 2692 si
879 2660 1046 2692 maturius
1066 2661 1124 2692 Be
1146 2659 1323 2703 ‘1·el[qui’‚
1347 2659 1398 2691 sin
1418 2657 1586 2690 maturius
1605 2654 1668 2686 esl-

332 2708 369 2740 17
389 2711 496 2742 omnis
514 2711 557 2743 B.
737 2712 777 2744 18
797 2712 996 2744 cohortatus
1015 2723 1061 2744 m.
1078 2723 1137 2755 pr.
1157 2713 1201 2744 B.
1364 2711 1404 2743 21
1426 2707 1595 2750 Agedinci
1613 2706 1670 2737 Be

190 2766 285 2789 vass.
308 2762 450 2792 lantum
468 2772 536 2794 non
555 2761 700 2801 omnes',
719 2763 885 2804 Agendici
903 2774 938 2795 u.
1149 2764 1191 2796 23
1211 2761 1462 2794 Vellauduuum
1485 2761 1524 2791 G.

185 2811 226 2841 '25
247 2810 439 2852 obpugnare
458 2813 500 2844 B.
649 2814 765 2856 idque]
785 2824 890 2856 eoque
913 2815 972 2846 bc.
1135 2814 1178 2848 26
1198 2813 1348 2845 conferri
1369 2812 1439 2843 AB
1454 2810 1534 2850 CI),
1557 2807 1670 2840 efferri

189 2862 228 2901 b;
249 2861 396 2904 proferri
416 2873 478 2895 eu.
617 2866 659 2899 27
680 2870 857 2898 sescentos
876 2866 917 2897 B.
1059 2865 1178 2897 Gaium
1196 2876 1264 2897 see.
1285 2876 1330 2896 m.
1353 2865 1394 2895 B.
