1835 3240
735 197 847 203 ——
908 171 989 213 130
1047 197 1159 203 --

202 295 360 338 6336111,
394 287 574 328 similiter
605 287 805 341 sequentis
827 287 920 327 anni
942 293 1143 339 praetores
1175 285 1289 326 etita
1311 286 1521 340 deinceps,
1556 288 1679 328 donce

202 369 343 396 nouem
366 363 568 409 praetores
590 355 743 396 inuenti
766 362 915 403 essent,
939 354 1004 407 qui
1026 355 1066 394 in
1087 354 1311 408 prouincias
1334 355 1499 408 profecti
1521 371 1599 396 non
1621 370 1682 396 cs-

201 431 302 464 36111.
337 422 443 464 Idem
465 425 537 465 1106
558 438 677 474 311110,
702 424 748 463 116
770 436 846 476 quo
861 421 1013 463 Caesar
1033 422 1185 470 scribit,
1211 421 1328 461 etiam
1349 422 1390 461 in
1408 424 1682 465 consularibus

199 491 414 545 prouinciis
441 493 584 532 factum
608 498 684 532 est.
729 488 851 531 Certe
872 487 924 528 L.
940 488 1115 529 Domitio
1128 487 1410 539 Ahenobarbo,
1434 490 1496 530 cui
1516 491 1684 532 ulterior

201 558 331 601 Gallia
354 560 485 600 euenit
507 560 580 609 (cf.
606 557 691 598 Cic.
716 555 832 596 Fam.
856 554 985 604 XVI,
1011 554 1089 605 12,
1124 554 1203 609 3),
1237 571 1323 596 cum
1346 571 1450 598 anno
1469 557 1524 600 ,54
1546 560 1683 599 60113111

199 628 354 678 fuisset,
379 641 505 668 annus
527 625 582 666 49
604 625 801 678 legitimus
826 631 912 663 erat
934 623 1162 677 prouinciae
1185 624 1437 664 obtinendae.
1482 624 1580 665 Eius
1604 626 1684 666 col-

200 696 287 749 lega
310 694 460 748 Appius
490 707 543 733 cx
565 692 770 732 consulatu
793 688 975 731 Ciliciam
1000 691 1240 744 prouinciam
1266 691 1479 742 habuerat,
1513 693 1551 732 id
1583 694 1683 746 quod

201 777 254 803 ex
275 759 483 802 Ciceronis
506 760 681 813 epistolis
706 765 840 799 notum
863 765 948 799 est:
974 758 1006 798 is
1030 759 1135 798 enim
1157 760 1191 799 ei
1214 760 1422 801 successit.
1478 757 1615 813 Itaque
1636 761 1685 801 ad

199 829 445 883 sequentium
470 841 664 868 annorum
687 828 870 867 consules
893 826 1209 867 descendendum
1231 835 1328 868 erat.
1387 827 1570 869 Proximi
1592 829 1685 869 anni

200 898 401 938 consulum
425 893 617 936 Messalla
637 908 740 935 anno
762 895 812 936 51
836 896 923 949 lege
945 894 1105 935 Licinia
1130 895 1299 936 ambitus
1321 897 1602 937 condemnatus
1625 903 1686 938 est

199 962 333 1015 (Cael.
358 961 472 1003 Fam.
498 960 623 1010 VIII,
647 963 698 1013 2,
726 962 765 1003 1.
789 962 839 1010 4,
865 962 924 1016 1).
967 960 1029 1002 1)6
1050 960 1225 1003 1)01111110
1248 961 1442 1014 Caluino,
1475 979 1546 1006 cur
1575 979 1686 1019 prae-

199 1031 339 1072 teritus
362 1030 430 1079 sit,
455 1044 613 1070 causam
629 1031 788 1081 nescio,
814 1031 881 1071 3611
905 1030 1106 1085 probabile
1126 1037 1187 1071 est
1208 1038 1297 1084 post
1318 1031 1562 1072 consulatum
1584 1033 1684 1073 idem

199 1099 260 1148 ei,
298 1099 400 1151 quod
421 1096 661 1147 Messallae,
694 1099 910 1139 accidisse:
936 1098 976 1138 in
999 1097 1132 1138 eadem
1157 1098 1270 1151 culpa
1291 1098 1413 1140 fuisse
1437 1107 1585 1140 certum
1609 1107 1682 1140 est.

198 1166 284 1206 Hoc
306 1167 340 1206 si
362 1180 499 1206 uerum
522 1174 598 1216 est,
623 1181 728 1208 anno
751 1166 805 1207 48
828 1181 913 1207 611111
935 1166 1097 1219 reliquis
1120 1166 1304 1206 exulibus
1327 1181 1348 1207 a
1365 1164 1548 1208 *Caesare
1571 1168 1687 1208 resti-

200 1242 306 1275 tutus
328 1235 453 1275 uideri
475 1234 613 1285 debet,
650 1235 760 1275 cuius
793 1234 896 1275 bello
928 1234 1034 1275 ciuili
1065 1235 1218 1288 legatus
1242 1235 1328 1274 fuit.
1372 1234 1478 1275 Nam
1502 1233 1579 1276 Cn.
1603 1234 1686 1276 Do-

200 1304 348 1353 mitius,
375 1305 597 1357 praefectus
620 1303 791 1355 equitum
814 1299 1019 1351 Curionis,
1045 1302 1109 1355 qui
1131 1302 1168 1341 b.
1195 1302 1271 1341 ciu.
1297 1300 1352 1353 Il,
1377 1303 1430 1342 4⁶2
1453 1317 1686 1344 commemo-

199 1380 325 1422 ratur,
351 1386 429 1412 non
450 1371 524 1411 fuit
544 1371 644 1411 idem
662 1402 671 1418 ,
696 1378 739 1411 111
760 1370 1019 1410 Drumannus
1043 1369 1207 1423 putauit.
1270 1368 1556 1411 praefecturae
1583 1371 1686 1411 enim

198 1440 369 1493 equitum
394 1454 471 1480 non
494 1453 516 1479 a
538 1439 826 1488 consularibus,
851 1439 921 1479 sed
942 1438 989 1478 ab
1013 1437 1210 1490 equitibus
1224 1435 1414 1478 Romanis
1437 1439 1688 1480 administra-

198 1507 356 1548 bantur.
401 1505 679 1560 Sequebantur
703 1505 779 1548 Cn.
804 1506 1018 1560 Pompeius
1040 1506 1213 1554 tertium,
1244 1502 1294 1557 Q.
1322 1504 1519 1547 Caecilius
1542 1505 1687 1548 Metel-

199 1575 261 1616 lus
282 1574 376 1616 Pius
402 1573 536 1628 Scipio
559 1576 740 1615 consules
757 1606 767 1624 ,
803 1588 966 1627 quorum
989 1575 1056 1614 ille
1078 1587 1180 1614 anno
1201 1572 1256 1613 49
1279 1574 1396 1614 etiam
1422 1581 1501 1614 tum
1525 1575 1685 1628 prouin-

199 1642 280 1682 cias
303 1642 516 1691 obtinebat,
544 1642 631 1682 huic
654 1643 817 1682 alteram
841 1642 1091 1682 consularem
1112 1640 1354 1694 prouinciam
1379 1642 1574 1681 decretam
1597 1656 1686 1682 esse

199 1707 354 1750 Caesar
374 1710 512 1749 refert.
565 1707 646 1749 13111
671 1709 717 1750 de
740 1709 872 1749 eadem
896 1709 982 1762 lege
1003 1707 1193 1762 Pompeia
1213 1709 1297 1748 siue
1320 1716 1482 1749 senatus
1506 1710 1686 1750 consulto

200 1774 354 1818 Caesar
376 1778 491 1818 etiam
514 1777 554 1817 b.
580 1777 656 1817 ciu.
680 1774 724 1826 I,
749 1776 827 1826 85,
855 1774 881 1816 9
904 1776 1098 1829 queritur,
1123 1790 1210 1816 cum
1232 1776 1272 1816 in
1295 1777 1476 1817 oratione
1498 1777 1545 1817 ad
1567 1777 1686 1818 Afra-

199 1846 308 1886 nium
331 1844 579 1886 etPetreium
592 1845 689 1885 haec
703 1850 1006 1884 commemorat:
1035 1845 1091 1884 ‘in
1104 1858 1146 1885 se
1168 1844 1254 1885 iura
1269 1845 1565 1898 magistratuum
1582 1859 1686 1886 com·

199 1914 358 1963 mutari,
393 1927 442 1953 ne
464 1927 516 1954 ex
538 1920 721 1966 praetura
743 1919 782 1952 et
803 1913 1012 1953 consulatu
1028 1943 1038 1962 ,
1073 1919 1116 1952 ut
1137 1926 1315 1966 semper,
1350 1913 1416 1953 sed
1449 1927 1519 1966 per
1540 1927 1685 1966 paucos

201 1980 354 2035 probati
377 1987 416 2020 et
437 1981 551 2022 electi
573 1981 612 2020 111
634 1980 859 2035 prouincias
880 1979 1115 2021 mittantur'.
1157 1979 1299 2033 Neque
1322 1988 1410 2034 post
1431 1981 1586 2021 ciuilem
1609 1982 1686 2022 dis-

201 2048 425 2088 sensionem
448 2063 493 2089 63
515 2049 583 2089 lex
604 2055 764 2089 seruata
786 2055 860 2089 est.
925 2046 982 2088 lta
998 2079 1008 2098 ,
1042 2055 1083 2088 ut
1105 2049 1294 2088 nonnulla
1325 2050 1503 2103 exempla
1528 2063 1683 2102 ponam,

199 2114 261 2155 Μ.
286 2114 460 2169 Lepidus
493 2131 545 2157 ex
577 2124 761 2170 praetura
793 2116 959 2157 obtinuit
980 2115 1210 2170 Hispaniam
1241 2117 1463 2157 citeriorem
1497 2131 1600 2157 anno
1630 2116 1686 2157 48

201 2181 338 2237 (Caes.
363 2185 401 2224 b.
427 2185 506 2225 eiu.
531 2183 586 2234 11,
608 2185 678 2234 21,
704 2186 744 2225 5.
761 2183 864 2224 Hirt.
891 2184 1064 2224 b.Alex.
1089 2182 1159 2233 49,
1184 2182 1244 2236 3),
1271 2183 1497 2224 Trebonius
1518 2186 1610 2225 item
1633 2199 1687 2225 ex

200 2260 386 2306 praetura
407 2253 635 2294 ulteriorem
658 2252 835 2305 sequenti
857 2265 960 2291 311110
984 2249 1123 2300 (Caes.
1149 2252 1187 2291 b.
1215 2252 1290 2291 cin.
1315 2250 1390 2301 111,
1415 2251 1484 2302 20,
1512 2252 1550 2291 1.
1577 2252 1684 2292 Η111.

200 2319 240 2360 b.
266 2320 389 2361 Alex.
414 2320 484 2371 63,
518 2320 591 2374 2):
626 2328 664 2360 et
685 2319 745 2360 M.
769 2319 985 2360 Antonium
1007 2326 1124 2372 atque
1142 2318 1383 2359 Dolabellam
1408 2333 1459 2359 ex
1483 2320 1687 2360 consulatu

200 2386 243 2427 in
265 2388 487 2441 prouincias
509 2390 708 2443 profectos
731 2401 820 2428 6336
842 2394 977 2427 notum
1000 2393 1075 2436 631,
1102 2401 1225 2440 eoque
1248 2400 1349 2426 anno
1373 2387 1490 2427 etiam
1512 2388 1684 2440 reliquos

201 2456 455 2509 magistratus
477 2457 639 2496 sortitos
663 2469 753 2496 esse
775 2470 829 2496 ex
851 2453 938 2497 Cic.
963 2454 1061 2495 Phil.
1084 2453 1157 2504 III,
1183 2454 1236 2495 10
1256 2461 1431 2508 apparet.
1481 2454 1686 2509 Augustus

203 2523 354 2564 demum
378 2524 503 2578 legem
525 2523 749 2577 Pompeiam
772 2525 930 2574 retulit,
964 2524 1010 2563 de
1032 2537 1108 2576 quo
1133 2520 1300 2564 Sueton.
1334 2522 1441 2576 Aug.
1469 2522 1521 2563 36
1551 2523 1687 2564 scribit

206 2595 361 2631 ‘auctor
382 2592 478 2641 fuit,
513 2606 562 2632 ne
594 2591 845 2644 magistratus
868 2591 1043 2646 deposito
1076 2591 1224 2631 honore
1246 2591 1376 2631 statim
1400 2592 1439 2631 in
1462 2590 1685 2645 prouincias

201 2658 473 2699 mitterentur’
505 2666 545 2700 et
567 2656 685 2699 Cass.
709 2658 786 2700 Dio
809 2658 934 2709 LIII,
972 2659 1022 2699 14
1053 2658 1181 2716 κοινῇ
1214 2658 1258 2702 δὲ
1291 2658 1345 2714 δή
1375 2661 1513 2702 πᾶσιν
1534 2657 1686 2706 αὐτοῖς

200 2721 473 2782 οἷπηγόρευσε
493 2726 666 2785 μηδένα
683 2726 769 2783 πρὸ
784 2727 919 2771 πέντε
940 2727 1052 2770 ἐτῶν
1062 2725 1176 2782 μετοὶ
1200 2727 1249 2768 τὸ
1271 2731 1319 2771 ἐν
1341 2728 1396 2786 τῇ
1417 2722 1543 2770 πόλει
1559 2725 1686 2782 ἄρξαι

199 2795 494 2850 κληροῦσθαι,
520 2796 620 2849 quod
642 2802 772 2835 tamen
795 2795 840 2835 de
861 2796 910 2836 iis
931 2796 1146 2848 prouinciis
1170 2797 1426 2836 constitutum
1450 2809 1561 2845 esse,
1586 2807 1684 2848 quae

201 2869 361 2904 senatus
384 2864 590 2918 populique
610 2865 791 2913 fuerunt,
827 2870 866 2903 et
896 2863 979 2917 ipsa
1012 2878 1077 2904 res
1109 2871 1145 2904 61
1168 2865 1375 2918 superiora
1396 2863 1538 2905 Dionis
1561 2862 1683 2904 uerba
