<?xml version="1.0" encoding="UTF-8"?>
<!DOCTYPE html PUBLIC "-//W3C//DTD XHTML 1.0 Transitional//EN"
    "http://www.w3.org/TR/xhtml1/DTD/xhtml1-transitional.dtd">
<html xmlns="http://www.w3.org/1999/xhtml" xml:lang="en" lang="en">
 <head>
  <title>
</title>
<meta http-equiv="Content-Type" content="text/html;charset=utf-8" />
  <meta name='ocr-system' content='tesseract 3.04.00' />
  <meta name='ocr-capabilities' content='ocr_page ocr_carea ocr_par ocr_line ocrx_word'/>
</head>
<body>
  <div class='ocr_page' id='page_1' title='image "./commentarii00caesuoft_0315.png"; bbox 0 0 1835 3240; ppageno 0'>
   <div class='ocr_carea' id='block_1_1' title="bbox 91 882 131 915">
    <p class='ocr_par' dir='ltr' id='par_1_1' title="bbox 91 882 131 915">
     <span class='ocr_line' id='line_1_1' title="bbox 91 882 131 915; baseline 0 0"><span class='ocrx_word' id='word_1_1' title='bbox 91 882 131 915; x_wconf 86' lang='lat'><strong>10</strong></span> 
     </span>
    </p>
   </div>
   <div class='ocr_carea' id='block_1_2' title="bbox 90 1222 129 1254">
    <p class='ocr_par' dir='ltr' id='par_1_2' title="bbox 90 1222 129 1254">
     <span class='ocr_line' id='line_1_2' title="bbox 90 1222 129 1254; baseline 0 0"><span class='ocrx_word' id='word_1_2' title='bbox 90 1222 129 1254; x_wconf 89' lang='lat'><strong>15</strong></span> 
     </span>
    </p>
   </div>
   <div class='ocr_carea' id='block_1_3' title="bbox 89 1557 132 1592">
    <p class='ocr_par' dir='ltr' id='par_1_3' title="bbox 89 1557 132 1592">
     <span class='ocr_line' id='line_1_3' title="bbox 89 1557 132 1592; baseline -0.047 0"><span class='ocrx_word' id='word_1_3' title='bbox 89 1557 132 1592; x_wconf 85' lang='lat'><strong>20</strong></span> 
     </span>
    </p>
   </div>
   <div class='ocr_carea' id='block_1_4' title="bbox 89 1897 131 1930">
    <p class='ocr_par' dir='ltr' id='par_1_4' title="bbox 89 1897 131 1930">
     <span class='ocr_line' id='line_1_4' title="bbox 89 1897 131 1930; baseline 0.048 -2"><span class='ocrx_word' id='word_1_4' title='bbox 89 1897 131 1930; x_wconf 76' lang='lat'><strong>25</strong></span> 
     </span>
    </p>
   </div>
   <div class='ocr_carea' id='block_1_5' title="bbox 580 145 1715 192">
    <p class='ocr_par' dir='ltr' id='par_1_5' title="bbox 580 145 1715 192">
     <span class='ocr_line' id='line_1_5' title="bbox 580 145 1715 192; baseline 0.002 -2"><span class='ocrx_word' id='word_1_5' title='bbox 580 147 764 190; x_wconf 83' lang='lat' dir='ltr'><strong>COMM.</strong></span> <span class='ocrx_word' id='word_1_6' title='bbox 788 146 829 189; x_wconf 95' lang='lat' dir='ltr'><strong>II</strong></span> <span class='ocrx_word' id='word_1_7' title='bbox 851 145 1190 188; x_wconf 78' lang='lat' dir='ltr'><strong>CAP.23-26.</strong></span> <span class='ocrx_word' id='word_1_8' title='bbox 1634 149 1715 192; x_wconf 83' lang='lat'><strong>305</strong></span> 
     </span>
    </p>
   </div>
   <div class='ocr_carea' id='block_1_6' title="bbox 161 259 1728 1946">
    <p class='ocr_par' dir='ltr' id='par_1_6' title="bbox 161 259 1728 1946">
     <span class='ocr_line' id='line_1_6' title="bbox 163 259 1642 317; baseline -0.003 -8"><span class='ocrx_word' id='word_1_9' title='bbox 163 268 298 309; x_wconf 81' lang='lat' dir='ltr'>Gallos</span> <span class='ocrx_word' id='word_1_10' title='bbox 318 265 476 305; x_wconf 86' lang='lat' dir='ltr'><strong>uirtutis</strong></span> <span class='ocrx_word' id='word_1_11' title='bbox 499 263 629 317; x_wconf 92' lang='lat' dir='ltr'><strong>opinio</strong></span> <span class='ocrx_word' id='word_1_12' title='bbox 653 269 713 302; x_wconf 88' lang='lat' dir='ltr'><strong>est</strong></span> <span class='ocrx_word' id='word_1_13' title='bbox 733 259 969 316; x_wconf 82' lang='lat' dir='ltr'><strong>singularis,</strong></span> <span class='ocrx_word' id='word_1_14' title='bbox 1007 259 1072 313; x_wconf 88' lang='lat' dir='ltr'><strong>qui</strong></span> <span class='ocrx_word' id='word_1_15' title='bbox 1104 259 1242 299; x_wconf 82' lang='lat' dir='ltr'><strong>auxilii</strong></span> <span class='ocrx_word' id='word_1_16' title='bbox 1265 273 1384 299; x_wconf 82' lang='lat' dir='ltr'><strong>causa</strong></span> <span class='ocrx_word' id='word_1_17' title='bbox 1411 261 1457 300; x_wconf 82' lang='lat' dir='ltr'><strong>ab</strong></span> <span class='ocrx_word' id='word_1_18' title='bbox 1482 262 1642 304; x_wconf 83' lang='lat' dir='ltr'><strong>ciuitate</strong></span> 
     </span>
     <span class='ocr_line' id='line_1_7' title="bbox 163 326 1643 379; baseline -0.003 -4"><span class='ocrx_word' id='word_1_19' title='bbox 163 336 209 376; x_wconf 88' lang='lat' dir='ltr'><strong>ad</strong></span> <span class='ocrx_word' id='word_1_20' title='bbox 223 332 434 374; x_wconf 83' lang='lat' dir='ltr'><strong>Caesarem</strong></span> <span class='ocrx_word' id='word_1_21' title='bbox 449 331 558 371; x_wconf 91' lang='lat' dir='ltr'><strong>missi</strong></span> <span class='ocrx_word' id='word_1_22' title='bbox 581 337 789 379; x_wconf 83' lang='lat' dir='ltr'><strong>uenerant,</strong></span> <span class='ocrx_word' id='word_1_23' title='bbox 815 343 900 369; x_wconf 86' lang='lat' dir='ltr'><strong>cum</strong></span> <span class='ocrx_word' id='word_1_24' title='bbox 924 327 1173 367; x_wconf 89' lang='lat' dir='ltr'><strong>multitudine</strong></span> <span class='ocrx_word' id='word_1_25' title='bbox 1196 326 1365 366; x_wconf 88' lang='lat' dir='ltr'><strong>hostium</strong></span> <span class='ocrx_word' id='word_1_26' title='bbox 1391 335 1519 368; x_wconf 83' lang='lat' dir='ltr'><strong>castra</strong></span> <span class='ocrx_word' id='word_1_27' title='bbox 1539 344 1643 370; x_wconf 89' lang='lat' dir='ltr'><strong>eom-</strong></span> 
     </span>
     <span class='ocr_line' id='line_1_8' title="bbox 161 395 1642 457; baseline -0.004 -15"><span class='ocrx_word' id='word_1_28' title='bbox 161 401 274 457; x_wconf 87' lang='lat' dir='ltr'><strong>pleri,</strong></span> <span class='ocrx_word' id='word_1_29' title='bbox 299 401 475 455; x_wconf 83' lang='lat' dir='ltr'><strong>legiones</strong></span> <span class='ocrx_word' id='word_1_30' title='bbox 498 398 621 453; x_wconf 82' lang='lat' dir='ltr'><strong>premi</strong></span> <span class='ocrx_word' id='word_1_31' title='bbox 644 405 682 438; x_wconf 84' lang='lat' dir='ltr'><strong>et</strong></span> <span class='ocrx_word' id='word_1_32' title='bbox 704 411 827 451; x_wconf 86' lang='lat' dir='ltr'><strong>paene</strong></span> <span class='ocrx_word' id='word_1_33' title='bbox 850 396 1140 436; x_wconf 82' lang='lat' dir='ltr'><strong>circumuentas</strong></span> <span class='ocrx_word' id='word_1_34' title='bbox 1163 395 1305 444; x_wconf 82' lang='lat' dir='ltr'><strong>teneri,</strong></span> <span class='ocrx_word' id='word_1_35' title='bbox 1334 395 1510 445; x_wconf 85' lang='lat' dir='ltr'><strong>calones⁷</strong></span> <span class='ocrx_word' id='word_1_36' title='bbox 1535 398 1642 448; x_wconf 86' lang='lat' dir='ltr'><strong>equi-</strong></span> 
     </span>
     <span class='ocr_line' id='line_1_9' title="bbox 161 464 1645 519; baseline -0.003 -11"><span class='ocrx_word' id='word_1_37' title='bbox 161 476 244 519; x_wconf 84' lang='lat' dir='ltr'><strong>teS,</strong></span> <span class='ocrx_word' id='word_1_38' title='bbox 279 469 522 518; x_wconf 80' lang='lat' dir='ltr'><strong>funditores,</strong></span> <span class='ocrx_word' id='word_1_39' title='bbox 556 466 751 507; x_wconf 81' lang='lat' dir='ltr'><strong>Numidas</strong></span> <span class='ocrx_word' id='word_1_40' title='bbox 785 464 962 504; x_wconf 91' lang='lat' dir='ltr'><strong>diuersos</strong></span> <span class='ocrx_word' id='word_1_41' title='bbox 986 464 1272 517; x_wconf 84' lang='lat' dir='ltr'><strong>dissipatosque</strong></span> <span class='ocrx_word' id='word_1_42' title='bbox 1294 464 1334 502; x_wconf 91' lang='lat' dir='ltr'><strong>in</strong></span> <span class='ocrx_word' id='word_1_43' title='bbox 1356 476 1492 502; x_wconf 88' lang='lat' dir='ltr'><strong>omnes</strong></span> <span class='ocrx_word' id='word_1_44' title='bbox 1515 471 1645 516; x_wconf 83' lang='lat' dir='ltr'><strong>partes</strong></span> 
     </span>
     <span class='ocr_line' id='line_1_10' title="bbox 166 531 1643 590; baseline -0.005 -14"><span class='ocrx_word' id='word_1_45' title='bbox 166 538 303 590; x_wconf 84' lang='lat' dir='ltr'><strong>fugere</strong></span> <span class='ocrx_word' id='word_1_46' title='bbox 326 536 542 585; x_wconf 76' lang='lat' dir='ltr'><strong>uidissent,</strong></span> <span class='ocrx_word' id='word_1_47' title='bbox 577 533 794 587; x_wconf 83' lang='lat' dir='ltr'><strong>desperatis</strong></span> <span class='ocrx_word' id='word_1_48' title='bbox 825 532 972 571; x_wconf 90' lang='lat' dir='ltr'><strong>nostris</strong></span> <span class='ocrx_word' id='word_1_49' title='bbox 1003 531 1122 570; x_wconf 86' lang='lat' dir='ltr'><strong>rebus</strong></span> <span class='ocrx_word' id='word_1_50' title='bbox 1154 532 1306 571; x_wconf 90' lang='lat' dir='ltr'><strong>domum</strong></span> <span class='ocrx_word' id='word_1_51' title='bbox 1330 531 1643 580; x_wconf 78' lang='lat' dir='ltr'><strong>contenderunt3</strong></span> 
     </span>
     <span class='ocr_line' id='line_1_11' title="bbox 161 597 1693 657; baseline -0.006 -12"><span class='ocrx_word' id='word_1_52' title='bbox 161 603 365 645; x_wconf 85' lang='lat' dir='ltr'><strong>Romanos</strong></span> <span class='ocrx_word' id='word_1_53' title='bbox 388 604 519 657; x_wconf 90' lang='lat' dir='ltr'><strong>pulsos</strong></span> <span class='ocrx_word' id='word_1_54' title='bbox 541 608 843 655; x_wconf 79' lang='lat' dir='ltr'><strong>superatosque,</strong></span> <span class='ocrx_word' id='word_1_55' title='bbox 871 598 1010 639; x_wconf 81' lang='lat' dir='ltr'><strong>castris</strong></span> <span class='ocrx_word' id='word_1_56' title='bbox 1032 598 1395 651; x_wconf 81' lang='lat' dir='ltr'><strong>impedimentiSque</strong></span> <span class='ocrx_word' id='word_1_57' title='bbox 1419 612 1554 638; x_wconf 88' lang='lat' dir='ltr'><strong>eorum</strong></span> <span class='ocrx_word' id='word_1_58' title='bbox 1577 597 1645 637; x_wconf 90' lang='lat' dir='ltr'><strong>ho-</strong></span> <span class='ocrx_word' id='word_1_59' title='bbox 1668 597 1693 637; x_wconf 86' lang='lat'>5</span> 
     </span>
     <span class='ocr_line' id='line_1_12' title="bbox 161 663 1721 725; baseline -0.006 -12"><span class='ocrx_word' id='word_1_60' title='bbox 161 679 244 713; x_wconf 90' lang='lat' dir='ltr'><strong>stes</strong></span> <span class='ocrx_word' id='word_1_61' title='bbox 276 673 418 725; x_wconf 88' lang='lat' dir='ltr'><strong>potitos</strong></span> <span class='ocrx_word' id='word_1_62' title='bbox 450 670 599 711; x_wconf 82' lang='lat' dir='ltr'><strong>ciuitati</strong></span> <span class='ocrx_word' id='word_1_63' title='bbox 629 668 971 709; x_wconf 83' lang='lat' dir='ltr'><strong>renuntiauerunt.</strong></span> <span class='ocrx_word' id='word_1_64' title='bbox 1032 663 1187 706; x_wconf 80' lang='lat' dir='ltr'><strong>Caesar</strong></span> <span class='ocrx_word' id='word_1_65' title='bbox 1208 667 1253 706; x_wconf 79' lang='lat' dir='ltr'><strong>ab</strong></span> <span class='ocrx_word' id='word_1_66' title='bbox 1277 665 1450 706; x_wconf 83' lang='lat' dir='ltr'><strong>decimae</strong></span> <span class='ocrx_word' id='word_1_67' title='bbox 1472 665 1640 719; x_wconf 83' lang='lat' dir='ltr'>legionis</span> <span class='ocrx_word' id='word_1_68' title='bbox 1663 665 1721 709; x_wconf 74' lang='lat'><strong>25</strong></span> 
     </span>
     <span class='ocr_line' id='line_1_13' title="bbox 162 733 1647 788; baseline -0.005 -8"><span class='ocrx_word' id='word_1_69' title='bbox 162 740 436 780; x_wconf 71' lang='lat' dir='ltr'>cohortatione</span> <span class='ocrx_word' id='word_1_70' title='bbox 458 739 504 778; x_wconf 87' lang='lat' dir='ltr'><strong>ad</strong></span> <span class='ocrx_word' id='word_1_71' title='bbox 529 738 711 777; x_wconf 74' lang='lat' dir='ltr'><strong>dextrum</strong></span> <span class='ocrx_word' id='word_1_72' title='bbox 734 749 856 776; x_wconf 91' lang='lat' dir='ltr'><strong>cornu</strong></span> <span class='ocrx_word' id='word_1_73' title='bbox 878 735 1103 788; x_wconf 78' lang='lat' dir='ltr'><strong>profectus,</strong></span> <span class='ocrx_word' id='word_1_74' title='bbox 1140 734 1203 773; x_wconf 86' lang='lat' dir='ltr'><strong>uhi</strong></span> <span class='ocrx_word' id='word_1_75' title='bbox 1234 748 1326 774; x_wconf 92' lang='lat' dir='ltr'><strong>suos</strong></span> <span class='ocrx_word' id='word_1_76' title='bbox 1348 733 1483 787; x_wconf 83' lang='lat' dir='ltr'><strong>urgeri</strong></span> <span class='ocrx_word' id='word_1_77' title='bbox 1505 733 1647 786; x_wconf 85' lang='lat' dir='ltr'><strong>signis-</strong></span> 
     </span>
     <span class='ocr_line' id='line_1_14' title="bbox 163 801 1647 861; baseline -0.004 -13"><span class='ocrx_word' id='word_1_78' title='bbox 163 822 235 861; x_wconf 89' lang='lat' dir='ltr'><strong>que</strong></span> <span class='ocrx_word' id='word_1_79' title='bbox 267 808 306 848; x_wconf 88' lang='lat' dir='ltr'><strong>in</strong></span> <span class='ocrx_word' id='word_1_80' title='bbox 329 822 447 847; x_wconf 90' lang='lat' dir='ltr'><strong>unum</strong></span> <span class='ocrx_word' id='word_1_81' title='bbox 470 806 598 846; x_wconf 92' lang='lat' dir='ltr'><strong>locum</strong></span> <span class='ocrx_word' id='word_1_82' title='bbox 628 804 795 845; x_wconf 86' lang='lat' dir='ltr'><strong>conlatis</strong></span> <span class='ocrx_word' id='word_1_83' title='bbox 819 803 1070 842; x_wconf 79' lang='lat' dir='ltr'><strong>duodecimae</strong></span> <span class='ocrx_word' id='word_1_84' title='bbox 1092 801 1258 855; x_wconf 85' lang='lat' dir='ltr'><strong>legionis</strong></span> <span class='ocrx_word' id='word_1_85' title='bbox 1283 803 1480 842; x_wconf 83' lang='lat' dir='ltr'><strong>confertos</strong></span> <span class='ocrx_word' id='word_1_86' title='bbox 1503 801 1647 842; x_wconf 79' lang='lat' dir='ltr'><strong>milites</strong></span> 
     </span>
     <span class='ocr_line' id='line_1_15' title="bbox 163 868 1647 929; baseline -0.005 -14"><span class='ocrx_word' id='word_1_87' title='bbox 163 875 237 916; x_wconf 91' lang='lat' dir='ltr'><strong>sibi</strong></span> <span class='ocrx_word' id='word_1_88' title='bbox 258 875 364 929; x_wconf 90' lang='lat' dir='ltr'><strong>ipsos</strong></span> <span class='ocrx_word' id='word_1_89' title='bbox 378 875 424 914; x_wconf 90' lang='lat' dir='ltr'><strong>ad</strong></span> <span class='ocrx_word' id='word_1_90' title='bbox 438 888 605 928; x_wconf 83' lang='lat' dir='ltr'><strong>pugnam</strong></span> <span class='ocrx_word' id='word_1_91' title='bbox 620 871 999 925; x_wconf 88' lang='lat' dir='ltr'><strong>esseimpedimento</strong></span> <span class='ocrx_word' id='word_1_92' title='bbox 1013 870 1126 919; x_wconf 86' lang='lat' dir='ltr'><strong>uidit,</strong></span> <span class='ocrx_word' id='word_1_93' title='bbox 1152 876 1316 922; x_wconf 80' lang='lat' dir='ltr'><strong>quartae</strong></span> <span class='ocrx_word' id='word_1_94' title='bbox 1329 869 1501 910; x_wconf 86' lang='lat' dir='ltr'><strong>cohortis</strong></span> <span class='ocrx_word' id='word_1_95' title='bbox 1522 868 1647 909; x_wconf 92' lang='lat' dir='ltr'><strong>omni-</strong></span> 
     </span>
     <span class='ocr_line' id='line_1_16' title="bbox 161 937 1643 994; baseline -0.005 -11"><span class='ocrx_word' id='word_1_96' title='bbox 161 943 234 983; x_wconf 90' lang='lat' dir='ltr'><strong>bus</strong></span> <span class='ocrx_word' id='word_1_97' title='bbox 276 942 574 983; x_wconf 78' lang='lat' dir='ltr'><strong>centurionibus</strong></span> <span class='ocrx_word' id='word_1_98' title='bbox 607 940 747 981; x_wconf 88' lang='lat' dir='ltr'><strong>occisis</strong></span> <span class='ocrx_word' id='word_1_99' title='bbox 781 940 1049 994; x_wconf 83' lang='lat' dir='ltr'><strong>signiferoque</strong></span> <span class='ocrx_word' id='word_1_100' title='bbox 1078 938 1310 988; x_wconf 78' lang='lat' dir='ltr'><strong>interfecto,</strong></span> <span class='ocrx_word' id='word_1_101' title='bbox 1347 938 1460 992; x_wconf 81' lang='lat' dir='ltr'><strong>signo</strong></span> <span class='ocrx_word' id='word_1_102' title='bbox 1483 937 1643 987; x_wconf 79' lang='lat' dir='ltr'><strong>amisso,</strong></span> 
     </span>
     <span class='ocr_line' id='line_1_17' title="bbox 161 1005 1647 1064; baseline -0.004 -13"><span class='ocrx_word' id='word_1_103' title='bbox 161 1011 399 1064; x_wconf 83' lang='lat' dir='ltr'><strong>reliquarum</strong></span> <span class='ocrx_word' id='word_1_104' title='bbox 432 1010 650 1051; x_wconf 86' lang='lat' dir='ltr'><strong>cohortium</strong></span> <span class='ocrx_word' id='word_1_105' title='bbox 683 1007 863 1049; x_wconf 90' lang='lat' dir='ltr'><strong>omnibus</strong></span> <span class='ocrx_word' id='word_1_106' title='bbox 895 1008 977 1047; x_wconf 84' lang='lat' dir='ltr'><strong>fere</strong></span> <span class='ocrx_word' id='word_1_107' title='bbox 1010 1006 1306 1047; x_wconf 75' lang='lat' dir='ltr'><strong>centurionibus</strong></span> <span class='ocrx_word' id='word_1_108' title='bbox 1335 1013 1403 1045; x_wconf 83' lang='lat' dir='ltr'><strong>aut</strong></span> <span class='ocrx_word' id='word_1_109' title='bbox 1430 1005 1647 1046; x_wconf 85' lang='lat' dir='ltr'><strong>uulneratis</strong></span> 
     </span>
     <span class='ocr_line' id='line_1_18' title="bbox 162 1073 1643 1131; baseline -0.005 -12"><span class='ocrx_word' id='word_1_110' title='bbox 162 1086 228 1119; x_wconf 84' lang='lat' dir='ltr'><strong>aut</strong></span> <span class='ocrx_word' id='word_1_111' title='bbox 250 1078 416 1128; x_wconf 84' lang='lat' dir='ltr'><strong>occisis,</strong></span> <span class='ocrx_word' id='word_1_112' title='bbox 455 1078 494 1118; x_wconf 90' lang='lat' dir='ltr'><strong>in</strong></span> <span class='ocrx_word' id='word_1_113' title='bbox 527 1077 587 1117; x_wconf 87' lang='lat' dir='ltr'><strong>his</strong></span> <span class='ocrx_word' id='word_1_114' title='bbox 619 1077 810 1131; x_wconf 78' lang='lat' dir='ltr'><strong>primipilo</strong></span> <span class='ocrx_word' id='word_1_115' title='bbox 842 1074 888 1116; x_wconf 91' lang='lat' dir='ltr'><strong>P.</strong></span> <span class='ocrx_word' id='word_1_116' title='bbox 917 1073 1057 1115; x_wconf 80' lang='lat' dir='ltr'><strong>Sextio</strong></span> <span class='ocrx_word' id='word_1_117' title='bbox 1080 1073 1255 1124; x_wconf 78' lang='lat' dir='ltr'><strong>Baculo,</strong></span> <span class='ocrx_word' id='word_1_118' title='bbox 1291 1073 1508 1113; x_wconf 89' lang='lat' dir='ltr'><strong>fortissimo</strong></span> <span class='ocrx_word' id='word_1_119' title='bbox 1541 1074 1643 1122; x_wconf 84' lang='lat' dir='ltr'><strong>uiro,</strong></span> 
     </span>
     <span class='ocr_line' id='line_1_19' title="bbox 162 1142 1647 1200; baseline -0.004 -14"><span class='ocrx_word' id='word_1_120' title='bbox 162 1146 294 1186; x_wconf 90' lang='lat' dir='ltr'><strong>multis</strong></span> <span class='ocrx_word' id='word_1_121' title='bbox 317 1146 582 1200; x_wconf 85' lang='lat' dir='ltr'><strong>grauibusque</strong></span> <span class='ocrx_word' id='word_1_122' title='bbox 605 1145 832 1185; x_wconf 89' lang='lat' dir='ltr'><strong>uulneribus</strong></span> <span class='ocrx_word' id='word_1_123' title='bbox 855 1145 1059 1194; x_wconf 79' lang='lat' dir='ltr'><strong>confec-to,</strong></span> <span class='ocrx_word' id='word_1_124' title='bbox 1096 1150 1140 1183; x_wconf 89' lang='lat' dir='ltr'><strong>ut</strong></span> <span class='ocrx_word' id='word_1_125' title='bbox 1169 1142 1246 1182; x_wconf 79' lang='lat' dir='ltr'><strong>iam</strong></span> <span class='ocrx_word' id='word_1_126' title='bbox 1279 1155 1322 1181; x_wconf 92' lang='lat' dir='ltr'><strong>se</strong></span> <span class='ocrx_word' id='word_1_127' title='bbox 1345 1142 1544 1181; x_wconf 89' lang='lat' dir='ltr'><strong>sustinere</strong></span> <span class='ocrx_word' id='word_1_128' title='bbox 1569 1155 1647 1180; x_wconf 90' lang='lat' dir='ltr'><strong>non</strong></span> 
     </span>
     <span class='ocr_line' id='line_1_20' title="bbox 161 1209 1648 1268; baseline -0.005 -13"><span class='ocrx_word' id='word_1_129' title='bbox 161 1222 308 1268; x_wconf 86' lang='lat' dir='ltr'><strong>posset,</strong></span> <span class='ocrx_word' id='word_1_130' title='bbox 334 1214 507 1266; x_wconf 87' lang='lat' dir='ltr'><strong>reliquos</strong></span> <span class='ocrx_word' id='word_1_131' title='bbox 530 1227 619 1253; x_wconf 88' lang='lat' dir='ltr'><strong>esse</strong></span> <span class='ocrx_word' id='word_1_132' title='bbox 650 1212 846 1252; x_wconf 73' lang='lat' dir='ltr'><strong>tardiores</strong></span> <span class='ocrx_word' id='word_1_133' title='bbox 879 1218 918 1250; x_wconf 85' lang='lat' dir='ltr'><strong>et</strong></span> <span class='ocrx_word' id='word_1_134' title='bbox 940 1212 1151 1251; x_wconf 91' lang='lat' dir='ltr'><strong>nonnullos</strong></span> <span class='ocrx_word' id='word_1_135' title='bbox 1174 1210 1220 1250; x_wconf 88' lang='lat' dir='ltr'><strong>ab</strong></span> <span class='ocrx_word' id='word_1_136' title='bbox 1242 1209 1470 1250; x_wconf 89' lang='lat' dir='ltr'><strong>nouissimis</strong></span> <span class='ocrx_word' id='word_1_137' title='bbox 1490 1209 1648 1248; x_wconf 84' lang='lat' dir='ltr'><strong>deserto</strong></span> 
     </span>
     <span class='ocr_line' id='line_1_21' title="bbox 164 1276 1648 1335; baseline -0.004 -14"><span class='ocrx_word' id='word_1_138' title='bbox 164 1282 313 1335; x_wconf 88' lang='lat' dir='ltr'><strong>proelio</strong></span> <span class='ocrx_word' id='word_1_139' title='bbox 337 1282 531 1322; x_wconf 82' lang='lat' dir='ltr'><strong>excedere</strong></span> <span class='ocrx_word' id='word_1_140' title='bbox 554 1295 598 1321; x_wconf 84' lang='lat' dir='ltr'><strong>ac</strong></span> <span class='ocrx_word' id='word_1_141' title='bbox 620 1281 698 1320; x_wconf 86' lang='lat' dir='ltr'><strong>tela</strong></span> <span class='ocrx_word' id='word_1_142' title='bbox 720 1280 864 1329; x_wconf 84' lang='lat' dir='ltr'><strong>uitare,</strong></span> <span class='ocrx_word' id='word_1_143' title='bbox 891 1279 1015 1319; x_wconf 86' lang='lat' dir='ltr'><strong>hostis</strong></span> <span class='ocrx_word' id='word_1_144' title='bbox 1039 1292 1164 1332; x_wconf 88' lang='lat' dir='ltr'><strong>neque</strong></span> <span class='ocrx_word' id='word_1_145' title='bbox 1186 1293 1209 1318; x_wconf 82' lang='lat' dir='ltr'><strong>a</strong></span> <span class='ocrx_word' id='word_1_146' title='bbox 1232 1280 1361 1318; x_wconf 87' lang='lat' dir='ltr'><strong>fronte</strong></span> <span class='ocrx_word' id='word_1_147' title='bbox 1385 1291 1435 1317; x_wconf 84' lang='lat' dir='ltr'><strong>ex</strong></span> <span class='ocrx_word' id='word_1_148' title='bbox 1457 1276 1648 1316; x_wconf 83' lang='lat' dir='ltr'><strong>inferiore</strong></span> 
     </span>
     <span class='ocr_line' id='line_1_22' title="bbox 164 1346 1649 1400; baseline -0.004 -11"><span class='ocrx_word' id='word_1_149' title='bbox 164 1349 249 1389; x_wconf 88' lang='lat' dir='ltr'><strong>loco</strong></span> <span class='ocrx_word' id='word_1_150' title='bbox 273 1349 484 1389; x_wconf 89' lang='lat' dir='ltr'><strong>subeuntes</strong></span> <span class='ocrx_word' id='word_1_151' title='bbox 516 1349 779 1389; x_wconf 70' lang='lat' dir='ltr'><strong>intermittere</strong></span> <span class='ocrx_word' id='word_1_152' title='bbox 812 1355 851 1388; x_wconf 83' lang='lat' dir='ltr'><strong>et</strong></span> <span class='ocrx_word' id='word_1_153' title='bbox 881 1348 928 1388; x_wconf 88' lang='lat' dir='ltr'><strong>ab</strong></span> <span class='ocrx_word' id='word_1_154' title='bbox 960 1355 1127 1400; x_wconf 88' lang='lat' dir='ltr'><strong>utroque</strong></span> <span class='ocrx_word' id='word_1_155' title='bbox 1158 1347 1280 1386; x_wconf 87' lang='lat' dir='ltr'><strong>latere</strong></span> <span class='ocrx_word' id='word_1_156' title='bbox 1310 1346 1461 1386; x_wconf 83' lang='lat' dir='ltr'><strong>instare</strong></span> <span class='ocrx_word' id='word_1_157' title='bbox 1497 1351 1535 1384; x_wconf 89' lang='lat' dir='ltr'><strong>et</strong></span> <span class='ocrx_word' id='word_1_158' title='bbox 1565 1358 1649 1384; x_wconf 89' lang='lat' dir='ltr'><strong>rem</strong></span> 
     </span>
     <span class='ocr_line' id='line_1_23' title="bbox 166 1413 1651 1469; baseline -0.003 -13"><span class='ocrx_word' id='word_1_159' title='bbox 166 1430 255 1456; x_wconf 88' lang='lat' dir='ltr'><strong>esse</strong></span> <span class='ocrx_word' id='word_1_160' title='bbox 276 1416 315 1456; x_wconf 91' lang='lat' dir='ltr'><strong>in</strong></span> <span class='ocrx_word' id='word_1_161' title='bbox 338 1423 506 1469; x_wconf 85' lang='lat' dir='ltr'><strong>angusto</strong></span> <span class='ocrx_word' id='word_1_162' title='bbox 538 1416 637 1456; x_wconf 91' lang='lat' dir='ltr'><strong>uidit</strong></span> <span class='ocrx_word' id='word_1_163' title='bbox 668 1429 793 1469; x_wconf 87' lang='lat' dir='ltr'><strong>neque</strong></span> <span class='ocrx_word' id='word_1_164' title='bbox 814 1415 932 1454; x_wconf 88' lang='lat' dir='ltr'><strong>ullum</strong></span> <span class='ocrx_word' id='word_1_165' title='bbox 957 1429 1044 1455; x_wconf 88' lang='lat' dir='ltr'><strong>esse</strong></span> <span class='ocrx_word' id='word_1_166' title='bbox 1068 1414 1310 1463; x_wconf 85' lang='lat' dir='ltr'><strong>subsidium,</strong></span> <span class='ocrx_word' id='word_1_167' title='bbox 1336 1413 1438 1466; x_wconf 89' lang='lat' dir='ltr'><strong>quod</strong></span> <span class='ocrx_word' id='word_1_168' title='bbox 1461 1413 1651 1452; x_wconf 85' lang='lat' dir='ltr'><strong>summitti</strong></span> 
     </span>
     <span class='ocr_line' id='line_1_24' title="bbox 165 1480 1699 1536; baseline -0.002 -12"><span class='ocrx_word' id='word_1_169' title='bbox 165 1491 323 1536; x_wconf 82' lang='lat' dir='ltr'><strong>posset,</strong></span> <span class='ocrx_word' id='word_1_170' title='bbox 348 1491 460 1524; x_wconf 87' lang='lat' dir='ltr'><strong>scuto</strong></span> <span class='ocrx_word' id='word_1_171' title='bbox 483 1484 530 1524; x_wconf 84' lang='lat' dir='ltr'><strong>ab</strong></span> <span class='ocrx_word' id='word_1_172' title='bbox 554 1484 779 1524; x_wconf 87' lang='lat' dir='ltr'><strong>nouissimis</strong></span> <span class='ocrx_word' id='word_1_173' title='bbox 803 1484 868 1523; x_wconf 91' lang='lat' dir='ltr'><strong>uni</strong></span> <span class='ocrx_word' id='word_1_174' title='bbox 892 1483 1004 1523; x_wconf 90' lang='lat' dir='ltr'><strong>militi</strong></span> <span class='ocrx_word' id='word_1_175' title='bbox 1028 1484 1204 1523; x_wconf 85' lang='lat' dir='ltr'><strong>detracto</strong></span> <span class='ocrx_word' id='word_1_176' title='bbox 1220 1512 1229 1530; x_wconf 85' lang='lat'><strong>‚</strong></span> <span class='ocrx_word' id='word_1_177' title='bbox 1265 1481 1367 1534; x_wconf 91' lang='lat' dir='ltr'><strong>quod</strong></span> <span class='ocrx_word' id='word_1_178' title='bbox 1389 1480 1473 1534; x_wconf 91' lang='lat' dir='ltr'><strong>ipse</strong></span> <span class='ocrx_word' id='word_1_179' title='bbox 1496 1493 1541 1520; x_wconf 88' lang='lat' dir='ltr'><strong>eo</strong></span> <span class='ocrx_word' id='word_1_180' title='bbox 1565 1480 1650 1521; x_wconf 86' lang='lat' dir='ltr'><strong>sine</strong></span> <span class='ocrx_word' id='word_1_181' title='bbox 1671 1480 1699 1521; x_wconf 78' lang='grc'>2</span> 
     </span>
     <span class='ocr_line' id='line_1_25' title="bbox 163 1548 1652 1606; baseline -0.002 -15"><span class='ocrx_word' id='word_1_182' title='bbox 163 1558 277 1591; x_wconf 82' lang='lat' dir='ltr'><strong>scuto</strong></span> <span class='ocrx_word' id='word_1_183' title='bbox 300 1559 486 1602; x_wconf 82' lang='lat' dir='ltr'><strong>uenerat,</strong></span> <span class='ocrx_word' id='word_1_184' title='bbox 520 1553 559 1592; x_wconf 89' lang='lat' dir='ltr'><strong>in</strong></span> <span class='ocrx_word' id='word_1_185' title='bbox 583 1553 745 1606; x_wconf 77' lang='lat' dir='ltr'><strong>primam</strong></span> <span class='ocrx_word' id='word_1_186' title='bbox 768 1552 891 1591; x_wconf 80' lang='lat' dir='ltr'><strong>aciem</strong></span> <span class='ocrx_word' id='word_1_187' title='bbox 915 1550 1109 1604; x_wconf 88' lang='lat' dir='ltr'><strong>processit</strong></span> <span class='ocrx_word' id='word_1_188' title='bbox 1130 1548 1504 1600; x_wconf 86' lang='lat' dir='ltr'><strong>centurionibusque</strong></span> <span class='ocrx_word' id='word_1_189' title='bbox 1526 1549 1652 1589; x_wconf 91' lang='lat' dir='ltr'><strong>nomi-</strong></span> 
     </span>
     <span class='ocr_line' id='line_1_26' title="bbox 165 1616 1651 1673; baseline -0.002 -15"><span class='ocrx_word' id='word_1_190' title='bbox 165 1619 287 1659; x_wconf 85' lang='lat' dir='ltr'><strong>natim</strong></span> <span class='ocrx_word' id='word_1_191' title='bbox 310 1620 512 1673; x_wconf 85' lang='lat' dir='ltr'><strong>appellatis</strong></span> <span class='ocrx_word' id='word_1_192' title='bbox 542 1620 715 1673; x_wconf 84' lang='lat' dir='ltr'><strong>reliquos</strong></span> <span class='ocrx_word' id='word_1_193' title='bbox 746 1620 972 1659; x_wconf 82' lang='lat' dir='ltr'><strong>cohortatus</strong></span> <span class='ocrx_word' id='word_1_194' title='bbox 995 1618 1139 1657; x_wconf 88' lang='lat' dir='ltr'><strong>milites</strong></span> <span class='ocrx_word' id='word_1_195' title='bbox 1162 1617 1276 1669; x_wconf 84' lang='lat' dir='ltr'><strong>signa</strong></span> <span class='ocrx_word' id='word_1_196' title='bbox 1298 1617 1446 1656; x_wconf 76' lang='lat' dir='ltr'><strong>inferre</strong></span> <span class='ocrx_word' id='word_1_197' title='bbox 1469 1623 1506 1656; x_wconf 88' lang='lat' dir='ltr'><strong>et</strong></span> <span class='ocrx_word' id='word_1_198' title='bbox 1527 1616 1651 1656; x_wconf 85' lang='lat' dir='ltr'><strong>mani-</strong></span> 
     </span>
     <span class='ocr_line' id='line_1_27' title="bbox 164 1681 1699 1741; baseline -0.001 -15"><span class='ocrx_word' id='word_1_199' title='bbox 164 1687 275 1740; x_wconf 88' lang='lat' dir='ltr'><strong>pulos</strong></span> <span class='ocrx_word' id='word_1_200' title='bbox 298 1687 436 1727; x_wconf 82' lang='lat' dir='ltr'><strong>laxare</strong></span> <span class='ocrx_word' id='word_1_201' title='bbox 459 1688 589 1735; x_wconf 83' lang='lat' dir='ltr'><strong>iussit,</strong></span> <span class='ocrx_word' id='word_1_202' title='bbox 614 1702 688 1741; x_wconf 89' lang='lat' dir='ltr'><strong>quo</strong></span> <span class='ocrx_word' id='word_1_203' title='bbox 713 1687 866 1727; x_wconf 68' lang='lat' dir='ltr'><strong>fat-ilius</strong></span> <span class='ocrx_word' id='word_1_204' title='bbox 889 1685 1028 1741; x_wconf 81' lang='lat' dir='ltr'><strong>gladiis</strong></span> <span class='ocrx_word' id='word_1_205' title='bbox 1051 1685 1108 1724; x_wconf 89' lang='lat' dir='ltr'><strong>uti</strong></span> <span class='ocrx_word' id='word_1_206' title='bbox 1130 1691 1309 1738; x_wconf 84' lang='lat' dir='ltr'><strong>possent.</strong></span> <span class='ocrx_word' id='word_1_207' title='bbox 1340 1681 1464 1724; x_wconf 90' lang='lat' dir='ltr'><strong>Cuius</strong></span> <span class='ocrx_word' id='word_1_208' title='bbox 1479 1684 1652 1725; x_wconf 82' lang='lat' dir='ltr'><strong>aduentu</strong></span> <span class='ocrx_word' id='word_1_209' title='bbox 1674 1683 1699 1725; x_wconf 88' lang='lat'><strong>3</strong></span> 
     </span>
     <span class='ocr_line' id='line_1_28' title="bbox 164 1751 1653 1809; baseline -0.003 -14"><span class='ocrx_word' id='word_1_210' title='bbox 164 1768 232 1808; x_wconf 89' lang='lat' dir='ltr'><strong>spe</strong></span> <span class='ocrx_word' id='word_1_211' title='bbox 253 1754 373 1795; x_wconf 83' lang='lat' dir='ltr'><strong>inlata</strong></span> <span class='ocrx_word' id='word_1_212' title='bbox 396 1755 582 1795; x_wconf 88' lang='lat' dir='ltr'><strong>militibus</strong></span> <span class='ocrx_word' id='word_1_213' title='bbox 604 1770 649 1795; x_wconf 82' lang='lat' dir='ltr'><strong>ac</strong></span> <span class='ocrx_word' id='word_1_214' title='bbox 672 1755 943 1809; x_wconf 83' lang='lat' dir='ltr'><strong>redintegrato</strong></span> <span class='ocrx_word' id='word_1_215' title='bbox 966 1754 1097 1794; x_wconf 90' lang='lat' dir='ltr'><strong>animo</strong></span> <span class='ocrx_word' id='word_1_216' title='bbox 1115 1784 1125 1803; x_wconf 85' lang='lat'>,</span> <span class='ocrx_word' id='word_1_217' title='bbox 1159 1767 1243 1792; x_wconf 90' lang='lat' dir='ltr'><strong>cum</strong></span> <span class='ocrx_word' id='word_1_218' title='bbox 1267 1766 1336 1806; x_wconf 88' lang='lat' dir='ltr'><strong>pro</strong></span> <span class='ocrx_word' id='word_1_219' title='bbox 1360 1766 1403 1792; x_wconf 88' lang='lat' dir='ltr'><strong>se</strong></span> <span class='ocrx_word' id='word_1_220' title='bbox 1426 1751 1590 1807; x_wconf 88' lang='lat' dir='ltr'><strong>quisque</strong></span> <span class='ocrx_word' id='word_1_221' title='bbox 1612 1752 1653 1792; x_wconf 90' lang='lat' dir='ltr'><strong>in</strong></span> 
     </span>
     <span class='ocr_line' id='line_1_29' title="bbox 167 1821 1652 1876; baseline -0.001 -15"><span class='ocrx_word' id='word_1_222' title='bbox 167 1829 377 1876; x_wconf 90' lang='lat' dir='ltr'><strong>conspeetu</strong></span> <span class='ocrx_word' id='word_1_223' title='bbox 398 1823 648 1876; x_wconf 87' lang='lat' dir='ltr'><strong>imperatoris</strong></span> <span class='ocrx_word' id='word_1_224' title='bbox 671 1824 786 1864; x_wconf 84' lang='lat' dir='ltr'><strong>etiam</strong></span> <span class='ocrx_word' id='word_1_225' title='bbox 811 1824 851 1863; x_wconf 91' lang='lat' dir='ltr'><strong>iu</strong></span> <span class='ocrx_word' id='word_1_226' title='bbox 873 1822 1064 1863; x_wconf 80' lang='lat' dir='ltr'><strong>extremis</strong></span> <span class='ocrx_word' id='word_1_227' title='bbox 1087 1821 1169 1862; x_wconf 91' lang='lat' dir='ltr'><strong>suis</strong></span> <span class='ocrx_word' id='word_1_228' title='bbox 1191 1821 1309 1862; x_wconf 88' lang='lat' dir='ltr'><strong>rebus</strong></span> <span class='ocrx_word' id='word_1_229' title='bbox 1333 1833 1488 1874; x_wconf 82' lang='lat' dir='ltr'><strong>operam</strong></span> <span class='ocrx_word' id='word_1_230' title='bbox 1505 1833 1652 1861; x_wconf 86' lang='lat' dir='ltr'><strong>nauare</strong></span> 
     </span>
     <span class='ocr_line' id='line_1_30' title="bbox 165 1886 1728 1946; baseline -0.002 -16"><span class='ocrx_word' id='word_1_231' title='bbox 165 1898 342 1944; x_wconf 85' lang='lat' dir='ltr'><strong>cuperet,</strong></span> <span class='ocrx_word' id='word_1_232' title='bbox 367 1891 519 1945; x_wconf 84' lang='lat' dir='ltr'><strong>paulum</strong></span> <span class='ocrx_word' id='word_1_233' title='bbox 544 1892 712 1932; x_wconf 85' lang='lat' dir='ltr'><strong>hostium</strong></span> <span class='ocrx_word' id='word_1_234' title='bbox 735 1892 904 1946; x_wconf 88' lang='lat' dir='ltr'><strong>impetus</strong></span> <span class='ocrx_word' id='word_1_235' title='bbox 930 1891 1106 1931; x_wconf 80' lang='lat' dir='ltr'><strong>tardatus</strong></span> <span class='ocrx_word' id='word_1_236' title='bbox 1130 1897 1205 1931; x_wconf 87' lang='lat' dir='ltr'><strong>est.</strong></span> <span class='ocrx_word' id='word_1_237' title='bbox 1232 1886 1401 1939; x_wconf 78' lang='lat' dir='ltr'><strong>Caesar,</strong></span> <span class='ocrx_word' id='word_1_238' title='bbox 1427 1902 1511 1928; x_wconf 85' lang='lat' dir='ltr'><strong>cum</strong></span> <span class='ocrx_word' id='word_1_239' title='bbox 1535 1887 1654 1942; x_wconf 86' lang='lat' dir='ltr'><strong>septi·</strong></span> <span class='ocrx_word' id='word_1_240' title='bbox 1672 1888 1728 1933; x_wconf 79' lang='grc'><strong>26</strong></span> 
     </span>
    </p>
   </div>
   <div class='ocr_carea' id='block_1_7' title="bbox 167 2074 1659 2789">
    <p class='ocr_par' dir='ltr' id='par_1_7' title="bbox 167 2074 1655 2264">
     <span class='ocr_line' id='line_1_31' title="bbox 310 2074 1653 2117; baseline -0.001 -11"><span class='ocrx_word' id='word_1_241' title='bbox 310 2075 330 2107; x_wconf 76' lang='grc'><strong>2</strong></span> <span class='ocrx_word' id='word_1_242' title='bbox 351 2075 392 2106; x_wconf 80' lang='lat' dir='ltr'><strong>ad</strong></span> <span class='ocrx_word' id='word_1_243' title='bbox 412 2074 596 2108; x_wconf 85' lang='lat' dir='ltr'><strong>Caesarem</strong></span> <span class='ocrx_word' id='word_1_244' title='bbox 615 2077 711 2109; x_wconf 79' lang='lat' dir='ltr'><strong>missi</strong></span> <span class='ocrx_word' id='word_1_245' title='bbox 731 2078 802 2109; x_wconf 73' lang='lat' dir='ltr'><strong>AB</strong></span> <span class='ocrx_word' id='word_1_246' title='bbox 817 2078 884 2110; x_wconf 82' lang='grc' dir='ltr'><strong>(Ἰ)</strong></span> <span class='ocrx_word' id='word_1_247' title='bbox 897 2078 946 2117; x_wconf 83' lang='grc' dir='ltr'><strong>Ε,</strong></span> <span class='ocrx_word' id='word_1_248' title='bbox 967 2076 1062 2109; x_wconf 87' lang='lat' dir='ltr'><strong>missi</strong></span> <span class='ocrx_word' id='word_1_249' title='bbox 1082 2076 1123 2107; x_wconf 85' lang='lat' dir='ltr'><strong>ad</strong></span> <span class='ocrx_word' id='word_1_250' title='bbox 1143 2075 1328 2108; x_wconf 83' lang='lat' dir='ltr'><strong>Caesarem</strong></span> <span class='ocrx_word' id='word_1_251' title='bbox 1339 2075 1411 2117; x_wconf 82' lang='lat' dir='ltr'><strong>su.</strong></span> <span class='ocrx_word' id='word_1_252' title='bbox 1537 2078 1653 2105; x_wconf 80' lang='lat' dir='ltr'><strong>castra</strong></span> 
     </span>
     <span class='ocr_line' id='line_1_32' title="bbox 170 2124 1652 2170; baseline 0.003 -17"><span class='ocrx_word' id='word_1_253' title='bbox 170 2124 330 2165; x_wconf 80' lang='lat' dir='ltr'><strong>compleri</strong></span> <span class='ocrx_word' id='word_1_254' title='bbox 350 2125 440 2165; x_wconf 88' lang='lat' dir='ltr'><em>BE‚·</em></span> <span class='ocrx_word' id='word_1_255' title='bbox 466 2132 579 2159; x_wconf 86' lang='lat' dir='ltr'><strong>castra</strong></span> <span class='ocrx_word' id='word_1_256' title='bbox 598 2128 762 2170; x_wconf 81' lang='lat' dir='ltr'><strong>compleri</strong></span> <span class='ocrx_word' id='word_1_257' title='bbox 782 2133 900 2159; x_wconf 84' lang='lat' dir='ltr'><strong>nostra</strong></span> <span class='ocrx_word' id='word_1_258' title='bbox 920 2129 1005 2167; x_wconf 78' lang='lat' dir='ltr'><strong>D?;</strong></span> <span class='ocrx_word' id='word_1_259' title='bbox 1034 2132 1149 2158; x_wconf 79' lang='lat' dir='ltr'><strong>castra</strong></span> <span class='ocrx_word' id='word_1_260' title='bbox 1177 2131 1295 2157; x_wconf 80' lang='lat' dir='ltr'><strong>nostra</strong></span> <span class='ocrx_word' id='word_1_261' title='bbox 1314 2124 1475 2167; x_wconf 88' lang='lat' dir='ltr'><strong>compleri</strong></span> <span class='ocrx_word' id='word_1_262' title='bbox 1495 2135 1511 2155; x_wconf 84' lang='lat' dir='ltr'><strong>e</strong></span> <span class='ocrx_word' id='word_1_263' title='bbox 1530 2124 1629 2167; x_wconf 82' lang='lat' dir='ltr'><strong>(f)u</strong></span> <span class='ocrx_word' id='word_1_264' title='bbox 1644 2151 1652 2165; x_wconf 90' lang='lat'>‚</span> 
     </span>
     <span class='ocr_line' id='line_1_33' title="bbox 171 2175 1655 2222; baseline 0.002 -17"><span class='ocrx_word' id='word_1_265' title='bbox 171 2177 257 2206; x_wconf 79' lang='lat' dir='ltr'><strong>etin</strong></span> <span class='ocrx_word' id='word_1_266' title='bbox 276 2175 306 2207; x_wconf 89' lang='lat' dir='ltr'><em>B</em></span> <span class='ocrx_word' id='word_1_267' title='bbox 322 2187 392 2208; x_wconf 82' lang='lat' dir='ltr'><strong>see.</strong></span> <span class='ocrx_word' id='word_1_268' title='bbox 410 2188 456 2208; x_wconf 84' lang='lat' dir='ltr'><strong>m.</strong></span> <span class='ocrx_word' id='word_1_269' title='bbox 479 2184 596 2211; x_wconf 86' lang='lat' dir='ltr'><strong>nostra</strong></span> <span class='ocrx_word' id='word_1_270' title='bbox 615 2182 891 2222; x_wconf 74' lang='lat' dir='ltr'><strong>suprascripsit.</strong></span> <span class='ocrx_word' id='word_1_271' title='bbox 1055 2180 1073 2211; x_wconf 84' lang='lat'><strong>3</strong></span> <span class='ocrx_word' id='word_1_272' title='bbox 1094 2179 1249 2219; x_wconf 85' lang='lat' dir='ltr'><strong>legiones</strong></span> <span class='ocrx_word' id='word_1_273' title='bbox 1270 2178 1349 2220; x_wconf 74' lang='lat' dir='ltr'><strong>esu</strong></span> <span class='ocrx_word' id='word_1_274' title='bbox 1364 2201 1373 2217; x_wconf 85' lang='lat'><em>,</em></span> <span class='ocrx_word' id='word_1_275' title='bbox 1394 2181 1530 2208; x_wconf 87' lang='lat' dir='ltr'><strong>nostras</strong></span> <span class='ocrx_word' id='word_1_276' title='bbox 1550 2177 1655 2218; x_wconf 86' lang='lat' dir='ltr'><strong>legio-</strong></span> 
     </span>
     <span class='ocr_line' id='line_1_34' title="bbox 167 2228 1498 2264; baseline 0.001 -6"><span class='ocrx_word' id='word_1_277' title='bbox 167 2237 226 2259; x_wconf 87' lang='lat' dir='ltr'><strong>nes</strong></span> <span class='ocrx_word' id='word_1_278' title='bbox 245 2228 317 2259; x_wconf 85' lang='lat' dir='ltr'><strong>AB</strong></span> <span class='ocrx_word' id='word_1_279' title='bbox 332 2229 451 2261; x_wconf 87' lang='lat' dir='ltr'><em>CDE.</em></span> <span class='ocrx_word' id='word_1_280' title='bbox 477 2230 517 2262; x_wconf 90' lang='lat' dir='ltr'><strong>P.</strong></span> <span class='ocrx_word' id='word_1_281' title='bbox 539 2232 594 2264; x_wconf 80' lang='lat'><strong>64.</strong></span> <span class='ocrx_word' id='word_1_282' title='bbox 758 2232 778 2264; x_wconf 92' lang='grc'>8</span> <span class='ocrx_word' id='word_1_283' title='bbox 798 2231 1032 2263; x_wconf 85' lang='lat' dir='ltr'><strong>cohortamine</strong></span> <span class='ocrx_word' id='word_1_284' title='bbox 1054 2230 1094 2262; x_wconf 78' lang='lat' dir='ltr'><strong>C.</strong></span> <span class='ocrx_word' id='word_1_285' title='bbox 1274 2239 1293 2260; x_wconf 86' lang='lat' dir='ltr'><strong>a</strong></span> <span class='ocrx_word' id='word_1_286' title='bbox 1312 2229 1434 2260; x_wconf 85' lang='lat' dir='ltr'><strong>dextro</strong></span> <span class='ocrx_word' id='word_1_287' title='bbox 1452 2229 1498 2260; x_wconf 90' lang='grc' dir='ltr'><strong>Ι).</strong></span> 
     </span>
    </p>

    <p class='ocr_par' dir='ltr' id='par_1_8' title="bbox 168 2279 1659 2428">
     <span class='ocr_line' id='line_1_35' title="bbox 168 2279 1658 2326; baseline -0.001 -14"><span class='ocrx_word' id='word_1_288' title='bbox 168 2281 186 2312; x_wconf 86' lang='grc'>9</span> <span class='ocrx_word' id='word_1_289' title='bbox 206 2280 350 2312; x_wconf 86' lang='lat' dir='ltr'><strong>conlatis</strong></span> <span class='ocrx_word' id='word_1_290' title='bbox 369 2291 415 2314; x_wconf 88' lang='lat' dir='ltr'><strong>m.</strong></span> <span class='ocrx_word' id='word_1_291' title='bbox 431 2292 491 2324; x_wconf 80' lang='lat' dir='ltr'><strong>pr.</strong></span> <span class='ocrx_word' id='word_1_292' title='bbox 511 2283 553 2315; x_wconf 90' lang='lat' dir='ltr'><strong>B.</strong></span> <span class='ocrx_word' id='word_1_293' title='bbox 735 2284 775 2316; x_wconf 92' lang='lat'><strong>10</strong></span> <span class='ocrx_word' id='word_1_294' title='bbox 794 2284 876 2326; x_wconf 89' lang='lat' dir='ltr'><strong>ipsis</strong></span> <span class='ocrx_word' id='word_1_295' title='bbox 896 2286 932 2315; x_wconf 77' lang='lat' dir='ltr'><strong>in</strong></span> <span class='ocrx_word' id='word_1_296' title='bbox 952 2282 1053 2315; x_wconf 79' lang='lat' dir='ltr'><strong>codd.</strong></span> <span class='ocrx_word' id='word_1_297' title='bbox 1074 2282 1283 2314; x_wconf 75' lang='lat' dir='ltr'><strong>Aelzaz&#39;ntrz&#39;z‘</strong></span> <span class='ocrx_word' id='word_1_298' title='bbox 1301 2281 1375 2322; x_wconf 71' lang='lat' dir='ltr'><strong>legi</strong></span> <span class='ocrx_word' id='word_1_299' title='bbox 1392 2280 1540 2319; x_wconf 68' lang='lat' dir='ltr'><strong>dicitur,</strong></span> <span class='ocrx_word' id='word_1_300' title='bbox 1561 2279 1658 2321; x_wconf 85' lang='lat' dir='ltr'><strong>quod</strong></span> 
     </span>
     <span class='ocr_line' id='line_1_36' title="bbox 168 2330 1659 2377; baseline 0.001 -15"><span class='ocrx_word' id='word_1_301' title='bbox 168 2330 210 2362; x_wconf 80' lang='lat' dir='ltr'><strong>de</strong></span> <span class='ocrx_word' id='word_1_302' title='bbox 227 2331 407 2373; x_wconf 81' lang='lat' dir='ltr'><strong>Bfalsum</strong></span> <span class='ocrx_word' id='word_1_303' title='bbox 428 2337 501 2375; x_wconf 69' lang='lat' dir='ltr'><strong>est,</strong></span> <span class='ocrx_word' id='word_1_304' title='bbox 523 2345 636 2376; x_wconf 69' lang='lat' dir='ltr'><strong>neque</strong></span> <span class='ocrx_word' id='word_1_305' title='bbox 654 2335 695 2367; x_wconf 84' lang='lat' dir='ltr'><strong>de</strong></span> <span class='ocrx_word' id='word_1_306' title='bbox 713 2346 733 2367; x_wconf 88' lang='grc' dir='ltr'><em>α</em></span> <span class='ocrx_word' id='word_1_307' title='bbox 753 2336 879 2376; x_wconf 79' lang='lat' dir='ltr'><strong>eredo,</strong></span> <span class='ocrx_word' id='word_1_308' title='bbox 911 2346 989 2367; x_wconf 79' lang='lat' dir='ltr'><strong>eum.</strong></span> <span class='ocrx_word' id='word_1_309' title='bbox 1017 2335 1108 2377; x_wconf 89' lang='lat' dir='ltr'><strong>ipsos</strong></span> <span class='ocrx_word' id='word_1_310' title='bbox 1129 2344 1174 2365; x_wconf 71' lang='lat' dir='ltr'><strong>ex</strong></span> <span class='ocrx_word' id='word_1_311' title='bbox 1193 2334 1354 2365; x_wconf 73' lang='lat' dir='ltr'><strong>omnibus</strong></span> <span class='ocrx_word' id='word_1_312' title='bbox 1372 2335 1447 2364; x_wconf 67' lang='lat' dir='ltr'><strong>suis</strong></span> <span class='ocrx_word' id='word_1_313' title='bbox 1466 2333 1659 2364; x_wconf 67' lang='lat' dir='ltr'><strong>redacoeerz&#39;t</strong></span> 
     </span>
     <span class='ocr_line' id='line_1_37' title="bbox 171 2381 1560 2428; baseline 0.001 -15"><span class='ocrx_word' id='word_1_314' title='bbox 171 2381 258 2414; x_wconf 77' lang='grc' dir='ltr'><strong>0αά.</strong></span> <span class='ocrx_word' id='word_1_315' title='bbox 271 2407 281 2423; x_wconf 88' lang='grc'>,</span> <span class='ocrx_word' id='word_1_316' title='bbox 303 2383 409 2424; x_wconf 71' lang='lat' dir='ltr'><strong>idque</strong></span> <span class='ocrx_word' id='word_1_317' title='bbox 428 2387 538 2416; x_wconf 72' lang='lat' dir='ltr'><strong>etiam</strong></span> <span class='ocrx_word' id='word_1_318' title='bbox 557 2387 594 2416; x_wconf 83' lang='lat' dir='ltr'><strong>z&#39;n</strong></span> <span class='ocrx_word' id='word_1_319' title='bbox 613 2397 629 2417; x_wconf 85' lang='lat' dir='ltr'><strong>e</strong></span> <span class='ocrx_word' id='word_1_320' title='bbox 647 2388 822 2428; x_wconf 70' lang='lat' dir='ltr'><strong>scriptum</strong></span> <span class='ocrx_word' id='word_1_321' title='bbox 840 2388 903 2417; x_wconf 75' lang='lat' dir='ltr'><strong>sit.</strong></span> <span class='ocrx_word' id='word_1_322' title='bbox 1044 2385 1130 2416; x_wconf 88' lang='lat' dir='ltr'><strong>uidit</strong></span> <span class='ocrx_word' id='word_1_323' title='bbox 1151 2384 1252 2416; x_wconf 83' lang='lat' dir='ltr'><strong>codd.</strong></span> <span class='ocrx_word' id='word_1_324' title='bbox 1273 2394 1414 2423; x_wconf 68' lang='lat' dir='ltr'><strong>omne-9,</strong></span> <span class='ocrx_word' id='word_1_325' title='bbox 1436 2394 1504 2415; x_wconf 83' lang='lat' dir='ltr'><strong>om.</strong></span> <span class='ocrx_word' id='word_1_326' title='bbox 1524 2393 1560 2414; x_wconf 84' lang='lat' dir='ltr'><strong>u.</strong></span> 
     </span>
    </p>

    <p class='ocr_par' dir='ltr' id='par_1_9' title="bbox 169 2433 1657 2581">
     <span class='ocr_line' id='line_1_38' title="bbox 170 2433 1657 2480; baseline 0.001 -16"><span class='ocrx_word' id='word_1_327' title='bbox 170 2433 208 2464; x_wconf 87' lang='lat'><strong>11</strong></span> <span class='ocrx_word' id='word_1_328' title='bbox 231 2433 396 2474; x_wconf 81' lang='lat' dir='ltr'><strong>signifero</strong></span> <span class='ocrx_word' id='word_1_329' title='bbox 414 2435 599 2469; x_wconf 79' lang='lat' dir='ltr'><strong>interfecto</strong></span> <span class='ocrx_word' id='word_1_330' title='bbox 621 2438 677 2480; x_wconf 37' lang='lat' dir='ltr'><strong>bs:</strong></span> <span class='ocrx_word' id='word_1_331' title='bbox 822 2438 861 2470; x_wconf 87' lang='grc'><strong>13</strong></span> <span class='ocrx_word' id='word_1_332' title='bbox 880 2436 1049 2479; x_wconf 76' lang='lat' dir='ltr'><strong>primipilo</strong></span> <span class='ocrx_word' id='word_1_333' title='bbox 1069 2437 1182 2469; x_wconf 84' lang='lat' dir='ltr'><strong>ABE</strong></span> <span class='ocrx_word' id='word_1_334' title='bbox 1200 2440 1296 2468; x_wconf 77' lang='lat' dir='ltr'><strong>‘mss.</strong></span> <span class='ocrx_word' id='word_1_335' title='bbox 1317 2435 1514 2478; x_wconf 77' lang='lat' dir='ltr'><strong>plerz&#39;que’5</strong></span> <span class='ocrx_word' id='word_1_336' title='bbox 1533 2436 1657 2478; x_wconf 79' lang='lat' dir='ltr'><strong>primo-</strong></span> 
     </span>
     <span class='ocr_line' id='line_1_39' title="bbox 169 2484 1657 2531; baseline 0.002 -17"><span class='ocrx_word' id='word_1_337' title='bbox 169 2484 236 2525; x_wconf 85' lang='lat' dir='ltr'><strong>pilo</strong></span> <span class='ocrx_word' id='word_1_338' title='bbox 258 2485 275 2515; x_wconf 89' lang='lat' dir='ltr'><strong>b</strong></span> <span class='ocrx_word' id='word_1_339' title='bbox 289 2495 328 2526; x_wconf 84' lang='lat' dir='ltr'><strong>c,</strong></span> <span class='ocrx_word' id='word_1_340' title='bbox 348 2486 454 2527; x_wconf 88' lang='lat' dir='ltr'><strong>primo</strong></span> <span class='ocrx_word' id='word_1_341' title='bbox 471 2488 539 2530; x_wconf 86' lang='lat' dir='ltr'><strong>pilo</strong></span> <span class='ocrx_word' id='word_1_342' title='bbox 560 2489 615 2531; x_wconf 86' lang='lat' dir='ltr'><strong>ef.</strong></span> <span class='ocrx_word' id='word_1_343' title='bbox 802 2487 944 2529; x_wconf 83' lang='lat' dir='ltr'><strong>Baculo]</strong></span> <span class='ocrx_word' id='word_1_344' title='bbox 966 2488 1109 2527; x_wconf 82' lang='lat' dir='ltr'><strong>Baceio,</strong></span> <span class='ocrx_word' id='word_1_345' title='bbox 1128 2488 1193 2520; x_wconf 74' lang='lat' dir='ltr'><strong>sed</strong></span> <span class='ocrx_word' id='word_1_346' title='bbox 1210 2491 1409 2520; x_wconf 73' lang='lat' dir='ltr'><strong>correctum</strong></span> <span class='ocrx_word' id='word_1_347' title='bbox 1429 2486 1505 2518; x_wconf 81' lang='lat' dir='ltr'><strong>ead.</strong></span> <span class='ocrx_word' id='word_1_348' title='bbox 1526 2497 1573 2518; x_wconf 88' lang='lat' dir='ltr'><strong>m.</strong></span> <span class='ocrx_word' id='word_1_349' title='bbox 1593 2486 1657 2517; x_wconf 85' lang='lat' dir='ltr'><strong>Ba-</strong></span> 
     </span>
     <span class='ocr_line' id='line_1_40' title="bbox 171 2535 1563 2581; baseline 0.002 -15"><span class='ocrx_word' id='word_1_350' title='bbox 171 2535 246 2567; x_wconf 87' lang='lat' dir='ltr'><strong>culo</strong></span> <span class='ocrx_word' id='word_1_351' title='bbox 260 2560 268 2576; x_wconf 94' lang='lat'>‚</span> <span class='ocrx_word' id='word_1_352' title='bbox 290 2536 342 2568; x_wconf 87' lang='lat' dir='ltr'><strong>C?</strong></span> <span class='ocrx_word' id='word_1_353' title='bbox 358 2541 395 2569; x_wconf 78' lang='lat' dir='ltr'><strong>et</strong></span> <span class='ocrx_word' id='word_1_354' title='bbox 409 2549 477 2571; x_wconf 76' lang='lat' dir='ltr'><strong>sec.</strong></span> <span class='ocrx_word' id='word_1_355' title='bbox 498 2550 544 2572; x_wconf 88' lang='lat' dir='ltr'><strong>m.</strong></span> <span class='ocrx_word' id='word_1_356' title='bbox 566 2542 604 2572; x_wconf 82' lang='lat' dir='ltr'><strong>in</strong></span> <span class='ocrx_word' id='word_1_357' title='bbox 623 2550 739 2581; x_wconf 81' lang='lat' dir='ltr'><strong>marg.</strong></span> <span class='ocrx_word' id='word_1_358' title='bbox 760 2540 812 2580; x_wconf 88' lang='lat' dir='ltr'><strong>B,</strong></span> <span class='ocrx_word' id='word_1_359' title='bbox 832 2540 949 2572; x_wconf 84' lang='lat' dir='ltr'><strong>Pactio</strong></span> <span class='ocrx_word' id='word_1_360' title='bbox 967 2550 1000 2571; x_wconf 83' lang='lat' dir='ltr'><strong>a.</strong></span> <span class='ocrx_word' id='word_1_361' title='bbox 1144 2539 1333 2571; x_wconf 85' lang='lat' dir='ltr'><strong>fortissimo</strong></span> <span class='ocrx_word' id='word_1_362' title='bbox 1353 2539 1427 2570; x_wconf 90' lang='lat' dir='ltr'><strong>uiro</strong></span> <span class='ocrx_word' id='word_1_363' title='bbox 1448 2539 1563 2581; x_wconf 82' lang='lat' dir='ltr'><strong>om.f.</strong></span> 
     </span>
    </p>

    <p class='ocr_par' dir='ltr' id='par_1_10' title="bbox 172 2585 1653 2686">
     <span class='ocr_line' id='line_1_41' title="bbox 172 2585 1653 2627; baseline 0.003 -11"><span class='ocrx_word' id='word_1_364' title='bbox 172 2585 212 2617; x_wconf 82' lang='lat'><strong>14</strong></span> <span class='ocrx_word' id='word_1_365' title='bbox 231 2587 442 2627; x_wconf 82' lang='lat' dir='ltr'><strong>grauioribus</strong></span> <span class='ocrx_word' id='word_1_366' title='bbox 463 2591 493 2623; x_wconf 88' lang='lat' dir='ltr'><strong>b.</strong></span> <span class='ocrx_word' id='word_1_367' title='bbox 635 2602 671 2623; x_wconf 82' lang='lat' dir='ltr'><strong>se</strong></span> <span class='ocrx_word' id='word_1_368' title='bbox 689 2602 758 2623; x_wconf 86' lang='lat' dir='ltr'><strong>om.</strong></span> <span class='ocrx_word' id='word_1_369' title='bbox 780 2602 810 2624; x_wconf 79' lang='lat' dir='ltr'><strong>c.</strong></span> <span class='ocrx_word' id='word_1_370' title='bbox 953 2591 992 2624; x_wconf 87' lang='grc'><strong>15</strong></span> <span class='ocrx_word' id='word_1_371' title='bbox 1013 2601 1090 2623; x_wconf 85' lang='lat' dir='ltr'><strong>esse</strong></span> <span class='ocrx_word' id='word_1_372' title='bbox 1109 2591 1296 2624; x_wconf 86' lang='lat' dir='ltr'><strong>traditores</strong></span> <span class='ocrx_word' id='word_1_373' title='bbox 1315 2592 1360 2624; x_wconf 87' lang='lat' dir='ltr'><strong>A.</strong></span> <span class='ocrx_word' id='word_1_374' title='bbox 1518 2591 1653 2622; x_wconf 79' lang='lat' dir='ltr'><strong>deserto</strong></span> 
     </span>
     <span class='ocr_line' id='line_1_42' title="bbox 172 2637 1652 2686; baseline 0.003 -18"><span class='ocrx_word' id='word_1_375' title='bbox 172 2637 204 2669; x_wconf 90' lang='lat' dir='ltr'><em>A</em></span> <span class='ocrx_word' id='word_1_376' title='bbox 217 2662 225 2678; x_wconf 85' lang='lat'>,</span> <span class='ocrx_word' id='word_1_377' title='bbox 246 2639 398 2673; x_wconf 84' lang='lat' dir='ltr'><strong>desertos</strong></span> <span class='ocrx_word' id='word_1_378' title='bbox 415 2643 561 2685; x_wconf 76' lang='lat' dir='ltr'><strong>reliqui.</strong></span> <span class='ocrx_word' id='word_1_379' title='bbox 741 2644 780 2676; x_wconf 87' lang='grc'><strong>16</strong></span> <span class='ocrx_word' id='word_1_380' title='bbox 801 2643 870 2675; x_wconf 79' lang='lat' dir='ltr'><strong>tela</strong></span> <span class='ocrx_word' id='word_1_381' title='bbox 888 2643 1007 2675; x_wconf 87' lang='lat' dir='ltr'><strong>uidere</strong></span> <span class='ocrx_word' id='word_1_382' title='bbox 1025 2653 1072 2675; x_wconf 82' lang='lat' dir='ltr'><strong>m.</strong></span> <span class='ocrx_word' id='word_1_383' title='bbox 1091 2653 1147 2686; x_wconf 78' lang='lat' dir='ltr'><strong>pr.</strong></span> <span class='ocrx_word' id='word_1_384' title='bbox 1168 2644 1210 2676; x_wconf 92' lang='lat' dir='ltr'><strong>B.</strong></span> <span class='ocrx_word' id='word_1_385' title='bbox 1397 2642 1506 2675; x_wconf 86' lang='lat' dir='ltr'><strong>hostis</strong></span> <span class='ocrx_word' id='word_1_386' title='bbox 1526 2643 1558 2674; x_wconf 81' lang='lat' dir='ltr'><em>A</em></span> <span class='ocrx_word' id='word_1_387' title='bbox 1570 2641 1652 2673; x_wconf 86' lang='lat' dir='ltr'><strong>DE.</strong></span> 
     </span>
    </p>

    <p class='ocr_par' dir='ltr' id='par_1_11' title="bbox 173 2693 1655 2789">
     <span class='ocr_line' id='line_1_43' title="bbox 314 2693 1655 2728; baseline 0.002 -7"><span class='ocrx_word' id='word_1_388' title='bbox 314 2699 334 2721; x_wconf 89' lang='lat' dir='ltr'><strong>a</strong></span> <span class='ocrx_word' id='word_1_389' title='bbox 351 2702 418 2724; x_wconf 90' lang='lat' dir='ltr'><strong>om.</strong></span> <span class='ocrx_word' id='word_1_390' title='bbox 435 2694 493 2725; x_wconf 87' lang='lat' dir='ltr'><strong>bc.</strong></span> <span class='ocrx_word' id='word_1_391' title='bbox 613 2695 654 2728; x_wconf 88' lang='lat'><strong>18</strong></span> <span class='ocrx_word' id='word_1_392' title='bbox 672 2695 778 2727; x_wconf 90' lang='lat' dir='ltr'><strong>ullum</strong></span> <span class='ocrx_word' id='word_1_393' title='bbox 797 2695 986 2727; x_wconf 85' lang='lat' dir='ltr'><strong>subsidium</strong></span> <span class='ocrx_word' id='word_1_394' title='bbox 1007 2695 1024 2726; x_wconf 87' lang='lat' dir='ltr'><strong>b</strong></span> <span class='ocrx_word' id='word_1_395' title='bbox 1037 2705 1065 2727; x_wconf 84' lang='lat' dir='ltr'><strong>c.</strong></span> <span class='ocrx_word' id='word_1_396' title='bbox 1163 2694 1328 2727; x_wconf 87' lang='lat' dir='ltr'><strong>summitti</strong></span> <span class='ocrx_word' id='word_1_397' title='bbox 1348 2695 1390 2727; x_wconf 90' lang='lat' dir='ltr'><strong>B.</strong></span> <span class='ocrx_word' id='word_1_398' title='bbox 1493 2695 1537 2727; x_wconf 74' lang='lat'><strong>22</strong></span> <span class='ocrx_word' id='word_1_399' title='bbox 1556 2693 1655 2725; x_wconf 86' lang='lat' dir='ltr'><strong>huius</strong></span> 
     </span>
     <span class='ocr_line' id='line_1_44' title="bbox 173 2739 1655 2789; baseline -0.001 -10"><span class='ocrx_word' id='word_1_400' title='bbox 173 2739 321 2770; x_wconf 67' lang='lat' dir='ltr'><strong>aduentu</strong></span> <span class='ocrx_word' id='word_1_401' title='bbox 341 2752 368 2773; x_wconf 75' lang='grc' dir='ltr'><strong>θ·</strong></span> <span class='ocrx_word' id='word_1_402' title='bbox 509 2745 552 2779; x_wconf 82' lang='lat'><strong>23</strong></span> <span class='ocrx_word' id='word_1_403' title='bbox 571 2745 679 2779; x_wconf 85' lang='lat' dir='ltr'><strong>inlata</strong></span> <span class='ocrx_word' id='word_1_404' title='bbox 697 2747 772 2779; x_wconf 87' lang='lat' dir='ltr'><strong>AD</strong></span> <span class='ocrx_word' id='word_1_405' title='bbox 792 2750 828 2778; x_wconf 83' lang='lat' dir='ltr'><strong>et</strong></span> <span class='ocrx_word' id='word_1_406' title='bbox 841 2757 889 2779; x_wconf 84' lang='lat' dir='ltr'><strong>m.</strong></span> <span class='ocrx_word' id='word_1_407' title='bbox 906 2757 963 2789; x_wconf 85' lang='lat' dir='ltr'><strong>pr.</strong></span> <span class='ocrx_word' id='word_1_408' title='bbox 984 2748 1026 2779; x_wconf 90' lang='lat' dir='ltr'><strong>B.</strong></span> <span class='ocrx_word' id='word_1_409' title='bbox 1155 2748 1198 2781; x_wconf 77' lang='lat'><strong>24</strong></span> <span class='ocrx_word' id='word_1_410' title='bbox 1217 2747 1248 2779; x_wconf 88' lang='lat' dir='ltr'><strong>in</strong></span> <span class='ocrx_word' id='word_1_411' title='bbox 1270 2747 1434 2779; x_wconf 81' lang='lat' dir='ltr'><strong>extremis</strong></span> <span class='ocrx_word' id='word_1_412' title='bbox 1451 2747 1514 2788; x_wconf 82' lang='grc' dir='ltr'><strong>Αφ</strong></span> <span class='ocrx_word' id='word_1_413' title='bbox 1529 2745 1655 2787; x_wconf 68' lang='lat' dir='ltr'><strong>·⁹d‘³.s›</strong></span> 
     </span>
    </p>
   </div>
   <div class='ocr_carea' id='block_1_8' title="bbox 173 2792 1654 2885">
    <p class='ocr_par' dir='ltr' id='par_1_12' title="bbox 173 2792 1654 2885">
     <span class='ocr_line' id='line_1_45' title="bbox 173 2792 1654 2878; baseline 0.007 -57"><span class='ocrx_word' id='word_1_414' title='bbox 173 2792 334 2824; x_wconf 80' lang='lat' dir='ltr'><strong>extremis</strong></span> <span class='ocrx_word' id='word_1_415' title='bbox 347 2794 432 2877; x_wconf 65' lang='lat' dir='ltr'><strong>Aimi</strong></span> <span class='ocrx_word' id='word_1_416' title='bbox 446 2797 566 2878; x_wconf 71' lang='lat' dir='ltr'><strong><em>BCbE.</em></strong></span> <span class='ocrx_word' id='word_1_417' title='bbox 708 2809 835 2832; x_wconf 86' lang='lat' dir='ltr'><strong>nouare</strong></span> <span class='ocrx_word' id='word_1_418' title='bbox 852 2800 884 2831; x_wconf 91' lang='lat' dir='ltr'><em>D</em></span> <span class='ocrx_word' id='word_1_419' title='bbox 899 2801 929 2832; x_wconf 83' lang='lat' dir='ltr'><strong>b.</strong></span> <span class='ocrx_word' id='word_1_420' title='bbox 1067 2801 1110 2835; x_wconf 81' lang='lat'><strong>25</strong></span> <span class='ocrx_word' id='word_1_421' title='bbox 1129 2805 1296 2843; x_wconf 86' lang='lat' dir='ltr'><strong>cuperent</strong></span> <span class='ocrx_word' id='word_1_422' title='bbox 1315 2801 1408 2844; x_wconf 83' lang='lat' dir='ltr'><strong>bes,</strong></span> <span class='ocrx_word' id='word_1_423' title='bbox 1432 2809 1590 2842; x_wconf 74' lang='lat' dir='ltr'><strong>cuperant</strong></span> <span class='ocrx_word' id='word_1_424' title='bbox 1609 2798 1654 2831; x_wconf 86' lang='lat' dir='ltr'><strong>E.</strong></span> 
     </span>
     <span class='ocr_line' id='line_1_46' title="bbox 315 2853 541 2885; baseline 0.013 -10"><span class='ocrx_word' id='word_1_425' title='bbox 315 2853 381 2885; x_wconf 85' lang='lat' dir='ltr'><strong>pau</strong></span> <span class='ocrx_word' id='word_1_426' title='bbox 399 2856 419 2875; x_wconf 94' lang='lat' dir='ltr'><strong>u</strong></span> <span class='ocrx_word' id='word_1_427' title='bbox 436 2856 488 2878; x_wconf 90' lang='lat' dir='ltr'><strong>um</strong></span> <span class='ocrx_word' id='word_1_428' title='bbox 534 2873 541 2880; x_wconf 90' lang='lat'>.</span> 
     </span>
    </p>
   </div>
   <div class='ocr_carea' id='block_1_9' title="bbox 208 2911 1458 2961">
    <p class='ocr_par' dir='ltr' id='par_1_13' title="bbox 208 2911 1458 2961">
     <span class='ocr_line' id='line_1_47' title="bbox 208 2911 1458 2961; baseline 0.02 -24"><span class='ocrx_word' id='word_1_429' title='bbox 208 2911 328 2947; x_wconf 62' lang='lat' dir='ltr'><strong>Caesar,</strong></span> <span class='ocrx_word' id='word_1_430' title='bbox 350 2913 395 2941; x_wconf 84' lang='lat' dir='ltr'><strong>ed.</strong></span> <span class='ocrx_word' id='word_1_431' title='bbox 418 2912 560 2951; x_wconf 81' lang='lat' dir='ltr'><strong>Nipperd.</strong></span> <span class='ocrx_word' id='word_1_432' title='bbox 1402 2921 1458 2961; x_wconf 75' lang='lat'><strong>20</strong></span> 
     </span>
    </p>
   </div>
  </div>
 </body>
</html>
