1835 3240
744 148 1171 190 -—230--

214 262 327 316 ignes
349 262 434 303 fieri
456 263 629 318 magnos'
653 270 746 303 cett.
787 261 894 303 Nam
920 262 1133 315 ‘quoniam'
1155 262 1197 302 in
1218 262 1329 303 codd.
1355 262 1497 304 litteris
1523 265 1612 316 ‘qm’
1635 270 1704 303 aut

215 329 309 370 solis
331 329 495 384 (Papias
517 344 554 384 p.
581 329 687 370 1661
711 328 782 382 Ρ.)
805 335 894 378 aut,
919 336 961 369 ut
982 330 1044 369 hic
1065 330 1106 370 in
1126 329 1218 371 Par.
1242 345 1324 371 sec.
1351 333 1493 371 factum
1518 339 1602 381 est,
1639 345 1704 371 su-

214 399 401 450 perducta
423 399 529 438 linea
551 404 732 438 notatur:
763 404 803 438 at
825 397 980 437 easdem
1002 397 1156 438 litteras
1182 399 1270 451 ‘qm'
1292 397 1447 438 Probus
1470 414 1507 452 p.
1535 397 1642 439 1529
1665 405 1705 438 ct

213 462 362 505 Paulus
386 464 588 505 Diaconus
612 480 648 518 p.
676 462 785 503 1629
806 462 854 503 Ρ.
883 466 1101 517 ‘quomodo'
1125 465 1349 520 significare
1374 467 1543 506 tradunt.
1589 464 1702 518 Quae

215 532 399 586 deinceps
423 534 614 573 eduntur:
645 531 704 571 ‘Id
727 546 813 572 cum
838 530 1046 586 Pompeius
1069 547 1120 573 ex
1144 534 1321 587 perfugis
1343 534 1547 583 rescisset,
1573 547 1618 573 ea
1642 534 1703 573 die

212 611 284 651 per
304 600 454 640 uiarum
478 599 681 653 augustias
713 613 826 640 carra
856 601 1053 654 complura
1074 602 1295 654 multosque
1317 601 1480 640 lanistas
1501 599 1701 650 retraxit',

213 666 320 706 nulla
353 682 405 707 ex
433 675 544 720 parte
573 668 807 721 optimorum
837 668 948 708 codd.
975 670 1192 722 scripturae.
1215 668 1356 708 similia
1379 675 1485 708 sunt.
1536 666 1641 707 Nam
1663 667 1702 706 in

212 731 307 774 Par.
334 748 414 774 sec.
439 734 583 788 legitur
624 735 839 776 ‘rescisset
869 750 942 788 qua
974 736 1036 775 die
1058 737 1283 776 facultatem
1307 743 1343 775 et
1365 735 1566 789 angustias
1590 748 1704 775 carra

213 802 413 854 complura
435 802 577 842 multos
600 802 795 852 lanistos',
820 803 1002 855 idemque
1023 803 1064 843 in
1079 802 1195 844 Leid.
1213 818 1271 857 pr.
1299 810 1337 843 ct
1354 801 1481 850 Scal.,
1505 803 1582 843 nisi
1603 803 1704 855 quod

214 867 409 908 ‘lanistas'
432 869 609 909 retinere
632 869 827 910 dicuntur.
873 869 1062 911 Lanistas
1087 871 1148 911 bic
1170 871 1300 924 inepte
1323 870 1622 911 commemorari
1644 871 1704 910 in-

211 934 410 975 tellectum
433 943 517 976 est:
542 936 700 991 Lipsius
728 938 973 990 ‘multosque
995 938 1129 988 lixas',
1158 936 1341 991 Scaliger
1373 939 1616 990 ‘multasque
1638 938 1705 977 ba-

210 1000 336 1041 listas'
360 1004 634 1045 coniecerunt.
667 1003 768 1045 Mihi
791 1005 886 1045 haec
908 1006 963 1046 ita
985 1007 1225 1046 emendanda
1249 1006 1451 1046 uidentur:
1481 1005 1701 1055 nescisset,

210 1076 350 1110 nactus
385 1084 455 1124 per
484 1073 703 1113 conuallem
735 1080 774 1112 et
804 1074 1008 1126 angustias
1031 1087 1145 1114 carra
1168 1075 1367 1127 complura
1391 1073 1514 1112 mulos
1538 1080 1704 1112 onustos

210 1138 411 1188 retraxit',
438 1153 491 1180 ex
513 1140 650 1192 quibus
677 1141 816 1180 ‘mulos
839 1141 1017 1181 onustos*
1040 1142 1218 1194 recipere
1241 1156 1318 1181 non
1342 1141 1533 1181 dubitaui.

327 1203 375 1246 C.
406 1205 433 1246 7
461 1214 568 1247 extr.
587 1239 597 1258 ,
631 1215 834 1261 postquam
867 1216 1051 1261 quattuor
1073 1210 1249 1263 legiones
1272 1207 1473 1262 Pompeii,
1509 1209 1648 1262 quibus
1671 1210 1704 1250 is

211 1273 382 1314 maxime
404 1275 639 1323 confidebat,
669 1283 922 1316 enumeratae
944 1282 1050 1325 sunt,
1078 1277 1172 1316 haec
1194 1277 1485 1330 adiunguntur:
1515 1277 1706 1329 ‘reliquae

211 1352 259 1379 cx
281 1341 458 1394 fugitiuis
481 1343 700 1382 auxiliares
724 1343 1017 1383 consistebant:
1043 1357 1132 1383 nam
1156 1344 1203 1383 de
1225 1344 1302 1383 leui
1324 1351 1521 1383 armatura
1542 1350 1581 1382 ct
1598 1343 1706 1396 equi-

211 1412 295 1446 tatu
317 1408 434 1461 longe
457 1416 497 1449 et
517 1411 664 1450 uirtute
688 1417 726 1449 et
748 1424 912 1450 numero
934 1410 1061 1450 nostri
1084 1417 1199 1450 crant
1221 1410 1474 1464 superiores.
1521 1409 1596 1450 Hic
1617 1411 1705 1450 leue

212 1480 289 1523 cst,
315 1477 423 1527 quod
439 1478 748 1531 reprehendunt,
766 1477 893 1518 minus
916 1478 1213 1532 rectelegiones
1225 1492 1275 1517 ex
1290 1478 1469 1531 fugitiuis
1485 1479 1706 1519 consistere

211 1540 310 1592 dici,
347 1558 445 1596 quae
468 1553 652 1586 constare
676 1559 729 1586 ex
750 1545 798 1585 iis
822 1546 1009 1587 dicendae
1025 1553 1152 1586 erant.
1202 1544 1301 1598 Quis
1324 1547 1428 1586 enim
1450 1561 1628 1599 umquam
1652 1546 1707 1586 le-

210 1608 350 1663 giones
373 1613 589 1653 auxiliares
611 1613 789 1653 audiuit?
811 1615 913 1666 quod
936 1615 996 1654 hic
1020 1628 1065 1654 eo
1087 1614 1257 1666 ineptius
1280 1621 1355 1662 est,
1381 1614 1483 1666 quod
1501 1614 1559 1654 his
1575 1614 1704 1654 uerbis

211 1691 351 1718 nouem
365 1679 558 1733 legiones,
576 1695 669 1734 quas
683 1688 839 1734 praeter
851 1688 1034 1734 quattuor
1045 1682 1132 1721 illas
1147 1688 1262 1721 antea
1275 1688 1525 1721 enumeratas
1540 1681 1707 1721 habebat

210 1741 439 1799 Pompeius,
465 1749 753 1801 significantur.
790 1745 891 1799 Quid
906 1756 1037 1788 autem
1051 1748 1310 1789 auxiliaribus
1324 1756 1385 1788 est
1398 1763 1484 1788 cum
1499 1749 1705 1802 fugitiuis?

212 1809 396 1866 Denique
419 1829 518 1868 quae
542 1822 604 1855 est
624 1816 700 1856 ista
724 1816 931 1856 collocatio
944 1816 1153 1856 uerborum
1178 1816 1367 1868 ‘reliquae
1384 1830 1434 1856 ex
1450 1816 1622 1869 fugitiuis
1636 1830 1704 1856 au-

210 1880 377 1922 xiliares
402 1884 701 1925 consistebant'.
737 1883 786 1926 C.
802 1885 912 1925 30de
928 1884 1050 1938 copiis
1063 1882 1241 1937 Pompeii
1256 1884 1563 1937 hacc-leguntur:
1591 1882 1707 1924 ‘Erat

213 1948 320 1989 acies
340 1947 445 1989 XIII
466 1953 605 2005 aquilis
631 1953 858 2003 constituta,
886 1966 982 2005 quae
1004 1952 1192 1991 lateribus
1207 1952 1598 2005 equitatutegebatur
1620 1966 1706 1992 cum

212 2015 291 2056 leui
319 2025 521 2059 armatura
553 2019 708 2059 milibus
732 2018 810 2059 VI:
846 2027 1052 2073 praeterea
1082 2020 1300 2059 auxiliares
1323 2019 1563 2059 accedebant
1585 2034 1705 2074 prope

214 2083 379 2125 alterum
394 2087 574 2126 tantum’.
609 2085 748 2139 Itaque
770 2088 837 2128 illo
860 2089 962 2137 loeo,
988 2088 1033 2127 de
1057 2101 1132 2140 quo
1156 2086 1343 2136 diximus,
1370 2093 1437 2126 aut
1463 2088 1706 2128 ‘auxiliares'

214 2165 236 2190 a
257 2153 473 2206 magistro,
509 2155 572 2207 qui
595 2155 697 2194 lecto
720 2155 832 2196 initio
855 2170 889 2195 c.
915 2153 969 2195 30
1001 2169 1137 2195 eorum
1171 2155 1581 2194 commemorationem
1605 2155 1707 2195 desi—

216 2219 392 2270 derabat,
418 2222 458 2261 in
481 2223 659 2275 margine
681 2223 841 2276 ascripti
864 2229 902 2262 et
922 2236 1126 2276 perperam
1148 2222 1253 2262 inter
1284 2222 1405 2262 uerba
1436 2223 1609 2262 auctoris
1640 2236 1708 2274 po-

214 2286 281 2325 siti
312 2295 427 2338 sunt,
463 2298 528 2330 aut
559 2292 642 2344 ipse
677 2298 816 2330 auctor
845 2290 907 2330 hic
938 2304 1091 2343 quoque
1119 2290 1338 2330 auxiliares
1372 2289 1706 2335 commemorauit,

215 2353 414 2407 uerbaque
437 2357 521 2397 eius
546 2365 727 2398 truncata
749 2364 854 2397 sunt.

327 2420 447 2463 Initio
470 2439 504 2464 0.
521 2424 547 2465 8
568 2425 700 2478 inepte
724 2425 912 2465 edebatur
945 2423 1189 2465 ‘Accedebat
1210 2424 1298 2474 huc,
1325 2432 1368 2464 ut
1389 2424 1544 2479 longius
1567 2424 1706 2465 bellum

216 2488 616 2545 duceretPompeius,
642 2494 743 2545 quod
764 2494 851 2533 loca
873 2500 966 2532 sunt
983 2493 1086 2532 edita
1108 2499 1146 2533 et
1167 2492 1214 2531 ad
1235 2498 1453 2531 castrorum
1469 2492 1708 2533 munitiones

217 2569 297 2595 non
327 2570 462 2609 parum
493 2559 673 2600 idonea':
708 2561 804 2599 nihil
825 2561 928 2599 enim
951 2566 1068 2599 antea
1099 2566 1185 2600 erat
1207 2559 1373 2597 relatum
1390 2589 1400 2608 ‚
1427 2574 1502 2611 quo
1526 2559 1621 2599 haec
1644 2574 1709 2600 ac-

217 2623 388 2664 cessisse
419 2625 491 2665 dici
525 2634 705 2679 possent.
761 2625 935 2667 Correxi
956 2626 1078 2679 igitur
1111 2626 1334 2666 ‘accidebat
1358 2626 1458 2675 boe',
1495 2627 1558 2666 uel
1580 2627 1708 2680 potius

217 2692 450 2745 scripturam
464 2691 558 2733 Par.
575 2708 656 2734 sec.
672 2694 829 2734 restitui
847 2710 855 2732 :
882 2707 971 2733 nam
996 2693 1232 2734 ‘accedebat'
1256 2694 1483 2746 plerumque
1503 2708 1574 2747 pro
1591 2694 1710 2734 ‘aeci-

217 2759 344 2798 debat'
367 2760 408 2800 in
430 2761 542 2800 codd.
570 2760 779 2808 scribitur,
817 2760 918 2801 ‘hoc'
949 2768 1078 2801 autem
1112 2761 1187 2813 (‘h'
1211 2768 1354 2814 puncto
1376 2776 1494 2815 supra
1516 2762 1707 2814 ascripto)

216 2829 257 2866 in
279 2825 371 2867 Par.
397 2841 479 2869 sec.
503 2828 657 2870 inuenit
678 2826 900 2883 Beyerlius.
944 2827 1186 2869 Ostenderat
1215 2835 1354 2869 auctor
1380 2829 1553 2882 reliquas
1576 2829 1707 2883 copias
