1835 3240
86 125 170 168 440
617 124 692 167 DE
724 124 915 168 BELLO
948 123 1196 166 GALLICO

161 237 377 288 instabant,
399 237 564 279 alteram
577 236 870 292 Camulogenus
891 244 1028 291 parato
1051 244 1167 290 atque
1189 238 1382 279 instructo
1396 238 1576 278 exercitu
1590 245 1645 279 te-

161 306 306 357 nebat3
332 313 414 346 tum
437 306 857 360 legionesapraesidio
869 312 985 357 atque
1007 305 1292 358 impedimentis
1314 306 1550 346 interclusas
1567 320 1647 346 ma-

113 372 140 413 6
160 374 309 414 ximum
332 374 472 414 flumen
496 374 720 414 distinebat.
774 371 915 412 Tantis
948 372 1079 412 subito
1103 372 1388 414 difficultatibus
1411 373 1576 414 obiectis
1599 374 1646 414 ab

84 442 144 486 60
163 441 282 482 animi
304 443 450 482 uirtute
472 441 662 481 auxilium
685 441 892 494 petendum
916 440 1088 480 uidebat.
1147 437 1229 479 Sub
1251 454 1456 494 uesperum
1480 441 1645 481 consilio

157 516 376 550 conuocato
399 509 642 558 cohortatus,
667 515 711 548 ut
733 522 794 555 ea,
819 521 917 560 quae
939 508 1188 562 imperasset,
1213 507 1641 560 diligenterindustrie-
1674 517 1691 549 5

159 591 232 630 que
268 576 615 626 administrarent,
651 589 799 625 naues,
835 589 930 628 quas
952 574 1170 615 Meloduno
1193 576 1436 624 deduxerat,
1468 576 1642 629 singulas

155 644 348 698 equitibus
371 643 562 684 Romanis
586 643 770 684 adtribuit
796 650 833 684 et
855 644 979 697 prima
1002 645 1183 683 conlecta
1214 643 1346 696 uigilia
1369 650 1553 698 quattuor
1575 644 1644 683 mi-

158 712 209 752 lia
233 725 418 766 passuum
451 712 624 752 seeundo
655 711 813 751 flumine
835 711 995 751 silentio
1018 710 1198 764 progredi
1222 710 1353 763 ibique
1375 724 1418 750 se
1441 712 1642 764 expectari

109 779 136 818 2
157 778 280 819 iubet.
314 776 498 831 Quinque
521 779 721 828 cohortes,
748 793 844 832 quas
868 779 1025 819 minime
1049 779 1180 818 firmas
1203 778 1248 818 ad
1273 778 1530 818 dimicandum
1555 792 1642 819 esse

109 846 134 886 3
157 846 434 896 existimabat,
460 847 602 887 eastris
624 847 819 902 praesidio
843 847 1055 900 relinquit3
1089 846 1260 899 quinque
1282 846 1454 886 eiusdem
1478 846 1642 899 legionis
1679 854 1717 886 10

155 914 327 967 reliquas
350 915 396 954 de
418 915 542 955 media
566 922 681 956 nocte
703 930 788 955 cum
811 914 1290 968 omnibusimpedimentis
1304 914 1471 954 aduerso
1486 914 1643 953 flumine

106 981 134 1021 4
155 995 296 1036 magno
320 983 487 1023 tumultu
520 984 716 1037 proficisci
749 984 930 1037 imperat.
983 979 1193 1035 Conquirit
1225 982 1341 1022 etiam
1374 981 1537 1021 lintres:
1573 982 1642 1021 has

154 1063 297 1103 magno
329 1051 463 1091 sonitu
494 1064 691 1092 remorum
722 1052 906 1091 incitatas
936 1050 975 1090 in
1008 1050 1168 1090 eandem
1200 1057 1350 1103 partem
1373 1049 1507 1089 mittit.
1552 1047 1641 1102 Ipse

154 1125 244 1171 post
274 1118 389 1171 paulo
418 1119 575 1159 silentio
607 1133 793 1174 egressus
815 1133 901 1159 eum
926 1118 1048 1158 tribus
1071 1118 1292 1171 legionibus
1316 1131 1402 1157 eum
1426 1118 1552 1157 locum
1576 1130 1641 1170 pe-

79 1184 132 1229 61
155 1186 217 1236 tit,
243 1200 317 1239 quo
341 1200 463 1227 naues
486 1188 625 1241 appelli
647 1187 832 1227 iusserat.
890 1185 950 1226 Eo
974 1201 1060 1226 cum
1084 1193 1190 1226 esset
1212 1192 1388 1235 uentum,
1414 1185 1642 1238 explorato·
1675 1192 1714 1224 15

154 1268 219 1295 res
243 1254 414 1294 hostium
431 1286 440 1304 ,
476 1261 517 1294 ut
539 1255 644 1294 omni
667 1255 838 1294 fluminis
862 1261 972 1308 parte
996 1261 1108 1294 erant
1131 1253 1334 1307 dispositi,
1369 1252 1637 1305 inopinantes,

153 1323 256 1376 quod
278 1337 419 1376 magna
441 1322 571 1362 subito
594 1330 679 1363 erat
701 1329 835 1362 coorta
859 1328 1084 1375 tempestas,
1109 1321 1156 1360 ab
1179 1320 1327 1360 nostris
1343 1319 1639 1373 opprimuntur,

105 1391 131 1433 2
154 1391 356 1431 exercitus
380 1390 655 1444 equitatusque
678 1390 873 1443 equitibus
897 1388 1085 1429 Romanis
1117 1387 1480 1428 administrantibus
1495 1418 1505 1436 ,
1542 1400 1640 1439 quos

106 1456 130 1497 3
153 1459 188 1499 ei
211 1458 371 1512 negotio
395 1460 656 1513 praefecerat,
682 1458 868 1499 celeriter
890 1457 1186 1498 transmittitur.
1244 1455 1335 1497 Vno
1359 1457 1442 1495 fere
1465 1462 1641 1508 tempore

153 1526 224 1566 sub
246 1526 370 1567 lucem
405 1527 580 1567 hostibus
612 1526 818 1567 nuntiatur
846 1526 886 1566 in
910 1526 1053 1566 eastris
1076 1524 1345 1565 Romanorum
1368 1530 1528 1579 praeter
1549 1536 1641 1562 eon·
1672 1528 1715 1563 20

151 1594 398 1634 suetudinem
422 1595 649 1635 tumultuari
671 1602 710 1635 et
730 1609 911 1648 magnum
935 1594 994 1634 ire
1016 1608 1159 1647 agmen
1181 1593 1349 1634 aduerso
1363 1591 1519 1631 flumine
1533 1591 1639 1630 soni-

152 1669 308 1716 tumque
330 1676 526 1703 remorum
560 1663 600 1703 in
632 1663 765 1703 eadem
801 1670 911 1716 parte
943 1662 1123 1702 exaudiri
1155 1669 1194 1701 et
1226 1660 1341 1715 paulo
1370 1660 1473 1700 infra
1495 1659 1638 1698 milites

102 1730 128 1771 4
151 1731 317 1772 nauibus
350 1731 628 1784 transportari.
685 1729 839 1783 Quibus
870 1731 988 1771 rebus
1021 1730 1190 1779 auditis,
1227 1728 1329 1781 quod
1359 1725 1640 1768 existimabant

150 1799 276 1839 tribus
298 1799 395 1839 loeis
426 1799 599 1839 transire
630 1800 808 1854 legiones
841 1806 956 1852 atque
988 1811 1124 1837 omnes
1147 1796 1395 1851 perturbatos
1419 1794 1638 1835 defectione

150 1866 407 1908 Haeduorum
433 1869 560 1921 sugam
575 1881 733 1921 parare,
759 1880 849 1907 suas
873 1880 1024 1919 quoque
1038 1865 1171 1919 copias
1194 1865 1233 1904 in
1255 1872 1336 1904 tres
1351 1869 1483 1917 partes
1507 1861 1639 1901 distri·
1669 1868 1711 1902 25

102 1934 126 1976 5
150 1935 335 1977 buerunt.
369 1933 474 1977 Nam
498 1935 694 1989 praesidio
719 1948 739 1975 e
760 1934 923 1988 regione
946 1941 1165 1974 castrorum
1189 1933 1327 1974 relicto
1351 1938 1389 1972 et
1411 1944 1535 1985 parua
1557 1943 1637 1969 ma·

294 2107 305 2139 1
332 2107 482 2140 instabat
502 2108 530 2139 B
550 2109 646 2139 ‘mss.
668 2107 711 2140 8'.
853 2107 1004 2138 instuoto
1023 2115 1145 2147 711.J)r.
1168 2105 1208 2136 B.
1350 2105 1370 2137 2
1388 2113 1462 2135 eum
1482 2101 1635 2142 legiones

148 2158 179 2189 B
198 2157 294 2190 ‘ms-9.
315 2157 360 2191 8‘.
503 2159 522 2192 3
542 2159 740 2191 destinabat
759 2159 817 2190 bo.
960 2158 981 2190 4
1000 2157 1136 2188 auxium
1154 2166 1201 2187 m.
1217 2165 1277 2197 pr.
1298 2156 1341 2187 B.
1497 2157 1638 2195 penten-

148 2208 225 2240 dum
244 2213 328 2241 ante
347 2220 439 2242 corr.
459 2210 501 2241 B.
712 2209 774 2241 sub
794 2218 971 2250 uesperum
989 2208 1020 2239 B
1041 2206 1219 2248 ‘1¹elt'qui',
1246 2206 1359 2248 itaque
1379 2204 1440 2236 sub
1460 2212 1638 2245 uesperum

149 2260 271 2292 bede..
415 2262 561 2293 consilio
580 2261 680 2302 A(B)
696 2261 794 2293 CDe
814 2262 847 2292 ι5
865 2258 966 2300 αΙίι“’,
987 2270 1056 2291 non
1076 2258 1235 2291 concilio.
1393 2258 1409 2288 5
1428 2255 1636 2288 industriae-

148 2320 235 2352 quae
254 2312 296 2343 B.
462 2312 480 2344 6
501 2323 584 2354 quas
603 2313 636 2344 A
649 2313 666 2343 b
680 2322 738 2352 ce,
760 2321 844 2354 quas
863 2320 881 2342 a
900 2309 1006 2352 (B)n.
1172 2308 1361 2341 Medodone
1381 2308 1422 2347 Β,
1444 2305 1633 2338 Metiosedo

146 2364 178 2395 A
192 2374 212 2395 a
227 2365 243 2396 b
257 2364 347 2396 ede.
491 2366 509 2397 7
529 2364 702 2407 equitibus
721 2374 789 2395 om.
813 2364 844 2394 b.
990 2361 1157 2394 adtribuit
1174 2361 1217 2393 B.
1383 2370 1416 2391 1v
1434 2358 1540 2390 millia
1561 2357 1634 2398 (B).

291 2414 374 2446 Sibi
393 2425 429 2446 se
447 2416 491 2446 Α.
634 2415 811 2457 expectari
830 2414 873 2446 B.
1014 2414 1032 2445 9
1053 2412 1109 2454 ad]
1130 2413 1162 2444 id
1180 2412 1223 2443 B.
1383 2409 1421 2442 10
1443 2408 1580 2450 reliquit
1601 2408 1633 2439 b.

294 2467 329 2498 ll
352 2477 475 2498 auerso
496 2468 527 2499 b.
694 2467 734 2501 12
751 2467 895 2498 tumulto
914 2476 991 2497 eum
1011 2477 1030 2496 u
1049 2474 1156 2507 super
1174 2474 1191 2495 o
1211 2464 1254 2495 Β,
1433 2461 1566 2492 luntres
1586 2470 1649 2491 m..

145 2528 215 2560 pr„
237 2517 370 2560 lyntres
389 2529 456 2550 see.
478 2518 521 2549 B.
681 2517 719 2549 13
739 2517 856 2548 eaden]
876 2527 921 2548 m.
937 2525 996 2557 pr.
1018 2516 1060 2547 B.
1219 2514 1259 2546 14
1277 2512 1377 2556 paulo
1398 2517 1473 2554 post
1493 2512 1522 2551 b,
1547 2514 1580 2542 et
1599 2512 1635 2542 z‘n

147 2580 164 2600 e
181 2571 326 2610 signum
345 2568 554 2600 inuerteude'
570 2568 710 2600 ordinis
730 2571 794 2600 est.
961 2567 1059 2609 petiit
1079 2567 1108 2597 b.
1299 2566 1339 2598 15
1360 2575 1424 2607 qua
1443 2565 1487 2596 A.

150 2622 189 2654 16
208 2625 246 2652 ut
265 2621 482 2662 ‘agnoscunt
499 2622 630 2661 optimi
645 2630 815 2660 meorum,
838 2622 880 2650 ut
897 2619 927 2650 A
941 2618 1058 2658 bcd'5
1078 2628 1147 2650 om.
1167 2618 1210 2650 B.
1388 2617 1428 2649 ¹18
1447 2616 1636 2658 equitatus-

147 2682 233 2715 quae
251 2672 295 2704 B.
451 2672 494 2706 20
514 2672 575 2703 sub
594 2671 669 2703 luce
691 2672 721 2703 b.
884 2670 923 2701 21
946 2679 1066 2701 auerso
1088 2670 1118 2700 b.
1262 2669 1305 2702 22
1324 2678 1491 2700 rumorum
1511 2679 1558 2700 m.
1575 2677 1632 2709 pr.

145 2725 185 2757 B.
343 2724 454 2756 audiri
474 2724 491 2755 b
505 2734 532 2755 e.
699 2723 740 2757 25
762 2727 832 2754 tres
852 2721 912 2762 (B)
931 2721 1010 2753 edd.
1031 2725 1113 2753 ante
1132 2731 1154 2752 u
1174 2721 1281 2762 (unus
1300 2721 1416 2754 Aldus
1435 2720 1548 2762 treis),
1571 2720 1633 2752 tris

148 2778 259 2808 tacite
277 2786 310 2809 η,
451 2775 493 2809 26
514 2784 587 2808 nam
607 2774 782 2816 praesidio
802 2773 860 2805 Be
882 2773 1063 2815 ‘⁷·elz·quz·’,
1087 2783 1162 2806 nam
1181 2778 1215 2805 et
1232 2773 1405 2815 praesidio
1426 2771 1488 2804 ed.

149 2838 165 2858 e
185 2837 252 2859 om.
275 2828 304 2858 B
325 2827 419 2858 ‘mss
445 2826 487 2860 8'.
