1835 3240
702 159 1129 200 ——232—

167 289 242 329 que
262 275 316 316 ita
338 276 520 325 ediderit,
545 274 690 315 leniter
719 272 758 312 in
791 270 1020 326 quibusdam
1050 270 1167 310 rebus
1188 270 1349 323 reliquis
1372 269 1486 310 bonis
1508 269 1656 309 discre-

169 343 367 398 pantibus.
413 341 678 384 Schneiderus
703 339 847 392 ‘quod'
870 339 966 378 illud
992 337 1105 378 initio
1131 339 1298 392 positum
1319 338 1546 392 particulam
1570 351 1657 378 esse

167 411 355 451 iudicauit
377 418 416 451 et
437 410 560 451 uerba
580 407 780 461 sequentis
794 407 830 459 ξ.
848 406 918 446 ‘ita
940 407 1063 446 fretus
1086 406 1268 460 opinione
1290 406 1408 446 tertia
1420 404 1552 458 uigilia
1570 419 1658 458 pro-

168 478 294 519 fectus
327 479 528 519 castellum
558 488 783 530 oppugnare
815 474 954 527 coepit'
978 474 1244 527 superioribus
1266 472 1461 520 adiunxit,
1494 479 1536 511 ut
1567 485 1659 525 apo-

171 546 283 586 dosin
307 547 518 586 efficerent.
553 543 705 585 Verum
723 543 794 582 hac
814 542 970 582 ratione
990 541 1111 581 uerba
1137 548 1191 581 ‘et
1211 547 1404 580 remotum
1420 537 1535 587 erat',
1560 552 1659 591 quae

170 615 218 654 ad
240 614 443 654 castellum
474 618 655 652 extremo
687 610 890 663 superiore
919 609 1044 662 capite
1075 614 1420 649 commemoratum
1450 606 1659 646 referenda

170 688 286 728 sunt,
321 679 464 720 duritie
495 692 544 719 ne
565 679 605 718 in
628 678 701 718 hoc
724 677 879 730 quidem
902 675 1001 716 libro
1023 676 1217 716 tolerabili
1239 676 1478 715 inferuntur.
1518 671 1659 713 Potius

174 748 305 802 ‘quod'
327 748 421 788 illud
444 760 660 801 pronomen
682 759 770 786 esse
793 744 1021 785 existimaui
1043 751 1083 784 et
1104 750 1320 793 auctorem,
1345 741 1554 781 cuminitio
1568 755 1661 780 con-

171 812 872 856 stituissetuerbo‘animaduertebat'
887 811 1030 864 aliquid
1042 810 1256 863 adiungere
1268 809 1496 849 accusatiuo
1506 808 1662 848 relatiui

176 883 539 932 accommodatum,
568 881 708 922 deinde
730 879 950 921 interiectis
974 878 1200 932 quibusdam
1226 877 1443 918 institutam
1470 876 1661 916 orationis

177 952 343 992 formam
366 949 608 991 deseruisse.
643 948 730 989 Hoc
760 948 881 1002 igitur
908 947 1001 987 dicit
1021 947 1215 1000 scriptor:
1249 944 1310 985 Ad
1335 946 1435 998 quod
1459 944 1663 985 castellum

172 1019 275 1072 quod
295 1018 503 1068 attinebat,
527 1016 756 1071 Pompeius,
781 1016 884 1069 quod
907 1015 988 1069 ipse
1009 1015 1145 1055 eodem
1167 1014 1260 1067 iugo
1282 1013 1506 1067 tegebatur,
1531 1013 1571 1052 in
1588 1025 1664 1064 quo

170 1086 373 1127 castellum
396 1093 484 1126 erat
504 1085 672 1139 positum
687 1116 697 1135 ,
731 1092 770 1125 et
792 1083 892 1137 quod
916 1082 1116 1123 castellum
1147 1088 1339 1122 remotum
1362 1088 1449 1121 erat
1470 1095 1491 1121 a
1520 1080 1662 1120 castris

171 1152 378 1200 Caesaris,
402 1153 742 1194 animaduertebat
762 1152 838 1192 loci
861 1151 1136 1198 difficultatem,
1164 1163 1289 1201 neque
1312 1146 1542 1197 Caesarem,
1578 1161 1664 1186 cum

171 1222 330 1262 flumine
344 1218 460 1262 Salso
482 1221 830 1269 intercluderetur,
856 1219 938 1258 suis
963 1217 1138 1258 subsidio
1162 1224 1369 1257 uenturum
1391 1215 1662 1256 existimabat.

170 1287 231 1330 Ita
253 1289 357 1330 enim
373 1319 383 1338 ,
418 1288 735 1336 ‘existimabat',
767 1286 919 1326 auctori
953 1285 1201 1325 scribendum
1225 1285 1348 1324 fuisse
1370 1283 1577 1336 sequentia
1598 1283 1666 1322 do-

172 1363 285 1406 cent,
319 1356 387 1395 scd
408 1369 517 1396 more
539 1369 611 1395 suo
635 1355 894 1408 neglegenter
916 1353 1013 1393 haec
1037 1366 1188 1405 quoque
1211 1352 1257 1391 ad
1280 1351 1443 1391 uerbum
1468 1355 1478 1373 ⁶
1493 1349 1666 1390 animad-

170 1422 366 1464 uertebat'
389 1423 540 1462 retulit.
572 1421 721 1464 Verum
740 1428 957 1474 sequuntur
974 1420 1070 1460 haec
1086 1435 1095 1458 :
1123 1416 1199 1458 ‘lta
1214 1419 1337 1458 fretus
1351 1417 1535 1471 opinione
1550 1416 1668 1457 tertIa

170 1491 307 1544 uigilia
328 1491 528 1544 profectus
542 1491 747 1530 castellum
758 1501 982 1543 oppugnare
997 1486 1140 1541 coepit,
1166 1493 1209 1526 ut
1221 1485 1492 1526 laborantibus
1506 1494 1666 1525 'succur-

170 1566 294 1600 reret.
345 1556 505 1607 Nostri,
531 1571 618 1597 cum
640 1557 1038 1611 appropinquassent,
1064 1555 1234 1595 clamore
1255 1554 1461 1607 repentino
1482 1555 1667 1594 telorum-

172 1640 244 1680 que
261 1626 509 1666 multitudine
531 1625 659 1664 iactus
683 1625 813 1664 facere
837 1629 1065 1677 coeperunt,
1091 1623 1144 1663 uti
1167 1636 1347 1675 magnam
1372 1627 1520 1674 partem
1543 1621 1668 1661 homi-

172 1708 265 1735 num
279 1693 512 1734 uulneribus
533 1693 748 1732 afficerent.
785 1690 874 1743 Quo
897 1698 1056 1746 peracto
1079 1705 1163 1731 cum
1188 1704 1239 1730 ex
1262 1689 1424 1730 castello
1446 1702 1670 1742 repugnare

173 1762 413 1815 coepissent,
438 1760 729 1812 maioribusque
752 1759 893 1799 castris
907 1756 1246 1798 Caesarinuntius
1270 1765 1377 1798 esset
1399 1757 1556 1805 allatus,
1583 1770 1668 1795 cum

173 1827 234 1868 ΙΙΙ
256 1827 474 1883 legionibus
498 1834 559 1868 est
580 1828 802 1881 profectus:
831 1833 884 1875 et,
910 1841 993 1866 cum
1019 1827 1064 1866 ad
1088 1840 1155 1867 eos
1179 1826 1553 1879 appropinquasset,
1580 1824 1671 1877 suga

170 1896 374 1950 perterriti
404 1896 515 1935 multi
547 1903 638 1935 sunt
667 1895 889 1943 interfecti,
926 1894 1144 1946 complures
1177 1893 1300 1946 capti’
1325 1900 1420 1933 cett.
1465 1891 1521 1931 At
1551 1890 1670 1931 Pom-

173 1963 284 2017 peius
300 1994 310 2013 ,
345 1977 431 2002 cum
463 1962 667 2002 castellum
691 1958 880 2002 Caesaris
911 1967 1177 2015 oppugnaret,
1213 1961 1319 2000 nullo
1341 1961 1455 2000 modo
1477 1960 1514 1999 id
1537 1960 1668 1999 facere

174 2038 343 2085 poterat,
369 2037 411 2070 ut
432 2029 702 2070 laborantibus
717 2035 983 2069 succurreret.
1014 2027 1119 2067 Nam
1133 2028 1360 2068 laborantes
1374 2028 1541 2080 partium
1553 2024 1671 2066 Pom-

175 2099 252 2152 peii
274 2098 397 2146 solos,
423 2098 487 2153 qui
511 2098 696 2150 Ateguae
719 2111 741 2136 a
763 2094 940 2137 Caesare
963 2095 1257 2144 obsidebantur,
1282 2095 1514 2147 intellegere
1536 2108 1672 2147 possu-

175 2179 279 2215 mus,
307 2179 537 2219 quamquam
561 2166 598 2205 id
620 2166 745 2218 ipsum
767 2164 836 2204 uix
859 2164 942 2204 [ieri
965 2170 1109 2217 potest,
1136 2177 1221 2203 cum
1242 2162 1269 2202 ii
1293 2169 1409 2201 antea
1421 2161 1672 2201 omninonon

177 2234 258 2274 sint
280 2234 591 2274 commemorati.
626 2231 776 2274 Verum
799 2245 847 2271 ne
871 2231 928 2271 his
952 2231 1103 2284 quidem
1127 2229 1386 2284 oppugnando
1410 2228 1571 2268 castello
1584 2242 1672 2268 suc-

178 2300 362 2342 currebat
382 2300 593 2354 Pompeius
609 2332 619 2350 ,
655 2314 742 2344 cum
765 2299 971 2340 castellum
994 2299 1040 2338 ab
1064 2298 1202 2352 oppido
1233 2304 1273 2337 et
1302 2297 1442 2337 castris
1465 2292 1669 2344 Caesaris,

179 2369 320 2422 quihus
351 2368 389 2408 id
422 2369 700 2418 obsidebatur,
734 2374 927 2408 remotum
961 2374 1065 2407 esset
1087 2373 1203 2419 atque
1225 2366 1329 2405 ultra
1350 2365 1491 2404 flumen
1515 2362 1671 2404 Salsum

180 2437 363 2490 positum,
388 2437 427 2476 id
449 2437 548 2489 quod
571 2436 686 2490 paulo
709 2443 800 2476 ante
821 2435 989 2475 relatum
1012 2441 1086 2475 est.
1119 2432 1262 2486 Neque
1283 2432 1407 2486 magis
1433 2432 1588 2472 ‘nostri'
1611 2446 1674 2473 se-

180 2504 386 2557 quentibus
408 2504 540 2544 uerbis
575 2504 773 2544 conuenit.
817 2501 960 2555 Neque
992 2502 1094 2542 enim
1119 2499 1356 2542 Caesariani
1387 2500 1674 2553 appropinqua-

179 2578 298 2621 runt,
332 2578 376 2611 ut
397 2572 459 2624 qui
481 2571 520 2611 in
543 2571 705 2611 castello
729 2578 888 2619 essent,
923 2583 1049 2622 neque
1079 2583 1145 2609 eos
1169 2569 1378 2608 clamorem
1403 2568 1613 2608 sustulisse
1635 2575 1675 2608 et

181 2640 307 2679 iactus
330 2639 461 2679 facere
485 2640 678 2692 coepisse,
703 2639 771 2678 sed
790 2637 1053 2691 Pompeianos
1076 2636 1256 2690 proxima
1277 2635 1433 2675 docent:
1459 2633 1565 2688 ‘Quo
1586 2649 1674 2689 per-

183 2713 270 2747 acto
303 2720 390 2746 cum
413 2720 464 2747 ex
487 2706 649 2747 castello
670 2719 894 2760 repugnare
916 2704 1168 2758 coepissent’.
1222 2702 1360 2756 Itaque
1381 2704 1448 2744 illa
1470 2703 1594 2743 uerba
1617 2707 1676 2742 ‘ut

182 2775 452 2815 laborantibus
474 2781 726 2815 succurreret
746 2771 894 2814 nostri’
917 2786 994 2812 una
1022 2772 1157 2812 littera
1186 2771 1364 2821 adiecta,
1399 2778 1443 2812 ut
1475 2775 1485 2795 ‘
1502 2770 1673 2811 nostris'

183 2843 416 2893 scriberem,
441 2843 632 2884 collocaui
646 2848 735 2897 post
746 2841 868 2883 uerba
892 2846 992 2881 ‘cum
1004 2840 1356 2895 tribuslegionibus
1370 2847 1430 2881 est
1442 2838 1672 2895 profectus'.
