1835 3240
696 196 1094 237 *47*

152 326 214 352 um
235 308 603 351 commentariorum
624 308 698 349 soli
719 308 944 362 interpolati
979 317 1240 363 supererant3
1282 325 1377 352 casu
1418 322 1546 356 autem
1579 318 1635 358 sa-

149 386 253 419 ctum
274 384 356 426 est,
382 383 425 416 ut
445 377 494 426 is,
520 376 584 428 qui
607 378 778 417 codicem
801 377 1042 417 deteriorum
1066 377 1281 432 principem
1305 380 1476 433 scripsit,
1502 397 1635 425 exem-

146 446 232 499 plar
261 451 350 484 octo
381 444 571 484 librorum
602 445 648 484 de
679 445 779 485 bello
813 443 966 485 Gallico
1000 445 1301 485 nancisceretur
1332 454 1371 486 et
1399 455 1535 501 postea
1569 452 1634 491 de-

143 527 262 561 mum,
289 526 401 565 quam
432 526 499 553 eos
532 512 822 565 descripserat,
857 512 1024 552 alterum
1056 512 1229 552 omnium
1261 516 1632 558 commentariorum

142 579 311 632 indeque
334 593 446 619 suum
468 580 732 634 apographum
755 580 969 633 suppleret.
1030 578 1125 619 Non
1149 588 1241 621 sunt
1262 588 1390 622 autem
1415 583 1451 623 hi
1477 585 1631 626 codices

143 661 278 688 omnes
302 647 474 688 eiusdem
498 648 680 702 generis,
714 648 782 687 sed
817 650 1004 688 hactenus
1027 647 1237 697 differunt,
1271 650 1373 702 quod
1403 651 1468 691 alii
1500 652 1588 692 aliis
1611 667 1632 694 a

141 716 312 756 librariis
336 715 458 768 magis
481 722 570 755 sunt
594 715 798 768 dcprauati
820 722 858 756 et
876 729 944 768 pro
962 714 1107 755 iudicio
1130 715 1441 771 uniuscuiusque
1462 719 1500 759 in
1522 719 1632 761 libris

142 784 188 823 de
210 784 309 823 bello
332 782 507 832 Gallico,
534 797 619 823 cum
644 783 919 837 interpolatum
944 782 1118 822 codicem
1143 790 1279 823 nactus
1304 793 1435 836 esset,
1461 789 1631 829 correcti

139 857 257 904 atque
278 850 461 904 suppleti,
486 850 541 890 ita
563 857 605 890 ut
626 850 828 900 nonnulli,
861 851 969 890 uelut
990 848 1229 891 Dresdensis
1252 852 1397 905 primus
1420 861 1460 895 et
1480 854 1631 897 Vindo-

139 918 327 959 bonensis
350 919 568 966 secundus,
602 918 668 970 qui
699 925 791 958 sunt
821 931 874 958 ex
907 917 1041 958 eodem
1066 918 1200 959 codice
1222 920 1432 975 descripti,
1465 936 1558 963 raro
1580 924 1629 964 ab

137 985 305 1040 integris
328 986 546 1035 discedant,
572 986 654 1035 alii,
679 993 722 1026 ut
744 985 952 1026 Gothanus
976 986 1123 1039 primus
1140 1017 1150 1036 ,
1186 988 1268 1028 fere
1298 990 1403 1029 omni
1435 1004 1485 1031 ex
1518 998 1630 1045 parte

137 1054 463 1107 interpolatorum
498 1053 646 1094 similes
678 1055 770 1094 sint.
819 1054 1038 1094 Admodum
1061 1054 1102 1093 in
1125 1055 1195 1095 hac
1216 1069 1259 1096 re
1281 1058 1545 1099 memorabilis
1569 1067 1631 1100 est

139 1119 381 1162 Petauianus
404 1121 545 1169 codeX,
572 1121 636 1174 qui
658 1121 699 1161 in
721 1122 831 1162 libris
854 1122 899 1162 de
927 1121 965 1162 b.
993 1120 1098 1163 Gall.
1118 1153 1128 1172 ,
1163 1136 1248 1163 eum
1272 1137 1322 1163 ex
1346 1124 1543 1167 deteriore
1565 1141 1630 1167 co-

137 1188 222 1228 diee
254 1189 352 1229 satis
393 1189 549 1241 integro
591 1190 810 1243 descriptus
842 1189 918 1238 sit,
962 1204 985 1229 a
1022 1190 1194 1231 secunda
1227 1205 1343 1231 manu
1377 1207 1513 1235 omnes
1545 1197 1628 1237 fere

137 1256 419 1311 discrepantias
462 1257 788 1311 interpolatorum
827 1257 1002 1298 codicum
1041 1258 1235 1312 ascriptos
1268 1259 1399 1301 habet.
1451 1260 1540 1302 Duo
1563 1278 1628 1304 co—

137 1324 259 1373 dices,
285 1325 348 1377 qui
371 1332 521 1379 septem
545 1325 847 1365 commentarios
871 1326 916 1365 de
938 1324 977 1365 b.
995 1323 1099 1366 Gall.
1127 1327 1348 1378 continent,
1375 1327 1626 1372 Dukerianus

137 1390 509 1432 etVindobonensis
527 1407 668 1439 nonus,
694 1393 1032 1446 deprauatissimis
1051 1394 1165 1434 huius
1193 1396 1314 1448 partis
1344 1397 1628 1440 adnumerandi

138 1465 251 1498 sunt:
296 1472 420 1511 neque
460 1466 565 1500 certe
596 1460 796 1500 meliorem
829 1459 985 1509 habuit,
1031 1461 1096 1513 qui
1128 1463 1287 1502 eosdem
1321 1463 1442 1505 libros
1474 1464 1626 1508 Graece

138 1527 283 1574 uertit,
318 1541 427 1579 quem
460 1525 726 1567 Schneiderus
761 1528 894 1568 nescio
938 1543 1012 1581 quo
1052 1529 1138 1569 iure
1175 1529 1368 1583 impresso
1409 1535 1626 1588 exemplari

137 1608 248 1634 usum
279 1594 464 1633 affirmat.
527 1593 625 1634 Item
659 1593 877 1634 Petrarcha
914 1595 954 1635 in
1000 1596 1164 1636 historia
1196 1594 1386 1639 Caesaris
1419 1602 1625 1643 admodum

136 1661 275 1701 malum
318 1661 490 1701 codicem
531 1662 702 1701 omnium
745 1662 1119 1702 commentariorum
1170 1667 1387 1718 expressit.
1460 1668 1511 1709 Hi
1552 1671 1625 1725 igi—

135 1736 200 1769 tur
229 1729 382 1769 codices
398 1759 408 1779 ,
441 1743 528 1769 eum
563 1736 602 1768 et
622 1728 872 1769 librariorum
895 1729 1041 1770 iudicio
1063 1738 1103 1770 et
1124 1731 1261 1773 mixtis
1285 1735 1490 1789 utriusque
1512 1739 1624 1779 fami-

132 1796 208 1836 liae
229 1796 438 1850 scripturis
460 1796 721 1838 adulteratum
744 1797 1012 1838 testimonium
1036 1800 1226 1851 afferant,
1263 1809 1343 1842 tum
1379 1803 1530 1845 demum
1554 1821 1624 1847 au-

132 1864 263 1905 diendi
286 1871 402 1914 sunt,
435 1879 521 1905 cum
543 1879 740 1906 consensu
762 1866 936 1906 omnium
957 1874 1026 1907 aut
1046 1868 1129 1908 fere
1152 1870 1349 1921 omnium,
1384 1873 1473 1925 quid
1494 1874 1535 1914 in
1557 1889 1623 1916 co-

133 1932 217 1972 dice
240 1946 375 1972 eorum
398 1933 573 1987 principe
595 1934 782 1987 scriptum
807 1934 941 1984 fuerit,
967 1936 1205 1976 ostenditur.
1256 1937 1363 1978 Nam
1386 1953 1472 1981 cum
1494 1956 1622 1996 neque

131 1999 288 2054 integer
309 2001 434 2041 codex
449 2032 459 2050 ,
485 2002 588 2041 unde
609 2002 729 2042 libros
753 2002 798 2042 de
819 2002 922 2043 bello
945 2000 1098 2043 Gallico
1122 2004 1339 2059 descriptos
1363 2008 1527 2060 habent,
1553 2025 1623 2052 ne-

132 2082 207 2121 que
228 2069 488 2123 interpolatus
503 2100 513 2119 ,
540 2084 592 2110 ex
614 2085 688 2123 quo
711 2070 752 2110 in
773 2070 936 2123 reliquis
960 2073 1253 2113 commentariis
1277 2075 1381 2115 ducti
1404 2084 1521 2128 sunt,
1557 2094 1621 2120 su-

131 2137 267 2190 persit,
294 2151 389 2178 uera
411 2138 599 2190 quaedam
623 2146 909 2188 seruauerunt,
945 2153 1043 2191 quae
1073 2139 1113 2179 in
1136 2140 1302 2196 integris
1325 2150 1364 2184 et
1386 2145 1424 2184 in
1446 2145 1622 2201 interpo-

131 2205 219 2245 latis
241 2212 308 2245 aut
339 2205 519 2246 omnibus
551 2213 617 2246 aut
649 2206 870 2265 plerisque,
905 2221 1001 2259 quos
1033 2207 1236 2260 habemus,
1262 2211 1486 2254 oblitterata
1510 2223 1617 2257 sunt.

129 2271 190 2313 Ita
213 2273 259 2312 de
281 2273 318 2313 b.
345 2271 451 2314 Gall.
477 2273 519 2324 I,
550 2273 627 2324 39,
653 2275 694 2324 2,
721 2288 831 2326 quem
855 2274 981 2314 locum
1005 2288 1122 2329 supra
1146 2277 1221 2317 iam
1247 2292 1282 2331 p.
1307 2279 1358 2319 41
1385 2296 1620 2325 commemo-

129 2340 233 2390 raui,
258 2355 345 2381 cum
367 2341 484 2396 Egm.
511 2349 550 2383 et
574 2341 687 2383 Vrat.
715 2356 774 2396 pr.
799 2349 907 2383 recte
930 2344 1026 2383 haec
1049 2344 1193 2384 habent
1218 2351 1227 2369 ‘
1243 2347 1306 2399 qui
1331 2362 1383 2388 ex
1406 2350 1501 2390 urbe
1524 2352 1620 2391 ami—

131 2408 248 2448 citiae
280 2423 401 2450 causa
432 2406 649 2451 Caesarem
680 2410 807 2450 secuti
840 2424 917 2449 non
949 2424 1130 2464 magnum
1163 2413 1203 2453 in
1235 2428 1279 2454 re
1311 2416 1470 2457 militari
1504 2433 1617 2459 usum

131 2475 335 2516 habebant'
360 2477 517 2518 omissis
539 2479 610 2527 iis,
644 2492 742 2531 quae
766 2478 805 2517 in
828 2478 990 2531 reliquis
1012 2479 1180 2534 integris
1205 2489 1244 2522 et
1265 2483 1513 2537 interpolatis
1536 2488 1618 2527 adi-

131 2543 303 2592 ciuntur,
329 2545 423 2585 item
447 2544 498 2593 ll,
526 2545 593 2595 17,
620 2546 645 2585 4
671 2550 730 2586 ‘ut
750 2546 879 2585 instar
896 2547 997 2586 muri
1020 2547 1092 2587 hae
1110 2562 1224 2602 sepes
1244 2552 1486 2593 munimenta
1505 2569 1617 2607 prae—

130 2610 296 2661 berent',
321 2625 408 2652 cum
429 2613 469 2653 in
491 2613 657 2667 integris
683 2613 977 2654 ‘munimentis'
1000 2615 1188 2669 scriptum
1212 2618 1278 2666 sit,
1303 2618 1342 2659 in
1366 2619 1615 2675 interpolatis

134 2679 460 2729 ‘munimentum
487 2681 588 2732 quod
610 2695 687 2720 non
709 2688 817 2721 recte
838 2695 860 2721 a
883 2679 1131 2723 Schneidero
1153 2686 1368 2738 praelatum
1394 2695 1468 2728 est.
1508 2688 1615 2730 Nam

131 2757 269 2797 sepcS,
303 2761 402 2798 quae
433 2754 511 2788 tota
535 2747 782 2788 Neruiorum
813 2755 921 2789 terra
952 2757 1090 2801 erant,
1127 2754 1357 2794 necessario
1390 2755 1500 2808 plura
1532 2772 1614 2797 mu-

132 2811 307 2852 nimenta
336 2815 526 2867 praebere
559 2817 719 2857 dicenda
743 2823 872 2868 erant,
898 2817 995 2858 haec
1017 2825 1148 2859 autem
1170 2834 1236 2862 res
1259 2836 1338 2861 non
1361 2823 1610 2876 impediebat,

132 2892 207 2931 quo
221 2879 349 2920 minus
370 2881 525 2936 singula
545 2898 657 2925 muro
680 2892 1022 2939 compararentur.
1046 2884 1349 2930 Memorabilius
1371 2890 1411 2930 in
1433 2891 1542 2931 libris
1565 2891 1611 2932 de
