1835 3240
707 168 1130 210 —140--

187 282 271 336 pius
295 281 463 324 Ilerdam
485 290 613 324 castra
636 290 840 330 moueret,
874 282 1018 336 triplici
1048 282 1133 323 acie
1153 283 1347 324 instructa
1369 283 1525 324 tertiam
1549 285 1671 324 aciem

187 357 320 391 castra
340 365 363 391 a
385 352 514 392 fronte
536 353 644 391 fossa
665 350 839 390 munisse
861 350 1000 390 refert.
1043 349 1213 391 Postero
1236 358 1366 390 autem
1388 351 1464 402 die,
1489 366 1575 392 cum
1598 352 1674 392 tria

186 420 313 462 latera
333 420 542 462 munienda
563 424 830 472 superessent,
847 417 999 472 singula
1022 418 1147 459 latera
1168 418 1336 471 singulis
1357 419 1537 459 attribuit
1551 419 1675 474 legio-

186 487 314 538 nibus,
339 489 510 542 reliquas
532 487 737 540 expeditas
760 492 897 525 contra
921 486 1068 526 hostem
1092 487 1310 526 constituit.
1362 485 1450 527 Hae
1483 494 1561 528 tres
1592 488 1675 528 sue-

186 563 281 596 runt
302 559 365 609 (c.
389 556 443 596 42
457 562 489 608 ).
525 552 662 606 Itaque
684 554 844 593 omnino
866 567 939 593 sex
963 553 1111 594 habuit.
1138 553 1241 594 Idem
1267 567 1454 594 numerus
1476 568 1526 593 ex
1549 555 1674 596 altero

186 624 274 664 loco
304 624 486 664 efficitur.
540 619 645 661 Nam
676 635 764 661 cum
784 621 994 661 Afranium
1016 628 1131 674 atque
1152 620 1354 662 Petreium
1378 622 1424 661 ab
1445 620 1574 662 Ilerda
1597 623 1675 663 dis-

188 692 370 731 cedentes
399 696 716 744 persequeretur,
749 703 862 729 unam
893 689 1087 743 legionem
1109 689 1149 728 in
1171 690 1311 730 castris
1333 689 1495 743 reliquit
1509 688 1594 741 (64,
1612 690 1672 742 5),

187 759 226 799 in
250 759 351 808 acie,
375 773 490 811 quam
513 764 649 811 postea
672 763 809 796 contra
831 754 1094 810 Pompeianos
1116 756 1311 797 instruxit
1326 787 1337 808 ,
1362 758 1532 811 quinque
1553 758 1676 811 legio-

188 840 258 866 nes
282 826 414 866 habuit
437 824 525 878 (83,
550 825 612 879 2).
664 823 746 865 Iam
771 839 855 864 cum
880 824 1207 878 oppugnationem
1232 824 1437 866 Massiliae
1467 833 1678 880 appararet

189 891 355 943 Caesar,
381 909 417 934 c.
443 892 496 933 37
519 900 600 934 tres
621 893 797 948 legiones
821 907 904 932 cum
929 889 978 931 C.
1003 890 1128 932 Fabio
1150 893 1278 946 legato
1308 894 1349 933 in
1372 893 1601 947 Hispaniam
1634 907 1677 933 se

189 961 441 1015 praemisisse
464 961 579 1012 dixit,
606 976 641 1001 c.
666 968 796 1001 autem
818 959 888 1011 40,
914 958 938 999 3
962 967 995 1000 et
1020 959 1046 1000 7
1068 967 1254 1013 quattuor
1274 961 1451 1015 legiones
1472 960 1676 1002 Fabianae

189 1037 561 1080 commemorantur,
588 1043 711 1082 eoque
734 1028 873 1078 biduo,
898 1042 972 1081 quo
996 1041 1041 1068 ea
1057 1059 1067 1078 ,
1093 1042 1191 1081 quae
1213 1028 1286 1068 hoc
1308 1043 1342 1069 c.
1367 1028 1422 1070 40
1443 1037 1674 1077 narrantur,

186 1104 299 1151 gesta
321 1104 435 1148 sunt,
460 1098 544 1151 ipse
566 1095 720 1138 Caesar
741 1111 827 1137 cum
851 1096 1046 1149 equitibus
1069 1097 1305 1150 nongentiS,
1339 1111 1437 1150 quos
1469 1097 1542 1137 sibi
1564 1110 1678 1150 prae-

189 1165 289 1205 sidio
311 1165 550 1219 reliquerat,
585 1166 744 1206 aduenit
765 1172 802 1205 et
818 1165 949 1205 statim
973 1164 1131 1218 propius
1153 1163 1320 1205 Ilerdam
1343 1179 1427 1205 cum
1450 1178 1524 1205 sex
1554 1165 1677 1219 legio-

190 1232 321 1283 nibus,
347 1240 390 1273 ut
411 1235 524 1274 modo
547 1234 738 1282 uidimus,
763 1233 886 1273 mouit
907 1235 962 1285 (e.
987 1232 1077 1285 41).
1129 1231 1266 1285 Itaque
1289 1246 1375 1272 cum
1398 1233 1570 1285 reliquas
1594 1240 1676 1272 tres

186 1300 364 1355 legiones
396 1302 444 1341 ad
465 1300 631 1342 Fabium
663 1301 891 1355 peruenisse
922 1315 1113 1353 nusquam
1146 1301 1309 1340 relatum
1331 1301 1409 1350 sit,
1448 1300 1565 1341 etiam
1587 1300 1677 1340 inde

187 1377 372 1422 apparet,
406 1370 447 1410 in
471 1370 543 1410 hac
559 1400 568 1416 ,
605 1369 651 1409 de
673 1383 747 1421 qua
770 1369 921 1422 agimus
938 1399 948 1418 ,
982 1369 1181 1421 copiarum
1203 1368 1502 1408 enumeratione
1524 1381 1600 1407 sex
1623 1368 1678 1407 le-

186 1437 324 1491 giones
347 1452 435 1478 sese
457 1437 711 1491 praemisisse
735 1434 951 1477 Caesarem
974 1435 1172 1475 retulisse.
1225 1434 1348 1488 Atqui
1369 1435 1492 1476 uerba
1517 1435 1581 1475 ‘ad
1603 1449 1678 1475 sex

186 1505 292 1545 milia
314 1506 463 1547 auxilia
485 1506 685 1559 peditum',
718 1504 872 1545 etiamsi
900 1504 956 1544 ita
986 1504 1026 1543 in
1049 1503 1161 1542 codd.
1195 1504 1342 1556 scripta
1373 1510 1534 1553 essent,
1570 1510 1678 1544 recta

186 1574 311 1614 uideri
335 1588 412 1614 non
434 1581 611 1627 possent.
662 1572 768 1613 Nam
802 1587 888 1612 cum
911 1585 1047 1612 omnes
1070 1570 1228 1623 copiae,
1254 1584 1352 1622 quae
1374 1571 1558 1624 deinceps
1581 1584 1676 1611 enu-

186 1648 416 1690 merantur,
450 1642 598 1681 auxilia
629 1641 733 1690 sint,
765 1641 860 1681 haec
885 1653 963 1679 uox
986 1637 1213 1677 necessario
1235 1638 1347 1677 initio
1371 1645 1456 1678 erat
1478 1639 1672 1691 ponenda.

185 1708 248 1749 De
271 1709 382 1748 codd.
409 1716 538 1749 autem
561 1706 866 1760 Oudendorpius
890 1707 985 1746 haec
1008 1705 1171 1745 scribit:
1200 1704 1335 1744 ‘nulla'
1358 1706 1422 1745 uel
1444 1705 1591 1745 addunt
1614 1705 1675 1746 uel

185 1791 256 1831 pro
282 1775 416 1816 ‘milia’
440 1776 583 1817 habent
604 1790 700 1816 mss.
733 1773 834 1814 Ach.
862 1771 964 1814 Stat.
990 1771 1132 1813 Brant.
1161 1780 1198 1813 et
1219 1773 1293 1813 mei
1316 1772 1494 1826 septem'.
1549 1771 1678 1813 Bran-

187 1845 264 1885 tius
299 1852 426 1885 autem
459 1845 500 1884 in
529 1858 600 1884 suo
633 1851 673 1883 et
705 1840 942 1883 Ciacconius
970 1841 1011 1881 in
1035 1839 1151 1881 Statii
1175 1841 1274 1881 libro
1297 1841 1351 1880 ita
1373 1840 1450 1895 legi
1471 1841 1673 1881 referunt:

189 1914 253 1953 ‘ad
275 1911 333 1954 VI
355 1912 459 1952 milia
481 1912 631 1952 auxilia
652 1912 823 1965 peditum
846 1909 965 1959 nulla,
992 1908 1177 1964 equitum'
1201 1915 1294 1949 cett.
1327 1907 1518 1948 Proxime
1540 1909 1587 1949 ad
1608 1922 1677 1950 ue-

185 1995 270 2021 rum
293 1981 445 2021 accedit
464 1978 558 2020 Par.
585 1993 686 2029 sec.,
721 1979 761 2019 in
793 1992 866 2031 quo
889 1977 939 2017 ita
965 1977 1152 2031 scriptum
1176 1984 1261 2017 est:
1290 1976 1353 2017 ‘ad
1374 1975 1433 2017 Vl
1455 1977 1536 2017 mil.
1561 1977 1677 2017 auxi-

185 2048 237 2089 lia
268 2048 437 2102 peditum
469 2047 588 2088 milla*
612 2047 686 2087 hoc
717 2053 777 2087 est
800 2044 951 2085 ‘milia'.
999 2043 1137 2099 Itaque
1166 2059 1252 2085 cum
1281 2044 1492 2084 relatiuum
1527 2044 1673 2097 ‘quae',

188 2117 288 2169 quod
323 2116 443 2157 uerba
467 2116 655 2169 ‘equitum
688 2112 747 2154 III
778 2112 895 2153 milia'
920 2114 1122 2165 sequitur,
1156 2113 1197 2152 in
1228 2112 1334 2152 nullo
1366 2113 1499 2153 codice
1521 2119 1677 2166 praeter

188 2182 330 2225 Cuiae.
355 2185 526 2238 legatur,
553 2184 648 2223 haec
669 2183 724 2223 ita
746 2181 953 2222 scribenda
974 2193 1061 2220 esse
1085 2187 1267 2234 apparet:
1297 2176 1466 2220 ‘Caesar
1497 2179 1675 2233 legiones

185 2252 226 2293 in
239 2252 469 2306 Hispaniam
487 2252 745 2306 praemiserat
757 2248 832 2291 VI.
847 2249 1011 2289 Auxilia
1028 2249 1198 2303 peditum
1221 2279 1230 2288 .
1249 2278 1258 2287 .
1284 2248 1406 2296 milia,
1433 2247 1603 2299 equitum
1617 2244 1677 2286 III

186 2320 291 2361 milia
308 2321 488 2361 omnibus
503 2318 770 2373 superioribus
783 2317 894 2358 bellis
906 2316 1125 2357 habuerat'.
1151 2315 1372 2356 Extremae
1386 2315 1543 2355 litterae
1564 2313 1677 2354 uerbi

190 2388 478 2443 ‘praemiserat‘
493 2388 594 2428 male
615 2386 809 2440 repetitae
830 2385 1160 2439 praepositionem
1182 2383 1258 2424 ‘ad'
1281 2389 1520 2438 genuerunt,
1541 2381 1675 2421 ‘milia'

187 2463 316 2497 autem
336 2463 550 2510 peruagato
574 2468 710 2496 errore
730 2468 751 2494 a
771 2454 932 2493 librario
954 2453 1144 2494 adiectum
1160 2459 1234 2492 est.
1260 2450 1411 2491 Deinde
1426 2450 1676 2490 manifestum

187 2532 248 2565 est
261 2524 431 2578 peditum
454 2523 704 2563 auxiliarium
727 2535 931 2562 numerum
952 2520 1218 2561 intercidisse.
1242 2517 1303 2558 De
1315 2517 1474 2558 auxiliis
1488 2513 1676 2556 Caesaris

188 2590 334 2634 Cicero
356 2592 403 2631 ad
424 2590 510 2632 Au.
536 2589 613 2640 IX,
640 2590 707 2639 13,
733 2590 759 2629 4
780 2590 838 2630 sic
860 2589 1021 2629 scribit:
1049 2593 1154 2628 ‘nam
1186 2601 1258 2641 ego
1290 2586 1392 2626 hunc
1421 2586 1476 2625 ita
1498 2591 1675 2638 paratum

188 2660 303 2701 uideo
326 2659 525 2714 peditatu,
552 2659 727 2712 equitatu
742 2687 752 2706 ,
778 2656 992 2705 classibus,
1027 2655 1188 2696 auxiliis
1212 2652 1416 2694 Gallorum
1433 2684 1443 2704 ,
1468 2666 1565 2706 quos
1587 2650 1676 2692 Ma-

192 2727 270 2768 tius
291 2723 519 2778 ἐλοῖπιζεν,
542 2733 584 2766 ut
605 2732 721 2779 put0,
758 2724 828 2765 sed
860 2731 968 2765 certe
999 2723 1153 2764 dicebat.
1183 2721 1354 2775 peditum
1388 2722 1520 2761 decem
1551 2719 1674 2769 milia,

188 2796 360 2850 equitum
384 2809 461 2836 sex
484 2793 662 2849 polliceri
683 2799 838 2846 sumptu
861 2806 931 2833 suo
952 2805 1078 2831 annos
1100 2789 1264 2831 decem'.
1288 2788 1368 2831 Vbi
1391 2803 1475 2829 cum
1499 2788 1546 2828 de
1568 2786 1677 2840 equi-

188 2870 270 2904 tum
293 2877 458 2905 numero
479 2869 591 2904 recte
611 2862 809 2903 referatur
830 2862 938 2915 (nam
961 2858 1126 2910 auxilia,
1153 2871 1252 2913 quae
1274 2857 1453 2898 omnibus
1475 2854 1588 2897 hellis
1610 2853 1677 2894 ba-
