1835 3240
696 178 885 224 CAPVT
913 179 1082 223 8-12,
1630 185 1713 227 723

152 296 270 337 nione
291 293 410 334 tertia
430 292 563 347 uigilia
585 295 783 348 profectus
805 295 1009 336 castellum
1032 306 1258 349 oppugnare
1280 296 1421 349 coepit.
1456 294 1555 338 Cum
1572 312 1638 352 ap·
1659 298 1685 339 3

150 362 506 418 propinquassent,
540 361 712 403 clamore
743 363 948 416 repentino
972 362 1214 416 telorumque
1236 362 1483 405 multitudine
1504 366 1632 407 iactus

151 431 283 471 facere
305 436 546 484 coeperunt,
572 429 628 470 uti
649 443 830 484 magnam
853 438 1002 484 partem
1025 430 1224 471 hominum
1247 430 1474 471 uulneribus
1496 433 1637 475 adfice-

149 505 255 539 rent.
300 495 390 550 Quo
411 504 570 551 peracto
599 511 686 537 cum
709 511 762 538 ex
783 498 947 538 castello
969 511 1193 551 repugnare
1214 497 1455 552 coepissent,
1480 501 1638 541 maiori·
1659 503 1685 543 4

104 573 124 606 5
154 565 307 619 busque
338 565 479 606 eastris
503 562 670 606 Caesari
701 566 863 606 nuntius
887 573 993 606 esset
1015 566 1179 615 allatus,
1215 580 1302 606 cum
1331 573 1376 606 111
1414 567 1638 621 legionibus

150 641 212 675 est
232 633 455 687 profectus,
491 640 533 672 ut
552 632 821 673 laborantibus
843 640 1100 674 succurreret
1121 634 1269 674 nostris
1289 650 1300 685 ς
1325 641 1365 674 et
1386 648 1472 675 cum
1496 636 1544 675 ad
1566 650 1633 677 eos
1656 635 1681 677 5

150 701 525 756 adpropinquasset,
559 701 650 754 fuga
679 701 877 755 perterriti
900 701 1011 741 multi
1042 708 1134 741 sunt
1163 702 1384 751 interfecti,
1418 703 1639 757 complures

150 770 267 823 capti,
291 769 333 809 in
355 768 494 822 quibus
517 769 590 809 duo
616 799 624 808 .
653 799 662 808 .
687 769 797 809 multi
818 775 1021 824 praeterea
1044 770 1163 809 armis
1186 770 1297 810 exuti
1316 771 1516 826 fugerunt,
1542 785 1637 824 quo-

150 851 238 877 rum
260 845 373 878 scuta
394 844 487 878 sunt
508 836 633 878 relata
654 843 799 877 LXXX.
843 835 1073 891 Insequenti
1095 838 1183 878 luce
1206 838 1424 892 Arguetius
1447 853 1498 880 ex
1518 837 1635 880 Italia
1654 839 1712 884 10

79 912 118 945 10
149 919 237 946 cum
259 905 432 959 equitatu
452 905 576 946 uenit.
620 903 660 945 Is
683 905 797 958 signa
819 903 1131 959 Saguntinorum
1154 907 1289 946 retulit
1311 908 1478 960 quinque
1493 938 1504 957 ,
1540 921 1639 960 quae

149 973 196 1013 ab
220 973 422 1027 oppidanis
444 974 562 1027 cepit.
597 971 678 1014 Suo
701 973 788 1013 loco
811 974 1066 1027 praeteritum
1090 981 1164 1024 est,
1192 975 1292 1026 quod
1312 975 1464 1028 equites
1487 989 1538 1016 ex
1560 974 1639 1015 Ita·
1658 975 1687 1017 2

148 1040 201 1080 lia
232 1055 318 1080 cum
348 1040 572 1094 Asprenate
603 1041 651 1080 ad
674 1037 890 1081 Caesarem
922 1041 1143 1081 uenissent.
1187 1040 1248 1081 Ea
1281 1049 1396 1083 nocte
1427 1041 1639 1097 Pompeius
1662 1042 1688 1084 3

150 1115 282 1148 castra
302 1121 374 1149 sua
394 1107 567 1148 incendit
591 1114 629 1148 et
650 1108 697 1148 ad
712 1106 937 1149 Cordubam
963 1123 1102 1150 uersus
1124 1110 1202 1150 iter
1219 1110 1351 1150 facere
1369 1111 1512 1164 coepit.
1546 1110 1640 1152 Rex
1660 1111 1689 1152 4

150 1176 309 1217 nomine
330 1173 451 1226 Indo,
486 1176 553 1229 qui
575 1190 661 1216 cum
683 1176 860 1229 equitatu
883 1191 975 1217 suas
998 1177 1131 1230 copias
1155 1177 1397 1229 adduxerat,
1423 1178 1510 1218 dum
1534 1179 1643 1232 cupi-

76 1251 117 1284 15
150 1244 236 1284 dius
259 1257 400 1298 agmen
422 1243 740 1284 aduersariorum
762 1245 999 1298 insequitur,
1025 1259 1048 1285 a
1070 1245 1295 1286 uernaculis
1317 1246 1546 1300 legionariis
1570 1260 1641 1287 ex-

152 1318 288 1366 ceptus
318 1319 380 1352 est
410 1318 449 1351 et
477 1311 726 1352 interfectus.
769 1311 941 1354 Postero
973 1313 1034 1354 die
1066 1314 1216 1367 equites
1248 1315 1372 1354 nostri
1404 1315 1558 1368 longius
1590 1315 1638 1355 ad
1663 1314 1713 1359 11

152 1378 377 1421 Cordubam
407 1393 548 1420 uersus
579 1380 781 1434 prosecuti
813 1388 907 1421 sunt
936 1395 1030 1431 eos,
1068 1382 1130 1435 qui
1154 1389 1395 1422 commeatus
1427 1383 1473 1422 ad
1507 1390 1640 1423 castra

150 1446 329 1502 Pompeii
360 1461 413 1492 ex
444 1448 582 1502 oppido
614 1448 839 1502 portabant.
883 1447 952 1489 Ex
984 1449 1043 1490 his
1076 1450 1177 1503 capti
1209 1458 1236 1490 L
1269 1465 1354 1490 cum
1384 1451 1570 1491 iumentis
1593 1452 1641 1492 ad

152 1524 290 1558 nostra
311 1515 466 1556 adducti
487 1522 580 1556 sunt
601 1523 745 1557 castra.
791 1515 942 1557 Eodem
966 1517 1027 1558 die
1050 1515 1101 1570 Q.
1126 1516 1327 1569 Marcius,
1363 1520 1541 1560 tribunus
1571 1520 1642 1561 mi·
1663 1519 1690 1561 2

75 1591 118 1625 20
148 1584 260 1625 litum
282 1585 346 1638 qui
368 1584 507 1625 fuisset
528 1582 706 1638 Pompei,
731 1585 779 1625 ad
802 1599 873 1626 nos
897 1586 1133 1639 transfugit3
1158 1593 1198 1626 et
1219 1587 1345 1627 noctis
1368 1588 1486 1628 tertia
1508 1588 1643 1643 uigilia

148 1652 189 1693 in
211 1653 350 1706 oppido
373 1653 565 1694 acerrime
586 1660 799 1708 pugnatum
822 1660 904 1703 est,
928 1654 1138 1708 ignemque
1160 1656 1324 1696 multum
1346 1656 1555 1706 miserunt,
1581 1657 1638 1697 sic

149 1726 193 1761 ut
214 1735 328 1761 omne
351 1735 475 1775 genus
501 1753 510 1762 .
538 1753 546 1761 .
576 1752 585 1761 .
613 1751 622 1760 .
649 1721 754 1774 ignis
777 1735 847 1775 per
876 1722 1002 1762 iactus
1025 1722 1164 1763 solitus
1187 1730 1248 1763 est
1269 1723 1385 1764 mitti.
1420 1723 1507 1764 Hoc
1530 1738 1642 1778 prae-
1664 1724 1689 1765 3

149 1789 268 1830 terito
299 1796 476 1843 tempore
499 1787 625 1830 Gaius
647 1787 879 1830 Fundanius
895 1821 905 1840 ,
931 1804 1051 1843 eques
1073 1789 1300 1841 Romanus,
1336 1806 1387 1832 ex
1410 1792 1552 1833 castris
1575 1793 1643 1833 ad-

149 1857 416 1898 uersariorum
447 1857 494 1898 ad
525 1871 597 1898 nos
630 1858 818 1912 confugit.
860 1856 1028 1899 Postero
1061 1859 1122 1899 die
1156 1872 1210 1899 ex
1241 1860 1397 1913 legione
1429 1861 1642 1902 uernacula
1666 1862 1719 1907 12

74 1931 117 1964 25
148 1924 292 1965 milites
323 1926 548 1978 suntcapti
578 1925 626 1966 ab
650 1926 845 1979 equitibus
868 1927 1015 1967 nostris
1038 1933 1091 1976 II,
1127 1927 1191 1980 qui
1214 1927 1403 1968 dixerunt
1434 1942 1475 1969 se
1498 1943 1638 1970 seruos

151 2006 256 2034 esse.
301 1989 400 2033 Cum
423 1993 628 2043 uenirent,
664 1994 811 2046 cogniti
833 2001 925 2034 sunt
946 2008 967 2034 a
990 1995 1203 2045 militibus,
1229 1995 1293 2048 qui
1316 2003 1433 2036 antea
1456 2011 1541 2037 cum
1563 1996 1640 2038 Fa·
1660 1997 1688 2039 2

148 2061 212 2101 bio
244 2067 284 2101 et
303 2058 426 2101 Pedio
459 2061 616 2102 fuerant
646 2068 685 2102 et
704 2061 906 2102 Trebonio
940 2062 1294 2117 [transfugerant].
1338 2062 1411 2104 Eis
1445 2065 1493 2104 ad
1522 2065 1637 2118 igno-

149 2129 335 2170 scendum
366 2128 473 2169 nulla
494 2129 662 2169 facultas
685 2136 746 2170 est
767 2130 881 2180 data,
918 2137 957 2170 et
985 2144 1008 2170 a
1041 2130 1226 2172 militibus
1259 2131 1405 2172 nostris
1437 2132 1636 2174 interfecti

297 2268 312 2300 1
327 2267 453 2310 coepit]
465 2272 503 2300 ut
521 2268 758 2301 laborantibus
776 2273 995 2301 succurreret
1013 2270 1122 2302 nostri
1140 2270 1224 2302 add.
1241 2269 1342 2302 codd.
1359 2274 1395 2303 et
1413 2270 1493 2303 edd.
1509 2270 1549 2303 P.
1560 2271 1641 2307 232.

295 2318 313 2351 3
333 2319 522 2351 adficerent
539 2330 573 2351 α.
722 2321 743 2352 4
761 2324 860 2362 paeto
878 2330 900 2351 α
922 2320 1018 2352 ἤνιδε.
1039 2319 1084 2353 3’.
1231 2321 1484 2364 maioribusque
1501 2332 1523 2353 a
1544 2322 1641 2355 “mss.

153 2369 197 2410 3’,
218 2374 252 2402 et
270 2370 457 2403 maioribus
476 2380 511 2402 u.
663 2372 682 2404 6
701 2376 738 2403 ut
755 2371 993 2404 laborantibus
1013 2378 1234 2405 succurreret
1252 2373 1379 2406 nostris
1398 2384 1467 2406 om.
1488 2374 1588 2407 codd.
1609 2378 1646 2407 et

152 2421 229 2453 edd.
250 2422 331 2455 th.
352 2422 400 2454 ad
415 2433 450 2455 u.
469 2422 500 2455 1.
688 2423 707 2456 7
727 2423 1037 2466 adpropinquasset
1055 2434 1088 2455 α.
1272 2425 1292 2457 8
1312 2425 1480 2457 lacunam
1498 2428 1646 2459 notauit

156 2472 436 2517 Oudendorpz‘us.
608 2475 627 2508 9
646 2473 876 2516 Vargunteius
898 2477 972 2508 ‘air
990 2475 1139 2508 doctus'.
1159 2476 1217 2508 An
1235 2477 1415 2520 Arquitius
1436 2480 1483 2517 (e.
1503 2478 1560 2520 23,
1580 2480 1645 2520 8)?

297 2526 334 2559 11
350 2527 575 2569 praeteritum
587 2528 785 2568 Dauz’sz‘as;
805 2529 1016 2571 praeteritus
1035 2541 1056 2561 a
1075 2529 1141 2561 cod
1158 2529 1256 2570 Vrs.,
1271 2531 1502 2572 practer-ritus
1524 2532 1553 2572 b,
1571 2541 1645 2574 per-

155 2575 296 2607 territus
317 2577 463 2609 ‘eetert'.
483 2578 523 2610 P.
543 2577 601 2614 27.
803 2579 842 2611 14
862 2579 947 2612 vido
970 2580 1000 2611 b.
1194 2581 1233 2614 18
1252 2582 1304 2614 his
1324 2582 1390 2624 as,
1412 2582 1454 2613 iis
1474 2582 1589 2614 Aldus
1607 2593 1643 2613 u.

298 2628 340 2662 20
351 2626 486 2671 Pompei
504 2640 537 2662 α.
564 2670 574 2676 ὦ
675 2631 719 2665 22
729 2640 835 2672 genus
852 2642 873 2663 α
893 2632 911 2663 b
931 2642 960 2673 c,
976 2642 1084 2672 genus
1104 2633 1225 2675 quibus
1245 2645 1280 2667 u.
1295 2634 1479 2666 Lacunam
1501 2644 1564 2675 ego
1582 2645 1645 2666 no-

157 2680 248 2709 taui.
401 2680 505 2721 mitti]
525 2687 750 2714 exerceretur
767 2693 844 2715 cum
862 2683 883 2716 2
901 2683 989 2715 dect.
1010 2684 1093 2716 add.
1116 2695 1148 2716 u.
1305 2688 1347 2720 23
1368 2686 1473 2719 Gaius
1493 2697 1526 2725 a,
1548 2686 1583 2718 C.
1606 2698 1642 2719 u.

298 2730 343 2764 24
359 2730 513 2772 confugit
529 2743 550 2764 α
569 2733 598 2773 b,
621 2734 808 2775 transfugit
826 2745 861 2766 u.
1017 2736 1058 2768 25
1078 2746 1141 2778 que
1160 2746 1193 2768 a.
1351 2737 1392 2769 26
1412 2735 1516 2767 Fabio
1539 2736 1644 2768 Glan-

157 2781 326 2822 clorpz‘us;
347 2781 451 2813 Babio
470 2792 491 2814 α
509 2783 585 2814 cod.
606 2783 702 2825 Vrsa,
716 2786 820 2817 Badio
841 2786 870 2817 b.
1014 2786 1055 2819 27
1071 2785 1240 2818 Trebonio
1259 2797 1291 2827 a,
1314 2797 1387 2818 cum
1408 2785 1580 2819 Trebonio
1601 2789 1642 2828 0,·

156 2845 174 2866 a
193 2833 365 2867 Trebonio
384 2845 419 2866 u.
557 2837 817 2879 transfugerant
835 2848 898 2880 ego
919 2839 1060 2870 inclusi.
1083 2839 1122 2872 P.
1141 2840 1218 2872 233.
1363 2840 1405 2871 28
1423 2837 1570 2871 facultas
1589 2845 1643 2872 est

159 2886 237 2918 ¹lata
255 2886 346 2928 af4
365 2885 454 2919 dect.
475 2884 699 2929 Schneidert,
719 2893 772 2921 est
791 2889 869 2921 data
889 2888 1039 2921 facultas
1059 2899 1092 2920 Il.

1359 2940 1444 2982 46*
