1835 3240
712 159 1138 201 —152--

182 277 305 317 uerba
333 276 375 317 in
397 276 495 316 hanc
525 276 760 324 sententiam
784 275 997 329 supplenda
1018 288 1128 314 esse:
1166 279 1303 324 ‘aeque
1327 273 1428 313 enim
1452 286 1504 312 ex
1522 272 1672 315 Marsis

181 343 436 399 Pelignisque
458 344 697 392 ueniebant,
729 350 771 382 111
791 343 857 395 qui
879 343 1082 395 superiore
1112 348 1227 382 nocte
1249 342 1297 381 ad
1318 339 1470 381 Varum
1492 344 1673 397 perfuge—

182 413 302 453 rant'.
335 411 493 464 Neque,
520 425 594 464 quo
616 411 743 450 minus
761 411 816 450 ita
838 417 1031 459 statuam,
1057 410 1092 449 111
1115 424 1175 450 1116
1199 411 1386 460 deterret,
1412 410 1510 463 quod
1533 424 1673 450 secun-

185 481 274 521 dum
296 480 561 535 antiquiorum
584 478 818 530 scriptorum
843 478 1165 518 consuetudinem
1195 492 1262 530 pro
1289 477 1358 516 ‘ut'
1382 477 1572 530 particula
1599 484 1673 519 ‘at-

184 551 270 602 que'
293 549 471 603 ponenda
493 555 566 588 est.
605 545 711 587 Nam
734 545 831 598 apud
856 541 942 584 Cic.
968 559 1120 598 quoque
1143 546 1187 585 de
1212 546 1274 584 1111,
1299 544 1333 593 Ι,
1358 544 1427 595 20,
1453 544 1506 586 67
1527 547 1577 593 is,
1611 548 1676 599 qui

187 617 422 657 deteriorum
446 616 556 656 codd.
576 614 791 669 principem
814 612 985 665 scripsit,
1010 613 1109 653 idem
1132 613 1269 652 uitium
1291 613 1438 662 intulit,
1471 614 1516 652 de
1539 628 1613 666 qua
1634 628 1676 654 re

185 685 239 725 ibi
260 683 466 725 annotauit
495 680 742 734 Maduigius.
787 678 954 732 Reliqua
980 680 1162 733 repositis
1183 681 1413 733 optimorum
1447 681 1557 720 codd.
1579 683 1676 722 scri-

185 754 309 808 pturis
340 753 396 792 ita
427 750 644 804 separanda
676 762 781 797 6556,
822 754 904 787 uta
930 761 991 787 1116
1013 750 1158 788 factum
1182 756 1255 797 651,
1290 749 1402 788 facilc
1434 749 1676 789 intellectum

185 822 233 861 iri
257 835 388 875 spero.

299 886 348 927 C.
375 886 443 936 39,
470 886 493 926 5
517 893 623 926 recte
646 883 884 926 Ciacconius
908 892 947 924 61
968 883 1268 934 Hotomannus‚
1303 899 1388 924 cum
1411 886 1609 934 ederetur,
1635 892 1678 925 ut

186 956 396 996 etiamnum
420 954 475 1001 111,
503 960 512 978 ‘
529 954 629 1008 capti
654 954 830 993 homines
865 952 1094 1005 equitesque
1118 953 1466 1005 producebantur‘,
1501 953 1678 993 scriben-

186 1025 274 1064 dum
305 1022 595 1063 contenderunt
625 1026 635 1045 ‘
651 1022 817 1076 equique
835 1022 860 1059 ³.
905 1019 959 1061 Iis
984 1017 1199 1061 Oberlinus
1223 1021 1405 1074 opposuit
1426 1019 1534 1060 Liuii
1558 1021 1678 1060 uerba

185 1090 262 1141 IX,
289 1091 357 1141 19,
393 1090 457 1130 ubi
480 1091 575 1129 haec
597 1090 745 1144 scripta
766 1097 881 1130 sunt:
919 1090 1018 1142 ‘ipse
1041 1088 1264 1128 traiecisset
1286 1101 1394 1128 mare
1415 1101 1499 1127 cum
1523 1096 1679 1129 uetera-

186 1159 247 1200 nis
270 1157 571 1207 Macedonibus,
605 1172 683 1197 non
715 1159 802 1212 plus
834 1157 994 1211 triginta
1015 1156 1170 1195 milibus
1194 1155 1407 1203 hominum,
1435 1163 1473 1195 et
1496 1162 1681 1208 quattuor

187 1228 344 1268 milibus
357 1226 530 1279 equitum
542 1226 714 1266 maxime
724 1224 1035 1266 Thessalorum'.
1069 1222 1164 1263 Non
1189 1223 1376 1263 discreuit
1395 1223 1516 1276 igitur
1536 1223 1680 1264 Liuius

189 1295 340 1349 equites
362 1294 408 1334 ab
431 1293 654 1334 hominibus
677 1301 872 1347 tamquam
896 1287 1105 1346 peditibus
1130 1291 1167 1330 id
1185 1291 1285 1343 quod
1300 1288 1515 1331 Caesarem
1529 1305 1680 1344 quoque

189 1364 331 1404 fecisse
350 1362 578 1409 credebant,
603 1362 670 1402 sed
684 1369 899 1402 ueteranos
914 1359 1154 1400 Macedones
1177 1358 1224 1398 ab
1248 1358 1442 1410 equitibus
1455 1358 1680 1398 Thessalis.

300 1430 495 1470 Extrema
518 1430 632 1470 huius
655 1429 744 1469 libri
765 1430 819 1468 ita
841 1428 881 1467 in
905 1427 1083 1467 omnibus
1107 1427 1189 1465 fere
1223 1425 1378 1478 optimis
1401 1425 1511 1465 codd.
1537 1425 1683 1479 scripta

190 1507 302 1540 sunt:
341 1504 350 1522 ‘
367 1496 544 1550 Quarum
576 1497 794 1538 cohortium
829 1495 973 1536 milites
1002 1501 1163 1548 postero
1186 1493 1248 1533 die
1270 1500 1361 1533 31116
1385 1494 1562 1548 oppidum
1586 1492 1684 1534 Iuba

189 1567 440 1621 conspicatus
462 1580 573 1606 5113111
596 1579 684 1606 esse
708 1564 939 1618 praedicans
962 1562 1147 1616 praedam
1170 1574 1349 1614 magnam
1372 1568 1522 1614 partem
1544 1575 1681 1601 eorum

188 1635 358 1676 interfici
381 1634 511 1683 iussit,
536 1646 681 1687 paucos
704 1632 851 1671 electos
873 1631 913 1670 in
935 1643 1100 1681 regnum
1123 1629 1289 1675 remisit,
1315 1642 1402 1668 cum
1421 1627 1550 1668 Varus
1573 1643 1682 1668 5113111

189 1704 302 1744 fidem
325 1703 371 1742 ab
395 1716 441 1741 eo
463 1701 563 1741 laedi
587 1706 823 1752 quereretur
844 1711 969 1749 neque
991 1697 1181 1737 resistere
1204 1696 1381 1736 auderet.
1411 1694 1500 1749 Ipse
1522 1710 1620 1748 equo
1642 1697 1683 1735 in

191 1770 373 1824 oppidum
405 1775 544 1808 uectus
576 1765 905 1820 prosequentibus
939 1764 1203 1818 compluribus
1227 1763 1500 1813 senatoribus,
1536 1778 1611 1816 quo
1643 1763 1685 1803 in

189 1852 354 1878 numero
372 1843 461 1876 erat
484 1833 573 1876 Ser.
592 1832 788 1887 Sulpicius
812 1840 852 1872 et
872 1831 1052 1872 Licinius
1070 1830 1348 1884 Damasippu5‚
1374 1831 1506 1885 paucis
1529 1831 1682 1878 diebus,

193 1919 290 1959 quae
313 1905 398 1944 fieri
419 1904 564 1952 uellet,
595 1901 740 1943 Vticae
762 1900 968 1940 constituit
989 1906 1104 1953 atque
1127 1899 1360 1953 imperauit,
1396 1899 1530 1939 diebus
1562 1912 1686 1952 aeque

194 1981 282 2027 post
311 1972 445 2026 paucis
479 1985 521 2011 se
552 1971 593 2011 111
625 1983 791 2023 regnum
815 1982 898 2008 cum
923 1968 1102 2007 omnibus
1126 1968 1247 2020 copiis
1271 1967 1456 2020 recepit’.
1506 1965 1568 2007 Ita
1590 1966 1686 2007 11366

194 2040 469 2093 distinguenda
481 2052 585 2088 6556,
601 2037 774 2078 1111161113
791 2041 892 2076 ‘cum
902 2034 1036 2076 Varus
1051 2058 1102 2062 —
1117 2035 1292 2074 auderet⁷
1307 2035 1593 2087 superioribus,
1609 2048 1686 2074 non

198 2107 456 2160 sequentibus
488 2106 822 2158 adiungerentur,
869 2103 1018 2142 monuit
1051 2100 1276 2156 Maduigius
1309 2116 1445 2155 opusc,
1481 2102 1549 2142 alt.
1580 2117 1616 2155 p.
1643 2101 1683 2142 8.

196 2173 275 2216 Sed
298 2176 402 2215 insra
422 2175 553 2227 inepte
575 2173 709 2227 paucis
734 2171 865 2212 diebus
888 2169 984 2211 Iuba
1016 2171 1204 2223 quaedam
1237 2168 1493 2208 constituisse
1509 2199 1520 2218 ,
1552 2169 1686 2209 diebus

195 2257 320 2296 aeque
343 2250 430 2297 post
452 2242 583 2295 paucis
606 2242 804 2295 profectus
827 2253 915 2279 esse
938 2238 1104 2288 dicitur,
1140 2237 1253 2290 quasi
1277 2234 1431 2277 Caesar
1452 2243 1520 2275 aut
1541 2236 1687 2275 uoluis-

196 2318 259 2351 set
290 2318 358 2350 aut
386 2310 581 2363 potuisset
611 2316 689 2349 tam
722 2307 841 2348 anxie
876 2314 916 2347 et
947 2319 1071 2360 paene
1103 2306 1235 2359 putide
1266 2312 1445 2358 tempora
1466 2302 1628 2343 definire
1650 2310 1689 2343 et

194 2377 342 2417 ultimis
374 2378 507 2418 dicbus
539 2376 636 2417 nihil
665 2390 754 2417 esse
785 2374 1037 2415 constitutum
1062 2380 1170 2414 certo
1192 2372 1348 2412 scisset.
1394 2370 1532 2423 Itaque
1555 2370 1687 2424 priore

195 2445 283 2485 loco
305 2445 427 2484 uerba
453 2445 602 2498 ‘paucis
626 2443 773 2484 diebus'
795 2441 946 2483 Iurinio
969 2441 1131 2482 delenda
1161 2440 1249 2480 uisa
1270 2446 1376 2479 sunt.
1420 2437 1519 2477 Mihi
1548 2437 1689 2491 proha-

197 2513 314 2553 bilius
336 2512 494 2553 uidetur
526 2511 706 2552 ‘diebus'
738 2511 902 2552 sublatis
936 2508 1115 2563 ‘paucis'
1148 2507 1396 2548 retinendum
1429 2520 1531 2546 esse.
1581 2505 1689 2547 Nam

197 2580 332 2635 paucis
364 2581 459 2620 11366
490 2578 624 2619 Iubam
656 2578 912 2633 imperauisse
943 2577 981 2617 id
1008 2584 1069 2616 est
1097 2576 1273 2616 breuiter
1290 2575 1338 2615 311
1361 2574 1581 2627 superbiam
1604 2575 1689 2614 eius

199 2648 494 2704 significandam
519 2647 689 2700 ponitur,
715 2660 812 2699 quae
835 2652 873 2686 et
896 2652 979 2686 toto
1000 2645 1074 2685 hoc
1096 2644 1180 2684 loco
1204 2650 1244 2684 et
1264 2643 1303 2682 b.
1319 2642 1408 2682 Afr.
1435 2641 1504 2691 57,
1528 2640 1554 2681 6
1577 2649 1690 2682 nota—

199 2724 277 2757 tur.
314 2714 465 2755 Eodem
476 2715 589 2754 modo
613 2715 693 2754 11.1.
710 2714 779 2765 39,
804 2713 828 2754 3
850 2714 891 2754 111
909 2713 1064 2767 optimis
1086 2712 1198 2752 codd.
1218 2711 1366 2765 ‘paucis
1389 2710 1525 2750 diebus
1549 2708 1690 2764 equiti-

199 2783 286 2825 hus’
309 2783 497 2837 scriptum
519 2789 594 2823 651.
639 2781 837 2837 Deinceps
862 2788 992 2822 autem
1015 2780 1233 2835 ponendum
1257 2787 1317 2821 est
1342 2784 1351 2802 ⁶
1366 2778 1579 2832 diebusque
1602 2783 1691 2831 post

201 2851 367 2907 paucis',
391 2851 494 2907 quod
515 2857 606 2891 ante
628 2847 948 2905 Oudendorpium
969 2849 1170 2891 edebatur.
