1835 3240
77 171 161 214 664
373 171 546 215 BELLI
575 172 981 216 ALEXANDR1N1
1005 172 1191 217 CAPVT
1211 176 1263 217 77
1279 178 1411 219 -78,

79 285 136 330 77
269 285 362 327 Tali
390 287 557 329 uictoria
586 287 730 329 totiens
753 287 882 327 uictor
904 284 1058 328 Caesar
1078 288 1297 330 incredibili
1321 297 1382 331 est
1401 291 1549 332 laetitia
1572 292 1636 332 ad—

157 354 284 395 fectus
299 385 310 405 ,
335 356 437 408 quod
459 357 668 396 maximum
690 354 831 394 bellum
854 360 962 396 tanta
985 355 1188 396 celeritate
1209 358 1458 408 confecerat,
1484 372 1636 412 quoque

158 421 277 463 subiti
303 423 466 477 periculi
487 422 710 462 recordatio
733 429 794 462 est
814 421 980 470 laetior,
1012 423 1113 476 quod
1136 423 1301 464 uictoria
1323 425 1447 466 facilis
1470 440 1523 467 ex
1544 427 1638 466 diffi-

109 489 137 531 2
157 489 311 531 cillimis
344 490 462 531 rebus
492 489 705 530 acciderat.
748 488 877 530 Ponto
909 497 1067 544 recepto
1090 492 1234 545 praeda
1256 492 1360 531 omni
1382 493 1491 547 regia
1511 494 1641 534 militi-

156 557 228 599 bus
260 558 480 599 condonata
509 564 668 610 postero
691 557 752 598 die
775 571 861 598 cum
883 558 1078 612 expeditis
1101 559 1294 612 equitibus
1316 560 1402 613 ipse
1425 561 1636 613 proficisci-
1668 569 1686 600 5

156 633 233 676 tur,
250 625 444 679 legionem
466 631 623 665 sextam
646 626 835 666 decedere
858 626 904 666 ad
928 627 1099 680 praemia
1122 633 1236 680 atque
1259 627 1429 667 honores
1451 628 1645 682 accipien-

159 693 227 734 dos
249 694 290 734 in
310 691 463 732 Italiam
485 692 617 743 iubet,
642 694 789 734 auxilia
813 693 995 735 Deiotari
1018 694 1174 735 domum
1194 695 1381 745 remittit3
1407 695 1503 736 duas
1524 696 1645 750 legio-

81 759 142 805 ‘78
157 775 228 802 nes
251 774 336 801 cum
359 757 498 801 Coelio
513 759 724 802 Viniciano
745 762 785 802 in
800 760 929 802 Ponto
951 762 1124 816 reliquit.
1158 761 1218 803 Ita
1239 776 1309 816 per
1331 761 1647 817 Gallograeciam

157 827 461 883 Bithyniamque
490 828 529 869 in
552 827 691 870 Asiam
712 830 792 870 iter
814 829 908 871 facit
930 830 1179 883 omniumque
1201 844 1334 871 earum
1357 830 1647 885 prouinciarum

159 896 205 937 de
228 897 513 937 controuersiis
535 897 739 952 cognoscit
760 904 798 938 et
820 898 981 948 statuit3
1006 898 1092 938 iura
1113 898 1155 938 in
1178 897 1374 939 tetrachas
1391 929 1402 949 ‚
1427 912 1541 952 reges
1558 929 1569 948 ‚
1594 899 1647 938 ci-

110 962 137 1003 2
159 963 301 1005 uitates
333 964 543 1005 distribuit.
587 964 848 1006 Mithridaten
870 964 1187 1019 Pergamenum,
1219 981 1244 1006 a
1277 980 1351 1020 quo
1372 980 1457 1007 rem
1479 966 1649 1007 feliciter

162 1032 424 1086 celeriterque
443 1039 594 1087 gestam
616 1033 657 1073 in
670 1032 854 1088 Aegypto
877 1047 993 1087 supra
1016 1034 1261 1088 scripsimus,
1286 1034 1397 1087 regio
1419 1047 1564 1088 genere
1587 1048 1649 1074 or-

160 1107 258 1150 tum,
279 1100 495 1153 disciplinis
518 1101 633 1141 etiam
655 1101 776 1155 regiis
799 1101 1005 1142 educatum
1028 1104 1136 1153 (nam
1152 1100 1421 1152 Mithridates,
1439 1115 1515 1142 rex
1528 1102 1650 1142 Asiae

163 1167 298 1217 totius,
329 1175 491 1222 propter
513 1168 755 1209 nobilitatem
772 1167 968 1222 Pergamo
991 1182 1123 1209 secum
1147 1170 1351 1222 paruulum
1374 1176 1651 1223 asportauerat

160 1235 202 1276 in
243 1242 372 1276 castra
412 1236 632 1289 multosque
664 1244 846 1276 tenuerat
875 1238 1029 1289 annos)
1062 1250 1197 1291 regem
1227 1235 1400 1290 Bospori
1430 1236 1649 1286 constituit,

157 1305 187 1357 ἦ·
208 1304 309 1357 quod
331 1303 403 1344 sub
425 1303 590 1357 imperio
604 1302 822 1344 Pharnacis
846 1305 989 1354 fuerat,
1014 1304 1316 1357 prouinciasque
1338 1304 1467 1357 populi
1483 1302 1653 1343 Romani

162 1385 186 1412 a
213 1371 394 1411 barbaris
426 1378 542 1424 atque
564 1371 733 1412 inimicis
755 1372 915 1425 regibus
937 1371 1173 1425 interposito
1195 1372 1434 1413 amicissimo
1455 1385 1549 1425 rege
1571 1385 1653 1411 mu-

117 1438 142 1480 3
164 1438 277 1479 niuit.
321 1437 461 1479 Eidem
494 1440 715 1480 tetrachian
738 1440 926 1494 [legibus]
952 1438 1302 1493 Gallograecorum
1333 1441 1419 1480 iure
1451 1438 1582 1493 gentis
1615 1445 1655 1479 et

165 1507 414 1560 cognationis
446 1507 684 1547 adiudicauit
714 1515 941 1562 occupatam
964 1515 1004 1548 et
1024 1522 1249 1562 possessam
1271 1508 1404 1563 paucis
1426 1514 1518 1548 ante
1540 1507 1654 1547 annis

120 1574 148 1615 4
169 1589 192 1615 a
212 1573 421 1615 Deiotaro.
464 1573 608 1629 Neque
644 1582 777 1616 tamen
798 1590 962 1629 usquam
986 1576 1131 1616 diutius
1153 1583 1328 1617 moratus
1351 1583 1426 1625 est,
1454 1589 1565 1629 quam
1589 1588 1657 1615 ne-

120 1641 145 1683 5
168 1643 334 1684 cessitas
366 1643 606 1684 urbanarum
638 1644 872 1685 seditionum
908 1644 986 1698 pati
1010 1644 1230 1684 uidebatur.
1274 1643 1408 1684 Rebus
1432 1643 1657 1684 felicissime

169 1710 452 1765 celerrimeque
482 1711 670 1753 confectis
700 1712 742 1752 in
762 1710 917 1753 Italiam
941 1713 1110 1753 celerius
1132 1713 1305 1753 oninium
1327 1711 1512 1766 opinione
1529 1710 1652 1750 uenit.

318 1827 331 1860 1
353 1827 477 1859 totiens
497 1838 530 1859 α.
706 1827 864 1860 adfectus
884 1838 918 1860 α.
1090 1828 1111 1861 2
1129 1838 1261 1870 quoque
1280 1838 1355 1869 ego,
1378 1827 1534 1869 quodque
1555 1824 1656 1856 codd.

169 1879 210 1911 P.
230 1877 308 1912 201.
451 1878 469 1910 3
489 1877 680 1910 recordatio
700 1883 753 1910 cst
771 1878 825 1909 ed.
845 1877 1008 1919 Mediol„
1033 1878 1271 1910 recordatione
1292 1877 1392 1910 codd.
1534 1877 1660 1918 (iprae-

171 1929 253 1972 mia]
273 1929 413 1972 primam
434 1940 462 1961 c.
636 1931 656 1963 8
676 1927 850 1962 Vinitiano
870 1940 891 1961 α
911 1931 942 1961 b.
1099 1929 1240 1971 reliquit
1256 1940 1277 1961 a
1297 1925 1475 1970 ‘1·clz'qui',
1497 1926 1660 1968 relinquit

172 1984 191 2016 3
211 1982 299 2014 dett.
319 1992 354 2013 u.
504 1981 522 2014 9
543 1981 780 2024 Bytiniainque
800 1991 833 2013 α.
986 1981 1024 2013 10
1044 1981 1134 2013 inter
1153 1981 1346 2012 tetrarchas
1366 1981 1397 2011 b.
1539 1979 1576 2011 11
1598 1976 1658 2010 Mi-

172 2033 346 2066 thridaten
365 2043 386 2063 α
405 2031 572 2074 Scaliger
589 2036 624 2064 et
639 2035 716 2064 sine
734 2035 969 2064 annotatione
988 2042 1022 2064 α.
1195 2042 1215 2064 a
1232 2032 1446 2074 Stephanus,
1468 2040 1537 2062 om.
1558 2029 1659 2062 codd.

319 2084 359 2116 12
377 2083 520 2126 Aegipto
538 2093 573 2115 α.
763 2084 802 2116 13
822 2083 1014 2116 Mitridates
1033 2093 1066 2115 α.
1250 2084 1290 2116 14
1307 2093 1422 2114 secum
1441 2082 1621 2125 paruulum
1641 2091 1662 2112 α

173 2135 383 2178 Stephanus,
405 2134 583 2177 paruulum
602 2144 717 2166 secum
737 2138 876 2166 ceterae
895 2134 973 2166 edd.
1127 2138 1369 2176 asportauerat
1388 2133 1452 2175 (a),
1474 2143 1543 2164 non
1562 2132 1658 2174 ahsp.

320 2187 361 2220 15
380 2191 581 2219 retenuerat
598 2186 679 2228 (sic)
700 2197 735 2219 a.
912 2186 1076 2228 Bosphori
1096 2196 1129 2226 α,
1149 2187 1283 2219 Bosfori
1304 2187 1400 2218 ‘ms-5.
1421 2185 1517 2227 qdd.'

176 2239 218 2274 17
236 2239 406 2272 munierat
426 2239 458 2271 b.
617 2239 657 2272 18
678 2240 886 2272 tetrarchian
906 2250 940 2281 a,
961 2239 1183 2271 tetrarchiam
1202 2239 1279 2272 edd.
1430 2237 1562 2279 legibus
1580 2247 1660 2279 spu-

174 2294 269 2324 rium
287 2290 469 2323 iudicauit
489 2290 713 2324 ciacconius.
855 2292 894 2327 21
911 2292 1090 2324 uideretur
1109 2292 1140 2324 I).
1282 2290 1483 2335 ExplicitC.
1498 2289 1659 2323 Caesaris

177 2343 259 2376 helli
277 2341 499 2375 Alexandrini
519 2352 554 2374 a.

1680 905 1721 938 10

1685 1243 1726 1276 15

1687 1580 1730 1616 20
