1835 3240
114 875 154 906 10

120 1216 159 1247 15

115 1556 158 1589 20

112 1896 154 1928 25

112 2235 154 2268 30

629 134 812 178 COMM.
837 134 856 176 I
888 132 1013 176 CAP.
1040 133 1237 176 15-17.
1664 136 1746 179 265

192 260 368 296 nostrum
405 252 566 307 primum
613 265 690 292 non
735 250 899 305 amplius
929 249 1060 303 quinis
1089 255 1155 289 aut
1185 248 1292 289 senis
1311 249 1463 290 milibus
1486 265 1669 305 passuum

187 322 416 362 interesset.

300 387 463 429 Interim
487 387 628 428 cotidie
651 384 805 428 Caesar
821 387 1007 429 Haeduos
1031 389 1266 428 frumentum
1281 416 1291 435 ,
1322 387 1423 440 quod
1447 394 1582 428 essent
1602 402 1670 441 pu·
1691 387 1746 432 16

187 458 288 498 blice
320 456 505 512 polliciti,
547 456 743 510 flagitare.
796 454 901 496 Nam
935 462 1094 510 propter
1121 456 1293 510 frigora,
1328 456 1429 509 quod
1452 454 1581 496 Gallia
1604 455 1674 495 sub
1695 455 1720 497 2

190 524 539 579 septentrionibus,
563 531 606 564 ut
626 531 717 564 ante
739 524 882 564 dictum
907 531 982 574 est,
1008 524 1136 578 posita
1157 530 1231 574 est,
1257 538 1334 564 non
1347 524 1460 564 modo
1482 524 1677 564 frumenta

186 594 225 634 in
249 593 357 647 agris
379 600 533 633 matura
555 607 632 632 non
655 598 785 639 erant,
810 592 878 632 sed
902 606 952 632 ne
974 592 1103 646 pabuli
1126 592 1278 645 quidem
1302 592 1397 632 satis
1410 605 1548 646 magna
1565 591 1677 645 copia

189 662 442 716 subpetebat:
470 675 515 702 eo
537 668 668 701 autem
693 660 911 710 frumento,
938 661 1039 713 quod
1060 660 1220 700 flumine
1242 659 1373 700 Arare
1398 660 1563 700 nauibus
1586 659 1677 700 sub·
1698 659 1723 701 3

187 738 373 780 nexerat,
398 737 606 784 propterea
626 729 681 769 uti
704 728 832 768 minus
855 735 1026 782 poterat,
1057 728 1157 780 quod
1180 727 1258 767 iter
1279 728 1325 767 ab
1350 729 1479 768 Arare
1505 727 1677 768 Heluetii

191 805 435 848 auerterant,
461 812 480 837 a
505 798 645 851 quibus
668 797 871 837 discedere
893 795 1066 836 nolebat.
1111 794 1225 836 Diem
1249 809 1298 835 ex
1323 797 1383 837 die
1406 798 1548 836 ducere
1570 795 1676 837 Hae·
1697 796 1724 836 4

189 868 274 907 dui:
311 866 499 917 conferri,
535 865 784 920 conportari,
817 865 956 905 adesse
980 865 1126 904 (licere.
1171 863 1250 904 Vbi
1272 879 1315 904 se
1339 866 1481 905 diutius
1505 865 1591 905 duci
1615 864 1675 904 in-
1698 863 1723 904 5

188 935 346 976 tellexit
367 942 406 975 et
427 934 527 974 diem
550 935 727 983 instare,
753 947 826 986 quo
850 933 911 973 die
934 933 1173 973 frumentum
1196 933 1385 973 militibus
1408 933 1538 973 metiri
1561 947 1676 987 opor-

189 1010 314 1052 teret,
350 1002 579 1042 conuocatis
609 1016 745 1042 eorum
776 1001 1040 1055 principibus,
1075 1015 1237 1055 quorum
1262 1015 1441 1054 magnam
1465 1001 1612 1054 copiam
1635 1002 1677 1042 in

187 1071 330 1111 castris
354 1070 535 1120 habebat,
561 1071 601 1110 in
624 1070 684 1110 his
708 1068 908 1110 Diuitiaco
931 1077 967 1109 et
990 1067 1128 1118 Lisco,
1164 1069 1230 1122 qui
1252 1084 1403 1109 summo
1428 1069 1677 1122 magistratui

189 1145 389 1194 praeerat,
415 1153 526 1192 quem
550 1138 825 1192 uergobretum
849 1137 1231 1191 appellantHaedui,
1257 1138 1322 1191 qui
1345 1144 1501 1177 creatur
1524 1151 1677 1177 annuus

192 1214 230 1248 et
250 1208 356 1248 uitae
379 1207 565 1260 necisque
586 1207 627 1246 in
649 1220 742 1246 suos
764 1206 880 1247 hahet
900 1213 1135 1260 potestatem
1151 1237 1161 1256 ,
1199 1207 1376 1261 grauiter
1407 1220 1474 1246 eos
1497 1212 1675 1253 accusat,

189 1276 307 1330 quod,
333 1290 419 1316 eum
443 1289 570 1328 neque
593 1275 668 1314 emi
692 1288 817 1328 neque
839 1289 892 1315 ex
914 1275 1020 1328 agris
1043 1275 1143 1315 suini
1165 1281 1321 1328 posset,
1346 1281 1424 1314 tam
1448 1273 1677 1314 necessario
1698 1270 1726 1313 6

190 1351 379 1397 tempore,
406 1349 483 1382 tam
507 1343 736 1396 propinquis
760 1343 936 1383 hostibus
959 1342 1006 1383 ab
1028 1342 1075 1382 iis
1099 1357 1176 1382 non
1201 1343 1456 1393 subleuetur3
1496 1354 1677 1396 praeser-

189 1412 256 1450 tim
291 1426 376 1451 cum
407 1424 551 1465 magna
582 1423 635 1450 ex
666 1418 775 1464 parte
804 1425 939 1451 eorum
963 1411 1143 1465 precibus
1167 1412 1355 1451 adductus
1378 1411 1518 1451 bellum
1542 1423 1676 1450 susce-

192 1479 316 1534 perit,
350 1479 471 1519 multo
502 1478 618 1519 etiam
641 1480 827 1532 grauius,
864 1479 964 1533 quod
986 1479 1039 1519 sit
1061 1479 1297 1529 destitutus,
1330 1479 1521 1532 queritur.
1574 1477 1678 1518 Tum
1699 1476 1754 1520 17

191 1547 343 1588 demum
365 1545 511 1587 Liscus
535 1548 714 1587 oratione
737 1544 924 1588 Caesaris
947 1549 1137 1589 adductus
1154 1579 1164 1598 ,
1199 1548 1300 1601 quod
1333 1553 1448 1588 antea
1482 1552 1673 1596 tacuerat,

191 1614 396 1669 proponit:
430 1614 534 1655 Esse
556 1615 768 1655 nonnullos
783 1646 792 1664 ,
827 1630 990 1668 quorum
1023 1616 1238 1656 auctoritas
1261 1616 1361 1670 apud
1383 1615 1535 1668 plebem
1557 1614 1678 1668 pluri-

189 1697 291 1723 mum
314 1682 459 1732 ualeat,
485 1682 548 1735 qui
562 1683 741 1735 priuatim
755 1684 840 1737 plus
861 1684 1016 1738 possint
1048 1698 1160 1737 quam
1184 1684 1257 1737 ipsi
1280 1683 1551 1737 magistratus.
1590 1681 1676 1723 Hos
1697 1681 1725 1723 2

187 1751 375 1793 seditiosa
397 1757 515 1803 atque
536 1750 713 1805 improba
735 1752 916 1792 oratione
938 1752 1228 1792 multitudinem
1252 1751 1456 1791 deterrere
1471 1781 1481 1800 ,
1516 1764 1566 1791 ne
1597 1752 1678 1791 fru-

187 1826 359 1861 mentum
393 1820 625 1869 conferant,
661 1820 762 1875 quod
796 1827 1002 1874 praestare
1032 1819 1223 1860 debeant:
1258 1820 1291 1860 si
1314 1820 1390 1859 iam
1412 1819 1674 1873 principatum
1696 1817 1721 1859 3

188 1887 342 1929 Galliae
364 1887 541 1941 optinere
563 1901 640 1927 non
664 1888 832 1941 possint,
859 1886 1061 1928 Gallorum
1086 1903 1199 1941 quam
1221 1887 1491 1928 Romanorum
1514 1886 1679 1940 imperia

188 1957 413 2010 praeferre,
438 1969 566 2009 neque
588 1955 769 1997 dubitare
791 1957 1014 2011 [debeant],
1040 1957 1148 2010 quin,
1174 1957 1208 1997 si
1232 1955 1440 1997 Heluetios
1463 1968 1678 2010 superaue-
1699 1954 1727 1996 4

186 2024 268 2065 rint
287 2022 482 2074 Romani,
509 2038 585 2064 una
609 2039 696 2064 cum
720 2024 871 2078 reliqua
894 2023 1020 2066 Gallia
1044 2025 1221 2067 Haeduis
1244 2025 1465 2066 libertatem
1488 2024 1568 2065 sint
1591 2037 1678 2064 ere-

184 2093 303 2147 pturi.
360 2091 423 2132 Ab
464 2092 610 2132 eisdem
651 2100 788 2132 nostra
821 2093 986 2133 consilia
1026 2108 1203 2147 quaeque
1235 2094 1274 2133 in
1309 2093 1450 2134 castris
1483 2089 1721 2146 gerantur5

187 2160 364 2200 hostibus
397 2161 620 2201 enuntiari:
665 2161 736 2202 hos
769 2175 792 2202 a
823 2175 867 2202 se
896 2162 1075 2202 coerceri
1108 2176 1186 2202 non
1219 2176 1351 2216 posse.
1404 2160 1511 2213 Quin
1540 2161 1674 2210 etiam,
1698 2157 1725 2199 6

186 2228 288 2285 quod
320 2229 549 2270 necessario
572 2243 654 2270 rem
679 2237 839 2271 coactus
863 2228 1031 2271 Caesari
1053 2231 1282 2280 enuntiarit,
1312 2229 1545 2284 intellegere
1567 2242 1674 2280 sese,

330 2379 342 2411 1
366 2389 525 2421 passuum
545 2390 613 2412 om.
635 2381 665 2412 b.
815 2381 834 2413 3
854 2380 977 2413 cotidie
996 2392 1030 2412 α.
1175 2380 1312 2413 Heduos
1329 2392 1364 2413 a.
1514 2381 1533 2413 7
1553 2379 1677 2422 subpe-

188 2429 279 2461 tebat
295 2430 393 2472 Aas.
536 2431 653 2462 eodem
673 2436 788 2463 autem
807 2442 840 2463 a.
985 2433 1003 2465 7
1023 2435 1059 2463 et
1076 2433 1096 2465 8
1124 2432 1224 2464 Arari
1252 2443 1272 2464 a
1288 2433 1319 2465 b.
1461 2432 1480 2464 9
1499 2434 1536 2463 et
1552 2431 1593 2464 14
1610 2430 1675 2462 He-

187 2479 242 2510 ‹lui
259 2490 293 2511 α.
437 2482 477 2514 10
498 2487 711 2524 comportare
731 2482 761 2515 E
787 2482 998 2525 (conportari
1016 2483 1151 2525 ADs).
1294 2483 1332 2515 13
1353 2482 1533 2514 Deuitiaco
1552 2492 1572 2514 a
1592 2485 1675 2513 ante

188 2542 278 2564 corr.
418 2535 656 2575 magistratui!
675 2545 751 2566 enm
767 2539 896 2577 paneis
916 2536 1004 2567 dell.
1125 2535 1164 2567 14
1183 2540 1344 2576 praeerat
1361 2545 1382 2566 α
1401 2534 1470 2576 (ita
1487 2533 1674 2577 Beyerlz'us

189 2585 434 2626 interrogatus
453 2587 668 2628 respoudit>5
686 2593 873 2630 praeerant
891 2588 1023 2629 reliqui
1040 2587 1141 2619 codd.
1263 2588 1302 2620 16
1321 2588 1433 2630 possit
1452 2587 1671 2626 frumentum,

189 2639 253 2665 tam
270 2635 315 2667 D„
435 2638 473 2670 17
493 2638 533 2670 ab
553 2639 604 2670 his
622 2649 657 2670 α.
775 2641 819 2672 22
838 2645 978 2682 possent
998 2642 1093 2671 ‘ms-S.
1114 2640 1233 2670 multi'
1251 2650 1285 2671 a.
1403 2640 1446 2673 25
1465 2640 1618 2682 optinere
1637 2649 1670 2670 α.

329 2688 458 2729 possint
474 2690 738 2731 Hotomannus,·
757 2697 898 2734 possent
920 2694 1016 2724 Qnss.
1033 2692 1224 2735 plerz'que',
1255 2703 1373 2724 omnes
1392 2692 1615 2732 Schneideri,
1635 2701 1669 2722 a.

187 2736 225 2767 P.
245 2737 301 2769 85.
455 2741 497 2773 26
517 2743 691 2784 praeferre
711 2745 808 2785 abs,
829 2744 981 2786 perferre
1001 2755 1036 2775 ιι.
1194 2743 1370 2786 [debeant]
1390 2745 1429 2776 P.
1449 2745 1503 2777 52.

186 2788 230 2821 ‘27
250 2787 375 2821 ”eduis
393 2801 426 2822 a·
617 2794 660 2828 28
688 2796 808 2828 iisdem
836 2797 903 2837 (a).
1079 2796 1211 2838 nostra]
1232 2807 1274 2828 an
1294 2807 1327 2834 α,
1349 2801 1462 2828 autem
1481 2798 1511 2828 b.

187 2840 229 2872 30
250 2841 478 2874 necessariam
498 2854 564 2876 rem
585 2845 616 2877 A
630 2845 699 2878 CD
712 2847 771 2878 Ea
787 2848 867 2890 bes,
891 2847 1087 2880 necessaria
1107 2858 1142 2879 re
1161 2849 1278 2890 Bong.
1301 2858 1367 2879 ser.
