1835 3240
719 173 1145 213 ——188—

192 292 439 345 pauimentis'
473 304 607 330 ansam
641 289 834 329 dederunt
864 287 1067 341 magistro,
1103 294 1145 326 ut
1168 287 1227 326 liic
1263 286 1316 325 ‘iu
1341 286 1456 324 tecto'
1480 287 1667 327 adiceret.

187 358 292 399 Nam
317 359 379 412 qui
403 359 604 411 corrigere
636 372 682 397 ea
703 357 823 396 uerba
846 356 1072 403 uoluerunt,
1107 369 1157 394 ex
1182 355 1226 393 iis
1252 366 1349 393 unus
1373 352 1671 408 Oudendorpius

191 428 336 476 effecit,
371 427 471 480 quod
504 425 672 479 speciem
706 424 874 478 aliquam
905 422 1059 471 habeat,
1099 421 1296 475 ‘integra‘.
1336 419 1484 460 Verum
1517 422 1669 474 integra

189 495 314 548 palma
329 508 406 534 non
419 501 479 533 est
492 493 616 546 palma
629 492 755 531 iustae
768 489 1062 543 magnitudinis,
1080 489 1230 541 qualem
1247 489 1345 527 hane
1359 485 1672 527 fuisseValerius

189 562 340 610 scribit,
355 562 422 601 sed
436 561 540 600 nulla
556 573 605 599 ex
620 567 730 612 parte
741 564 935 605 truncata,
955 573 1051 610 quae
1065 573 1128 598 rcs
1141 559 1271 611 inepte
1285 562 1672 597 commemoraretur.

307 628 355 669 C.
384 628 478 677 108,
505 626 528 666 3
562 628 600 666 in
632 626 764 675 codd.,
803 632 842 665 ut
871 626 1040 673 uidetur,
1075 627 1254 666 omnibus
1284 632 1441 679 praeter
1471 622 1586 663 Leid.
1612 637 1670 676 pr.

190 698 286 738 haec
310 697 456 749 scripta
479 701 594 734 sunt:
624 692 683 733 ‘In
716 700 951 733 testamento
984 692 1201 734 Ptolemaei
1232 694 1351 747 patris
1376 691 1540 732 heredes
1563 697 1677 730 erant

191 765 326 818 scripti
349 777 398 803 ex
423 761 571 802 duobus
593 761 682 801 filiis
706 761 830 800 maior
852 767 891 800 ct
913 774 965 800 ex
987 761 1135 801 duabus
1160 776 1220 810 ea,
1246 775 1343 814 quae
1367 767 1495 800 aetate
1517 766 1677 798 antece-

191 831 335 880 debat',
371 838 487 883 atque
521 830 617 869 baec
648 829 915 882 grammaticis
946 836 1055 868 recta
1079 829 1161 868 uisa
1183 836 1290 877 sunt,
1317 829 1406 880 quia
1429 828 1561 867 datiuo
1584 827 1673 866 filiis

191 907 230 940 et
260 899 359 939 filios
393 905 433 937 et
464 898 563 937 filias
594 897 821 950 significare
852 895 1002 935 liceret.
1057 895 1205 936 Verum
1237 897 1273 935 id
1296 896 1349 935 ita
1375 896 1456 936 fieri
1480 908 1610 949 posse,
1637 901 1677 934 ut

191 967 253 1007 hic
275 968 415 1005 factum
447 972 522 1014 est,
557 971 598 1004 ut,
630 979 681 1004 ex
713 963 916 1017 superiore
948 963 1113 1002 filiorum
1139 965 1512 1004 commemoratione
1536 963 1675 1002 deinde

192 1034 324 1074 datiuo
349 1031 529 1072 ‘duabus’
553 1032 794 1085 cogitatione
820 1030 1000 1071 ‘filiabus'
1023 1031 1230 1081 adiciatur,
1264 1046 1387 1084 neque
1411 1030 1596 1070 credibile
1621 1036 1680 1070 est

192 1116 318 1154 neque
342 1101 420 1141 ullo
444 1100 625 1153 exemplo
659 1099 948 1152 comprobatur.
985 1097 1121 1152 Itaque
1151 1107 1259 1140 recte
1281 1100 1320 1139 in
1343 1099 1456 1139 Leid.
1482 1113 1540 1152 pr.
1569 1098 1679 1137 ‘dua-

190 1170 263 1210 bus
286 1167 450 1209 filiabus'
481 1168 669 1221 scriptum
704 1175 778 1207 est.
822 1166 927 1207 Nam
952 1167 1026 1206 etsi
1052 1167 1152 1207 bunc
1176 1182 1290 1206 unum
1316 1167 1486 1207 codicem
1511 1166 1679 1219 scriptu-

192 1250 274 1277 ram
308 1236 453 1276 codicis
485 1236 686 1289 archetypi
719 1249 904 1275 seruasse
927 1249 1004 1275 non
1028 1242 1088 1275 est
1110 1235 1311 1287 probabile
1327 1265 1336 1281 ,
1364 1234 1593 1288 praesertim
1617 1232 1679 1284 qui

193 1305 290 1358 apud
316 1303 420 1343 Hirt.
446 1317 598 1356 quoque
621 1303 658 1343 b.
677 1304 797 1343 Alex.
816 1301 884 1352 33,
910 1303 1018 1356 2pro
1034 1303 1198 1342 ‘duabus
1212 1302 1312 1342 filiis’
1337 1303 1523 1355 scriptum
1539 1300 1680 1340 habeat

197 1372 361 1411 ‘duabus
384 1371 565 1420 filiabus',
590 1379 720 1411 tamen
751 1371 789 1410 in
816 1385 862 1411 eo
884 1371 1113 1410 coniectura
1137 1383 1271 1409 uerum
1301 1371 1468 1423 positum
1494 1368 1680 1408 arbitror.

195 1439 298 1480 Nam
314 1440 445 1493 siquis
463 1440 642 1479 ‘filiabus'
657 1454 734 1479 non
745 1439 915 1487 adicere,
931 1439 995 1477 sed
1014 1437 1264 1490 pro‘duabus'
1281 1451 1425 1491 ponere
1437 1437 1545 1485 uelit,
1561 1436 1596 1475 id
1610 1434 1682 1475 hoc

195 1509 298 1558 l0c0,
324 1507 701 1548 ubiaccuratissima
714 1507 839 1546 oratio
858 1506 1089 1558 requiritur,
1116 1506 1396 1547 admittendum
1411 1519 1488 1544 non
1508 1504 1679 1544 uidetur.

310 1572 358 1615 C.
386 1575 481 1623 112,
509 1574 533 1613 3
556 1574 651 1614 baec
674 1575 914 1614 edebantur:
944 1572 1004 1613 ‘In
1023 1574 1335 1613 bacsuntinsula
1349 1572 1684 1624 domiciliaAegy-

197 1643 363 1696 ptiorum
388 1650 427 1682 et
450 1643 560 1682 uicus
583 1643 711 1696 oppidi
734 1641 1017 1694 magnitudine,
1044 1654 1217 1693 quaeque
1237 1641 1376 1693 ubique
1394 1652 1515 1679 naues
1537 1638 1683 1691 impru-

197 1711 329 1750 dentia
351 1717 418 1749 aut
440 1716 673 1763 tempestate
695 1710 850 1762 paulum
865 1723 935 1748 suo
950 1722 1067 1748 cursu
1082 1708 1341 1755 decesserint,
1368 1708 1436 1747 has
1450 1720 1558 1746 more
1572 1718 1684 1759 prae-

196 1778 340 1817 donum
364 1778 534 1831 diripere
556 1774 826 1816 consueruut'.
861 1773 939 1815 Sed
963 1774 1143 1815 Pliaritas
1158 1789 1293 1815 omnes
1317 1789 1454 1823 naues,
1479 1787 1578 1827 quae
1600 1773 1686 1813 ubi-

197 1859 270 1898 que
294 1859 411 1885 cursu
435 1845 694 1893 decesserint,
721 1844 889 1897 diripere
913 1857 991 1883 non
1014 1844 1186 1897 potuisse
1209 1851 1384 1897 apertum
1408 1850 1483 1883 est.
1517 1840 1563 1882 In
1585 1840 1681 1882 Par.

196 1926 278 1952 sec.
305 1913 492 1966 scriptum
514 1919 574 1952 est
600 1911 789 1965 ‘quaequi
811 1912 952 1964 ubique
975 1911 1125 1961 naues',
1157 1912 1196 1950 in
1219 1909 1333 1950 Leid.
1360 1925 1419 1964 pr.
1447 1910 1685 1963 ‘qricumque

201 1981 351 2028 naues’,
387 1980 427 2019 in
459 1978 575 2020 Leid.
611 1994 691 2020 sec.
728 1986 973 2032 ‘quamquam
1004 1980 1133 2033 ibique
1163 1978 1315 2028 naues',
1348 1979 1388 2018 in
1410 1977 1506 2019 Vrs.
1534 1984 1573 2017 et
1593 1975 1682 2017 Pet.

203 2052 394 2101 ‘quaeque
418 2048 483 2087 ubi
506 2048 657 2097 naues',
688 2048 727 2087 in
752 2046 879 2102 Bong.
906 2055 944 2088 et.
965 2047 1088 2089 Voss.
1117 2047 1288 2099 ‘ubique'
1312 2045 1498 2085 omissum
1522 2052 1605 2085 est:
1639 2044 1684 2084 de

199 2115 361 2168 reliquis
384 2116 492 2155 codd.
520 2122 686 2155 tacetur.
721 2114 808 2169 Ego
827 2114 883 2155 sic
896 2115 1022 2155 edidi:
1052 2113 1686 2168 ‘quaequeibicumquenaues—

203 2183 356 2236 paulum
387 2197 459 2223 suo
491 2197 608 2223 cursu
640 2182 926 2223 decesserunt'.
960 2181 1066 2222 Nam
1101 2180 1388 2222 ‘decesserunt'
1421 2193 1490 2233 pro
1526 2179 1685 2218 soloeco

203 2252 455 2292 coniunctiuo
477 2258 587 2291 recte
602 2251 710 2291 estin
727 2255 927 2303 ‘quattuor
938 2250 1065 2290 codd.'
1078 2247 1180 2290 Oud.
1195 2256 1230 2288 et
1245 2246 1338 2288 Par.
1355 2261 1436 2288 sec.
1453 2245 1576 2287 Paulo
1599 2252 1688 2299 post

204 2320 258 2372 (ἓ.
280 2319 323 2371 5>
345 2318 456 2372 posui
493 2318 596 2358 ‘Hoc
624 2326 703 2358 tum
726 2319 877 2358 ueritus
902 2315 1055 2358 Caesar
1077 2316 1253 2356 hostibus
1276 2317 1314 2355 in
1340 2327 1467 2369 pugna
1489 2312 1686 2366 occupatis

205 2385 392 2426 militibus
423 2387 615 2440 expositis
637 2384 809 2425 Pharum
833 2384 1062 2440 preliendit'.
1100 2383 1202 2424 Nam
1227 2384 1326 2436 quod
1341 2383 1469 2423 editur
1493 2381 1685 2420 ‘hostibus

203 2453 245 2494 in
266 2468 393 2507 pugna
418 2455 617 2508 occupatis
643 2454 901 2506 militibusque
926 2452 1148 2506 expositis',
1183 2451 1255 2491 boc
1277 2451 1390 2490 modo
1412 2463 1477 2489 res
1502 2447 1688 2488 diuersis-

204 2521 326 2561 simae
349 2522 655 2574 coniunguntur.

320 2655 434 2710 Apud
457 2656 563 2696 Hirt.
590 2657 626 2696 b.
652 2657 774 2697 Alex.
800 2671 835 2696 c.
863 2656 902 2705 1,
928 2656 955 2697 2
977 2655 1071 2696 baec
1094 2655 1134 2695 in
1156 2655 1265 2694 codd.
1293 2653 1438 2706 scripta
1462 2660 1577 2692 sunt:
1607 2651 1685 2692 ‘ln-

207 2725 320 2765 terim
343 2724 580 2764 munitiones
604 2725 745 2764 cotidie
758 2724 942 2776 operibus
956 2730 1166 2776 augentur,
1183 2729 1297 2775 atque
1315 2734 1449 2761 omnes
1462 2719 1589 2774 oppidi
1602 2733 1690 2773 par—

209 2800 294 2842 tes,
336 2807 436 2848 quae
467 2792 596 2832 minus
629 2805 717 2832 esse
747 2792 879 2831 firmae
902 2791 1108 2839 uidentur,
1152 2789 1412 2830 testudinibus
1436 2802 1481 2828 ac
1504 2786 1689 2827 musculis

208 2867 415 2915 aptantur,
450 2874 502 2902 ex
533 2860 720 2902 aedificiis
753 2867 882 2901 autem
913 2872 984 2913 per
1012 2857 1203 2899 foramina
1234 2857 1273 2898 in
1303 2855 1483 2911 proxima
1514 2854 1689 2896 aedificia
