1835 3240
720 180 1115 222 *92—

173 299 253 341 tur‚
279 291 601 346 participiumque
622 293 793 347 aliquod,
819 295 928 334 uelut
961 295 1095 336 ‘caede
1118 293 1271 335 Genabi
1294 295 1433 343 facta',
1458 295 1655 335 desidera-

173 366 296 400 retur.
331 357 408 400 Sed
431 361 632 414 genitiuus
648 360 832 402 ‘Genabi'
855 376 933 401 non
955 363 1030 401 alia
1052 362 1206 403 ratione
1228 369 1338 416 aptus
1361 369 1420 402 est
1442 377 1462 402 a
1489 363 1652 411 ‘caede',

173 442 287 481 quam
313 429 475 482 ‘operis'
498 443 520 468 a
544 429 725 478 ‘labore'‚
751 437 790 468 et
813 430 969 469 ‘caedes
994 428 1170 469 Genabi'
1194 443 1238 469 ea
1262 430 1458 469 sententia
1483 430 1653 483 ponitur,

173 509 247 548 qua
270 510 341 536 nos
364 496 526 536 dicimus
551 496 636 536 ‘das
659 496 814 535 blutbad
840 511 916 535 uon
939 494 1174 544 Genabum',
1198 497 1253 535 ita
1272 503 1315 536 ut
1334 497 1498 550 genitiui
1522 499 1657 537 eadem

173 562 234 602 uis
256 563 308 602 sit
328 570 444 616 atque
466 562 650 603 adiectiui
683 567 693 586 ⁶
711 561 1002 603 Genabensis'.
1046 561 1225 602 Eandem
1255 563 1448 602 rationem
1472 564 1567 604 haec
1591 565 1657 604 ha-

171 629 288 670 bent:
319 628 439 670 Caes.
464 629 502 669 b.
528 628 634 670 Gall.
658 629 711 680 V,
737 629 806 680 54,
830 630 856 669 4
881 628 1040 670 ‘Gallici
1062 630 1153 670 belli
1175 630 1344 679 officia’‚
1378 630 1416 669 b.
1442 631 1517 670 ciu.
1543 630 1587 681 I,
1613 632 1654 681 4,

172 695 197 737 5
222 697 316 738 ‘iter
335 696 458 737 Asiae
481 695 730 751 Syriaeque',
756 696 810 747 Il,
836 698 905 748 32,
934 697 984 737 13
1015 695 1294 738 ‘Corfiniensis
1317 698 1554 752 ignominia,
1578 697 1657 738 Ita-

172 764 247 804 liae
270 766 376 819 fuga,
400 764 680 818 Hispaniarum
694 765 852 815 deditio,
877 764 1005 805 Africi
1029 764 1119 805 belli
1138 766 1407 818 praeiudi‹zia⁷,
1434 765 1540 805 Hirt.
1560 764 1656 806 Vll!

172 833 296 885 praef.
322 832 400 885 §.2
425 832 712 872 ‘commentarii
733 847 867 873 rerum
889 840 1089 887 gestarum
1104 831 1287 884 Galliae',
1313 848 1347 873 c.
1365 832 1436 880 48,
1465 832 1515 872 10
1540 834 1655 886 ‘qnod

171 899 385 952 insequens
417 913 544 939 annus
576 900 704 940 nullas
737 900 853 941 habet
884 915 1121 955 magnopere
1144 900 1297 941 Galliae
1325 915 1389 941 res
1412 898 1580 954 gestas',
1616 902 1653 940 b.

170 967 292 1008 Alex.
317 967 386 1018 42,
411 968 438 1008 4
462 969 569 1021 ‘fuga
591 966 811 1008 Pharsalici
835 969 1004 1022 proelii',
1031 967 1120 1010 Cic.
1137 968 1258 1011 Verr.
1275 968 1328 1019 V,
1354 967 1395 1016 6,
1424 969 1474 1008 14
1500 968 1656 1009 ‘bellum

171 1033 310 1075 Italiae
334 1035 620 1090 fugitiuorum',
645 1037 746 1089 quod
769 1050 804 1076 e.
833 1035 899 1085 15,
925 1036 979 1077 39
1001 1037 1144 1078 dieitur
1175 1036 1378 1077 ‘Italicum
1401 1037 1655 1090 fugitiuorum

170 1102 344 1153 bellum',
371 1117 439 1156 pro
462 1101 579 1144 Sext.
606 1103 684 1154 50,
714 1102 792 1143 106
825 1104 1025 1145 ‘ludorum
1049 1105 1385 1159 gladiatorumque
1408 1106 1653 1154 eonsessus',

172 1185 269 1223 quos
291 1171 358 1219 54,
387 1170 465 1211 115
500 1172 777 1227 ‘gladiatorios
801 1174 1035 1213 consessus*
1066 1173 1256 1226 appellat,
1280 1187 1350 1226 pro
1372 1171 1517 1213 Flacco
1540 1188 1577 1226 p.
1602 1172 1649 1213 81

171 1236 298 1279 Orell.
326 1238 584 1292 ‘Hispaniae,
619 1238 788 1291 Galliae,
816 1238 996 1290 Ciliciae,
1024 1238 1170 1281 Cretae
1195 1241 1291 1280 uitia
1312 1247 1352 1279 et
1374 1241 1557 1294 {lagitia',
1587 1255 1656 1294 pro

169 1304 336 1346 Plancio
355 1307 397 1356 9,
421 1307 476 1347 24
502 1308 646 1348 ‘officia
669 1315 904 1361 quaesturae
927 1308 1258 1361 tribunatusque',
1283 1307 1387 1348 Phil.
1412 1306 1455 1358 Ι,
1492 1307 1542 1347 15
1559 1339 1569 1357 ,
1602 1306 1657 1347 26

174 1373 479 1428 ‘Apollinarium
502 1375 679 1415 ludorum
703 1377 892 1430 plausus',
918 1373 1021 1423 VII,
1047 1374 1088 1424 5,
1116 1375 1166 1415 15
1200 1377 1378 1416 ‘seelera
1399 1375 1540 1415 urbani
1562 1389 1656 1415 con-

170 1443 352 1492 sulatus’,
379 1443 494 1496 epist.
519 1444 566 1483 ad
586 1441 638 1496 Q
664 1445 776 1484 fratr.
802 1442 835 1493 I,
864 1444 903 1494 1,
928 1443 980 1484 ‘25
1006 1442 1180 1498 ‘Mysiae
1203 1443 1437 1493 latrocinia',
1463 1449 1561 1483 orat.
1584 1442 1655 1490 31,

172 1509 251 1549 111
278 1511 419 1552 ‘oratio
444 1512 564 1552 salsae
586 1512 827 1565 legationis’,
857 1510 957 1553 Sall.
981 1509 1068 1565 lug.
1096 1511 1147 1552 33
1180 1510 1348 1552 ‘Romae
1369 1510 1656 1563 Numidiaeque

169 1578 374 1629 facinora',
400 1579 502 1620 Tac.
527 1594 619 1620 ann.
642 1579 760 1628 XIV,
785 1579 811 1619 9
837 1580 916 1619 ‘uia
938 1578 1116 1620 Miseni’.

282 1645 330 1687 C.
356 1645 424 1697 30,
450 1646 474 1686 4
498 1647 593 1687 haec
616 1648 655 1687 in
678 1647 790 1687 codd.
816 1648 1024 1701 leguntur:
1072 1654 1082 1670 ‘
1098 1645 1224 1687 Simul
1253 1647 1291 1686 in
1315 1661 1420 1700 spem
1443 1646 1657 1687 ueniebant

171 1714 254 1755 eius
278 1714 538 1754 affirmatione
568 1716 614 1755 de
646 1715 807 1767 reliquis
839 1715 1096 1767 adiungendis
1128 1715 1378 1762 ciuitatibus,
1413 1715 1655 1768 primumque

171 1796 217 1822 eo
240 1790 414 1836 tempore
429 1781 533 1822 Galli
556 1789 686 1823 eastra
710 1783 861 1822 munire
883 1782 1142 1822 instituerunt
1163 1783 1275 1822 etsie
1297 1790 1389 1823 suut
1410 1783 1540 1822 animo
1563 1796 1656 1822 con-

170 1850 337 1890 sternati
351 1882 361 1898 ,
396 1850 570 1890 homines
600 1850 746 1890 insueti
768 1850 915 1890 laboris
929 1881 939 1900 ,
973 1857 1017 1890 ut
1038 1851 1166 1890 omnia
1180 1882 1190 1898 ,
1227 1864 1327 1903 quae
1347 1851 1652 1904 imperarentur,

170 1918 244 1958 sibi
266 1918 447 1972 patienda
472 1918 775 1959 existimarent'.
837 1917 931 1958 Non
963 1918 1189 1971 negauerim
1221 1918 1398 1970 equidem
1423 1925 1655 1958 consterna-

168 1986 276 2026 tione
298 1986 462 2039 quadam
485 1987 602 2026 animi
624 1986 708 2026 fieri
730 2000 846 2040 posse
861 2017 871 2036 ,
898 1993 941 2026 ut
961 1986 1100 2039 aliquis
1123 1999 1258 2025 omnes
1281 1985 1436 2026 labores
1459 1985 1506 2025 ab
1530 1986 1656 2025 altero

168 2053 368 2094 iniunctus
400 2055 596 2108 patienter
628 2055 827 2108 perferat3
861 2068 997 2094 uerum
1031 2054 1156 2093 oratio
1178 2052 1547 2107 Vercingetorigis,
1582 2067 1653 2105 qua

168 2121 280 2171 haee,
305 2136 404 2175 quae
426 2137 544 2176 supra
567 2122 758 2176 excripsi,
784 2122 923 2162 effecta
945 2130 1051 2172 sunt,
1077 2136 1154 2161 non
1177 2122 1302 2161 solum
1328 2121 1437 2171 nihil,
1463 2135 1539 2176 quo
1563 2136 1655 2160 con-

169 2195 448 2230 sternarentur
470 2189 601 2238 Galli,
635 2190 847 2239 afferebat,
881 2190 948 2230 sed
971 2189 1026 2229 ita
1049 2196 1274 2243 comparata
1297 2196 1403 2238 erat,
1441 2196 1482 2229 ut
1503 2189 1654 2228 animos

170 2270 307 2296 eorum
331 2259 625 2312 expugnatione
646 2258 810 2298 Auarici
833 2256 1065 2311 perterritos
1098 2257 1270 2311 erigeret
1301 2264 1417 2310 atque
1440 2257 1651 2297 excitaret.

169 2321 308 2377 Itaque
329 2326 442 2378 posui
471 2331 527 2367 ‘et
548 2327 604 2367 sic
627 2333 718 2366 sunt
739 2326 867 2365 animo
890 2325 1137 2364 confirmati'.

287 2390 335 2433 C.
367 2392 435 2443 34,
466 2394 481 2433 1
509 2394 610 2434 edidi
644 2393 748 2434 ‘Hoc
772 2394 930 2433 decreto
953 2392 1186 2445 interposito
1209 2393 1435 2432 cohortatus
1449 2391 1650 2438 Haeduos,

170 2467 213 2500 ut
234 2462 597 2501 controuersiarum
633 2476 679 2502 ac
703 2460 962 2501 dissensionis
985 2459 1317 2500 obliuiscerentur
1337 2467 1451 2512 atque
1475 2460 1654 2499 omnibus

171 2528 327 2568 omissis
349 2529 466 2569 rebus
490 2529 576 2569 huie
599 2529 700 2569 bello
723 2529 932 2570 seruirent'
957 2534 1050 2567 cett.
1120 2525 1422 2579 Oudendorpius
1455 2541 1506 2566 ex
1539 2528 1650 2566 codd.

173 2596 371 2636 ‘omnibus
395 2597 551 2636 omissis
576 2597 633 2637 his
666 2597 806 2637 rebus'
839 2595 1070 2636 restituerat
1100 2594 1168 2633 has
1202 2608 1266 2633 res
1299 2594 1592 2634 controuersias
1617 2602 1656 2634 et

169 2664 456 2704 dissensionem
480 2664 553 2704 diei
577 2678 756 2705 monens.
799 2662 843 2704 Id
866 2678 913 2704 ne
936 2662 1170 2703 Beroaldum
1195 2662 1370 2715 quidem,
1396 2675 1481 2701 eum
1505 2662 1653 2714 primus

170 2746 386 2786 pronomen
408 2733 570 2782 deleret,
596 2733 744 2785 fugisse
767 2731 954 2780 arbitror,
988 2730 1055 2770 sed
1078 2729 1258 2781 uidebat,
1293 2730 1332 2769 ni
1356 2730 1493 2777 fallor,
1520 2744 1567 2769 ea
1588 2744 1654 2769 ra-

171 2801 279 2841 tione
310 2801 471 2840 eandem
503 2814 586 2840 rem
618 2800 704 2841 sine
735 2806 857 2840 causa
894 2798 954 2839 bis
986 2798 1192 2838 inculcari.
1259 2796 1411 2839 Contra
1448 2797 1652 2837 ‘omnihus

172 2869 328 2910 omissis
349 2868 481 2910 rehus'
505 2869 551 2909 ad
575 2882 764 2909 summum
786 2868 955 2909 studium
978 2866 1275 2921 significandum
1310 2866 1553 2920 aptissimum
1575 2871 1647 2906 est.
