1835 3240
104 900 144 933 10

106 1239 145 1272 15

571 164 752 209 COMM.
776 164 833 207 ΠΙ
856 162 980 207 CAP.
1006 162 1207 206 10-13.
1650 162 1733 204 569

179 297 273 325 nere
304 287 419 334 atque
452 279 649 335 [omnibns
685 280 825 333 copiis]
858 277 1018 318 mutatis
1051 278 1097 317 ad
1127 276 1369 317 celeritatem
1402 276 1585 317 iumentis
1608 277 1656 317 ad

176 349 401 403 Pompeium
440 349 642 388 contendit
672 356 712 388 et
742 348 880 387 adesse
914 344 1129 386 Caesarem
1172 344 1384 384 nuntiauit.
1446 343 1656 397 Pompeius
1677 345 1704 385 2

176 424 261 458 erat
292 431 338 457 eo
373 424 547 469 tempore
580 416 620 455 in
652 413 857 455 Candauia
885 414 1037 466 iterque
1071 426 1122 453 ex
1154 410 1391 452 Macedonia
1422 412 1462 451 in
1497 412 1659 452 hiberna

174 484 423 538 Apolloniam
447 483 816 538 Dyrrhachiumque
849 481 1030 521 habebat.
1090 478 1170 520 Sed
1200 494 1244 520 re
1277 493 1379 519 noua
1411 479 1659 532 perturbatus

180 552 394 593 maioribus
415 552 620 592 itineribus
635 550 882 603 Apolloniam
907 556 1040 602 petere
1063 548 1203 601 coepit,
1229 561 1278 588 ne
1292 545 1443 587 Caesar
1464 560 1557 586 orae
1580 560 1660 585 ma-

175 621 343 660 ritumae
366 621 546 660 ciuitates
569 624 791 671 occuparet.
836 616 890 655 At
918 616 982 656 ille
1015 616 1206 669 expositis
1229 616 1414 656 militibus
1438 614 1573 654 eodem
1598 614 1658 653 die
1680 613 1705 654 3

177 688 338 730 Oricum
362 687 636 743 proficiscitur.
682 683 769 737 Quo
793 699 878 724 cum
903 684 1093 734 uenisset,
1120 683 1170 723 L.
1195 683 1433 737 Torquatus,
1464 682 1527 735 qui
1550 682 1661 722 iussu

175 755 352 811 Pompeii
385 756 523 810 oppido
557 761 736 808 praeerat
760 753 1077 807 praesidiumque
1100 752 1151 791 ibi
1172 750 1450 791 Parthinorum
1475 751 1658 799 habebat,

179 832 340 865 conatus
372 823 495 878 portis
529 822 673 863 clausis
706 821 885 874 oppidum
922 821 1158 870 defendere,
1192 835 1276 859 cum
1300 818 1477 860 Graecos
1507 833 1660 859 murum

177 893 391 933 ascendere
414 899 530 944 atque
552 905 660 930 arma
683 903 824 943 capere
844 889 1018 938 iuberet,
1051 888 1105 927 illi
1129 895 1255 928 autem
1281 902 1323 928 se
1345 895 1480 927 contra
1504 887 1659 942 imperi-
1681 886 1708 927 4

176 976 241 1001 um
264 960 393 1014 populi
407 959 575 1000 Romani
599 963 843 1012 pugnaturos
859 971 946 997 esse
970 963 1178 1009 negarent,
1204 956 1381 1009 oppidani
1401 963 1527 995 autem
1543 955 1660 996 etiam

178 1043 250 1069 sua
273 1035 410 1082 sponte
435 1026 649 1068 Caesarem
672 1026 849 1078 recipere
872 1032 1125 1074 conarentur,
1152 1025 1371 1077 desperatis
1394 1024 1572 1064 omnibus
1595 1038 1663 1064 au-

177 1096 287 1137 xiliis
319 1102 452 1150 portas
485 1094 639 1148 aperuit
669 1101 707 1134 et
739 1107 782 1134 se
815 1100 931 1146 atque
955 1094 1132 1146 oppidum
1158 1089 1322 1132 Caesari
1347 1092 1491 1131 dedidit
1512 1092 1662 1131 incolu-

178 1164 329 1217 misque
351 1163 397 1203 ab
421 1177 466 1204 eo
489 1170 749 1203 conseruatus
773 1169 848 1202 est.
896 1161 1074 1215 Recepto
1098 1158 1251 1200 Caesar
1273 1158 1394 1200 Orico
1417 1160 1521 1200 nulla
1543 1159 1666 1199 inter-
1685 1158 1740 1202 12

178 1232 305 1286 posita
334 1245 442 1272 mora
464 1230 712 1285 Apolloniam
745 1230 1023 1284 proficiscitur.
1081 1226 1207 1269 Cuius
1237 1229 1408 1269 aduentu
1440 1228 1573 1268 audito
1604 1225 1656 1267 L.

180 1298 387 1340 Staberius
405 1330 414 1348 ,
440 1300 505 1355 qui
527 1299 577 1339 ibi
601 1306 807 1353 praeerat,
834 1312 970 1351 aquam
984 1304 1230 1350 comportare
1252 1297 1290 1336 in
1324 1310 1414 1336 arce
1439 1304 1554 1349 atque
1577 1309 1662 1336 eam

180 1368 333 1408 munire
356 1367 588 1420 obsidesque
610 1367 658 1407 ab
682 1366 998 1420 Apolloniatibus
1021 1366 1186 1419 exigere
1209 1365 1349 1418 coepit.
1393 1363 1455 1404 Illi
1479 1378 1574 1404 uero
1597 1363 1662 1402 da·
1682 1361 1711 1402 2

181 1442 291 1476 turos
314 1449 356 1476 se
379 1449 526 1489 negare
548 1448 674 1488 neque
698 1442 830 1489 portas
854 1434 1004 1474 consuli
1027 1433 1302 1487 praeclusuros
1326 1447 1451 1485 neque
1474 1431 1547 1472 sibi
1565 1431 1665 1471 iudi-

180 1504 280 1543 cium
312 1511 536 1557 sumpturos
570 1510 706 1543 eontra
737 1510 853 1556 atque
884 1502 1010 1542 omnis
1041 1499 1155 1542 Italia
1186 1501 1427 1555 populusque
1458 1499 1664 1540 Romanus

179 1572 446 1612 indic-auisset.
493 1570 670 1624 Quorum
703 1571 858 1625 cognita
890 1570 1093 1610 uoluntate
1127 1570 1223 1610 clam
1257 1569 1429 1623 profugit
1451 1569 1663 1623 Apollonia
1685 1567 1710 1608 3

180 1637 403 1680 Staberius.
447 1638 508 1679 Illi
532 1640 578 1679 ad
603 1637 818 1679 Caesarem
850 1639 1001 1692 legatos
1034 1638 1193 1677 mittunt
1215 1637 1428 1690 oppidoque
1452 1637 1662 1690 recipiunt.

177 1706 262 1747 Hos
285 1714 475 1748 secuntur
496 1706 763 1757 Bullidenses,
790 1706 994 1746 Amantini
1020 1714 1059 1746 et
1078 1706 1252 1758 reliquae
1275 1706 1462 1745 finitimae
1485 1704 1665 1745 ciuitates
1687 1704 1715 1744 4

178 1782 337 1829 totaque
359 1774 501 1829 Epiros
525 1782 564 1815 et
584 1776 724 1829 legatis
747 1776 793 1815 ad
819 1773 1033 1815 Caesarem
1058 1774 1206 1822 missis,
1232 1787 1330 1826 quae
1353 1773 1586 1826 imperaret,
1612 1773 1668 1812 fa-

179 1851 313 1883 cturos
336 1844 586 1897 pollicentur.
630 1843 685 1883 At
715 1841 927 1897 Pompeius
959 1843 1127 1896 cognitis
1161 1842 1220 1881 his
1252 1841 1394 1890 rebus,
1432 1854 1530 1894 quae
1554 1838 1742 1883 erant13

179 1910 287 1952 Orici
310 1918 424 1964 atque
446 1911 682 1965 Apolloniae
705 1919 842 1966 gesta,
878 1910 1125 1965 Dyrrhachio
1160 1910 1300 1949 timens
1334 1909 1484 1948 diurnis
1518 1922 1564 1948 eo
1597 1922 1667 1948 no-

182 1979 408 2032 cturnisque
430 1979 637 2020 itineribus
661 1980 875 2020 contendit.
916 1977 1039 2019 Simul
1054 1976 1206 2018 Caesar
1227 1977 1539 2031 appropinquare
1562 1976 1665 2016 dice-
1686 1974 1714 2016 2

326 2078 339 2110 1
363 2079 516 2110 omnibus
536 2080 642 2121 copiis
662 2080 719 2110 liic
731 2081 875 2119 ponunt
892 2078 1004 2118 codd„
1023 2081 1107 2119 post
1127 2077 1309 2109 Caesarem
1326 2077 1375 2118 (2)
1396 2076 1508 2107 Aldus
1528 2086 1562 2106 u.

181 2147 201 2181 2
220 2151 255 2178 et
272 2157 291 2177 a
307 2147 324 2178 b
338 2157 366 2186 e,
388 2152 425 2178 ut
443 2157 478 2178 τι.
620 2147 792 2178 nuntiauit
809 2157 885 2187 ego,
909 2147 1082 2178 nuntiaret
1103 2146 1202 2177 codd.
1371 2145 1390 2176 3
1410 2143 1555 2186 iterque]
1576 2143 1668 2184 itque

182 2199 264 2239 (sie)
283 2209 315 2237 a,
338 2204 438 2240 atque
459 2199 516 2230 bc.
660 2199 812 2241 hyberna
830 2198 1066 2240 Appolloniam
1087 2198 1351 2239 Dirachiumque
1371 2207 1405 2228 a.
1563 2198 1579 2227 5
1600 2197 1665 2237 Ap—

181 2252 362 2294 polloniam
382 2263 416 2283 α.
560 2253 762 2283 maritumae
782 2263 815 2283 (ι.
958 2253 975 2283 6
996 2252 1114 2283 eodem
1135 2252 1188 2282 (lie
1208 2262 1276 2282 om.
1300 2252 1330 2281 b.
1443 2250 1614 2282 70rscum
1634 2260 1667 2281 α.

326 2305 346 2335 8
365 2303 580 2335 Partinorum
600 2315 633 2335 a.
776 2304 793 2336 9
815 2303 943 2335 Grecos
963 2315 996 2335 α.
1142 2305 1180 2336 10
1198 2304 1381 2335 ascendere
1396 2302 1458 2343 (a).
1602 2302 1672 2334 ius-

184 2355 290 2387 sisset
309 2356 340 2387 b.
436 2366 472 2387 se
493 2367 561 2388 0771.
585 2357 679 2387 (71133.
702 2355 745 2393 4’,
764 2359 847 2396 post
863 2361 1072 2397 pugnaturos
1093 2356 1164 2395 (ll)
1181 2358 1285 2396 ponit
1304 2356 1334 2386 b.
1444 2355 1480 2387 ll
1503 2365 1578 2386 esse
1598 2366 1667 2386 om.

185 2417 219 2438 α.
359 2413 472 2439 autem
491 2409 618 2439 melt'us
637 2419 705 2439 om.
728 2409 744 2440 7
765 2409 853 2439 dell.
999 2408 1036 2440 15
1055 2408 1290 2449 Appolloniam
1310 2418 1343 2439 a.
1488 2407 1584 2438 cuius
1603 2417 1623 2437 a
1639 2408 1668 2445 b,

186 2458 258 2490 eius
276 2468 310 2490 u.
511 2460 549 2491 16
570 2460 748 2491 Staberius
768 2459 881 2490 Aldus
901 2470 1019 2500 nepos,
1044 2459 1242 2490 Straherius
1262 2469 1282 2489 α
1304 2460 1398 2489 ‘mun
1422 2461 1456 2489 et
1473 2458 1551 2488 edd.
1574 2456 1670 2498 qclsl)

329 2519 407 2542 arce
426 2521 445 2542 α
461 2511 489 2545 b,
512 2521 625 2543 arcein
646 2522 680 2542 ιι.
779 2512 817 2543 19
839 2512 981 2553 populus
1001 2510 1172 2542 Romanus
1191 2522 1210 2542 (1
1231 2512 1277 2551 (is
1297 2522 1328 2553 p.
1351 2510 1398 2550 r.)
1417 2511 1511 2541 ‘mss.
1533 2510 1668 2541 multi’.

328 2563 366 2595 21
389 2562 585 2595 Straberius
605 2574 639 2595 α.
758 2564 799 2596 22
822 2564 882 2593 hoc
901 2574 934 2593 a.
1040 2567 1205 2594 secuntur
1222 2573 1254 2593 a.
1352 2562 1569 2593 Bullidenses
1592 2561 1671 2593 Gla-

187 2622 328 2652 reanus,
350 2613 551 2645 Billidenses
571 2625 590 2645 α
610 2617 645 2645 et
661 2616 713 2645 sic
730 2617 795 2645 aut
815 2614 1059 2655 ‘Byllidenses⁷
1082 2613 1297 2645 ssellidenses
1316 2611 1412 2643 mss?
1552 2612 1673 2642 Aman-

190 2665 498 2705 tiniVascosanus,
520 2666 692 2697 Amathini
711 2677 731 2697 (ι
751 2670 784 2697 et
801 2668 854 2697 3ιό
872 2669 934 2697 aut
947 2665 1096 2697 Amatini
1114 2664 1236 2702 ‘triss.'‚·
1256 2664 1450 2696 Amantiani
1466 2664 1671 2694 Ci'aeeonz'as

189 2727 224 2747 u.
365 2716 405 2750 23
421 2715 540 2757 Epiros
559 2718 621 2757 ab,
643 2728 709 2749 non
725 2717 861 2759 Epirus.
1003 2717 1045 2749 24
1065 2716 1116 2747 his
1135 2727 1153 2747 α
1168 2727 1195 2756 e,
1218 2716 1261 2747 iis
1274 2716 1473 2756 Stephanus
1493 2725 1526 2744 η.

190 2767 231 2798 25
251 2771 346 2807 gesta
364 2768 425 2807 ab,
446 2772 562 2807 gestae
581 2779 614 2799 α.
779 2767 939 2799 Dirachio
960 2776 992 2797 α.
1146 2767 1275 2798 diurnis
1295 2777 1354 2797 seu
1376 2765 1616 2805 nocturnisque
1635 2774 1668 2804 a,

191 2819 321 2849 diurnis
339 2828 399 2849 seu
419 2819 593 2850 nocturnis
614 2820 643 2859 b,
665 2819 795 2852 diurnis
817 2819 1061 2861 nocturnisque
1081 2830 1110 2850 c.
1286 2818 1329 2853 26
1348 2818 1447 2850 simut
1468 2817 1671 2849 Oudendor-

186 2873 288 2911 pias,
311 2869 452 2901 simulac
471 2869 570 2901 codd.
592 2869 632 2901 P.
656 2870 729 2902 154.
