1835 3240
114 914 151 947 10

109 1589 152 1623 20

603 180 786 224 COMM.
810 181 848 223 Il
871 180 996 224 CAP.
1023 180 1218 224 19—22.
1662 182 1741 226 303

187 297 292 339 tendi
324 309 441 337 causa
471 302 773 349 processerant,
806 296 1059 346 arcessendi,
1093 295 1197 336 acies
1233 295 1488 345 instruenda,
1525 298 1667 338 milites

185 356 438 413 cohortandi,
481 363 638 416 signum
678 365 860 404 dandum.
926 361 1104 415 Quarum
1145 377 1275 403 rerum
1308 376 1487 415 magnam
1520 372 1667 416 partem
1689 366 1717 406 2

184 432 371 487 temporis
394 432 567 471 breuitas
591 439 627 472 et
651 445 860 471 successus
884 432 1052 471 hostium
1076 431 1316 486 inpediebat.
1375 429 1447 470 His
1471 431 1670 471 difficulta-
1693 432 1717 471 3

184 501 289 541 tibus
313 500 410 539 duae
432 514 495 539 res
520 507 631 539 erant
655 499 830 539 subsidio
846 531 856 548 ,
891 499 1057 539 scientia
1089 508 1204 552 atque
1227 513 1320 539 usus
1343 499 1506 539 militum
1527 528 1534 545 ,
1571 500 1672 553 quod

187 567 458 622 superioribus
490 567 650 620 proeliis
674 567 909 616 exercitati,
943 567 1034 620 quid
1066 567 1149 606 fieri
1173 573 1399 620 oporteret,
1432 580 1511 605 non
1542 566 1671 605 minus

183 636 385 676 commode
406 635 481 688 ipsi
503 634 577 674 sibi
600 635 895 687 praescribere,
922 649 1032 687 quam
1057 634 1103 673 ab
1128 635 1214 674 aliis
1239 635 1369 674 doceri
1392 640 1601 688 poterant,
1634 641 1674 673 et

185 704 287 758 quod
309 704 356 744 ab
393 715 510 756 opere
533 701 778 755 singulisque
800 702 1021 756 legionibus
1044 702 1220 755 singulos
1243 701 1394 756 legatos
1418 699 1571 741 Caesar
1593 700 1673 740 dis-

185 772 325 812 cedere
349 771 424 811 nisi
446 769 607 809 munitis
631 771 773 810 castris
803 777 1002 810 uetuerat.
1065 768 1119 809 Hi
1150 776 1310 823 propter
1342 769 1671 824 propinquitatem
1694 767 1721 807 4

184 846 224 879 et
245 839 488 879 celeritatem
523 837 691 878 hostium
723 839 819 878 nihil
851 838 927 878 iam
951 835 1140 877 Caesaris
1162 837 1367 892 imperium
1391 838 1671 892 expectabant,

183 908 252 948 sed
274 920 344 962 per
365 920 423 956 se,
448 919 547 958 quae
569 905 820 956 uidebantur,
846 905 1189 946 administrabant.
1250 902 1404 946 Caesar
1433 905 1672 946 necessariis
1694 904 1747 949 ,21

183 975 301 1015 rebus
324 974 526 1028 imperatis
549 974 595 1013 ad
619 974 882 1015 cohortandos
905 974 1066 1023 milites,
1092 988 1202 1026 quam
1222 974 1261 1013 in
1283 981 1431 1027 partem
1457 975 1538 1014 fors
1561 980 1674 1027 optu-

185 1043 245 1092 lit,
271 1042 495 1082 decucurrit
519 1049 556 1082 et
578 1043 624 1082 ad
647 1042 843 1096 legionem
866 1043 1067 1083 decumam
1090 1041 1263 1082 deuenit.
1313 1040 1465 1082 Milites
1489 1056 1566 1081 non
1590 1042 1673 1081 lon·
1695 1040 1722 1082 2

185 1110 295 1165 giore
318 1110 498 1150 oratione
522 1110 776 1158 cohortatus,
803 1125 916 1163 quam
938 1111 990 1150 uti
1015 1123 1110 1150 suae
1133 1110 1324 1164 pristinae
1346 1109 1505 1149 uirtutis
1528 1123 1674 1149 memo-

184 1179 284 1219 riam
315 1179 537 1218 retinerent
567 1192 644 1218 neu
675 1179 1002 1232 perturbarentur
1041 1179 1172 1219 animo
1206 1178 1454 1230 hostiumque
1487 1177 1673 1230 impetum

184 1246 340 1286 fortiter
372 1247 642 1296 sustinerent,
677 1247 776 1299 quod
799 1260 878 1286 non
900 1247 1054 1299 longius
1079 1247 1213 1286 hostes
1236 1246 1425 1295 aberant,
1461 1259 1574 1298 quam
1599 1259 1674 1297 quo
1697 1243 1721 1283 3

185 1313 303 1353 telum
327 1313 426 1353 adici
449 1320 608 1367 posset,
645 1314 781 1367 proelii
815 1315 1083 1355 committendi
1114 1315 1267 1368 signum
1300 1313 1419 1354 dedit.
1482 1313 1613 1365 Atque
1634 1313 1675 1352 in
1696 1313 1722 1353 4

186 1381 350 1421 alteram
372 1388 522 1434 partem
554 1382 648 1421 item
680 1382 911 1422 cohortandi
935 1396 1054 1422 causa
1086 1384 1288 1435 profectus
1319 1381 1584 1435 pugnantibus
1608 1395 1674 1420 oc-

187 1449 325 1488 currit.
391 1448 602 1502 Temporis
624 1455 733 1489 tanta
757 1450 829 1489 suit
852 1450 1051 1503 exiguitas
1074 1450 1321 1502 hostiumque
1344 1456 1421 1488 tam
1444 1455 1602 1502 paratus
1626 1448 1674 1488 ad
1696 1446 1720 1488 5

188 1516 449 1556 dimicandum
472 1517 640 1565 animus,
666 1525 708 1557 ut
730 1532 808 1558 non
832 1519 944 1557 modo
967 1518 1013 1557 ad
1036 1518 1208 1572 insignia
1230 1516 1578 1566 adcommodanda,
1606 1517 1675 1557 sed

184 1583 302 1623 etiam
325 1584 372 1624 ad
393 1584 528 1638 galeas
551 1584 767 1625 induendas
791 1586 992 1638 scutisque
1016 1586 1230 1639 tegimenta
1253 1583 1493 1625 detrudenda
1522 1591 1675 1638 tempus

186 1651 366 1691 defuerit.
413 1649 541 1703 Quam
566 1653 733 1708 quisque
756 1654 802 1693 ab
826 1667 945 1707 opere
966 1653 1006 1693 in
1030 1660 1180 1707 partem
1203 1667 1296 1693 casu
1319 1652 1480 1692 deuenit
1501 1665 1676 1705 quaeque
1697 1649 1724 1691 6

185 1719 309 1772 prima
331 1719 445 1772 signa
467 1720 702 1773 conspexit,
736 1722 782 1761 ad
816 1721 910 1761 haec
943 1722 1148 1771 constitit,
1181 1735 1230 1761 ne
1261 1721 1300 1760 in
1334 1720 1571 1773 quaerendis
1594 1720 1675 1760 suis

186 1787 384 1841 pugnandi
408 1794 559 1841 tempus
584 1787 815 1829 dimitteret.
848 1788 1050 1829 Instructo
1074 1789 1270 1838 exercitu,
1297 1788 1420 1841 magis
1444 1795 1486 1827 ut
1507 1787 1583 1827 loci
1606 1801 1674 1828 na·
1697 1787 1753 1831 22

186 1862 274 1895 tura
298 1855 550 1908 deiectusque
573 1857 683 1896 collis
707 1865 744 1897 et
768 1858 987 1898 necessitas
1012 1857 1199 1912 temporis
1215 1889 1224 1907 ,
1251 1871 1364 1911 quam
1388 1863 1431 1896 ut
1452 1856 1510 1895 rei
1533 1855 1676 1895 milita-

136 1932 149 1939 *
182 1923 238 1963 ris
260 1923 361 1963 ratio
384 1930 500 1976 atque
524 1925 619 1964 ordo
642 1925 889 1978 postulabat,
926 1940 1011 1966 cum
1045 1926 1212 1966 diuersis
1235 1925 1456 1980 legionibus
1479 1923 1579 1964 aliae
1601 1923 1677 1964 alia

187 1991 227 2030 in
249 1998 358 2045 parte
381 1991 557 2032 hostibus
578 1993 830 2044 resisterent,
856 1994 1091 2048 sepibusque
1115 1993 1360 2035 densissimis
1377 2024 1387 2044 ,
1418 1999 1462 2032 ut
1492 1998 1584 2032 ante
1608 1992 1675 2032 de-

333 2111 345 2143 1
369 2113 580 2145 arcessiendi
597 2114 644 2146 D.
807 2115 828 2149 2
846 2114 992 2157 signum]
1014 2115 1095 2147 tuba
1114 2116 1195 2148 add.
1218 2115 1253 2147 d.
1395 2114 1414 2146 3
1432 2118 1621 2155 temporum
1642 2114 1673 2145 b.

330 2173 511 2196 successus
530 2165 562 2197 A
580 2165 635 2206 (is
652 2176 699 2198 m.
724 2175 784 2207 pr.
805 2166 1013 2208 subcessus)
1032 2167 1103 2198 BD
1116 2167 1145 2199 E
1158 2192 1167 2209 ,
1196 2167 1354 2198 incursus
1375 2164 1470 2206 bef,·
1499 2166 1536 2195 in
1555 2164 1586 2196 B
1603 2175 1672 2196 see.

183 2224 230 2245 m.
251 2219 286 2246 et
303 2212 461 2247 incursus
480 2220 750 2259 suprascripsit.
870 2219 1068 2261 inpediebat
1085 2219 1127 2251 B.
1256 2219 1275 2251 9
1295 2217 1524 2260 expectabant
1542 2217 1572 2248 B
1585 2216 1651 2249 CD
1665 2242 1673 2256 ,

188 2266 434 2308 exspectabant
452 2266 621 2308 (AE)e,·
642 2269 845 2311 spectabant
865 2269 923 2310 bs.
1068 2270 1108 2302 10
1129 2269 1338 2301 necessariis
1356 2278 1465 2309 supra
1484 2278 1595 2309 vers„
1615 2268 1678 2299 secl

187 2328 232 2350 m.
250 2329 321 2361 pr„
342 2318 385 2350 B.
569 2320 606 2352 11
630 2320 701 2352 fors
719 2321 751 2352 A
764 2320 823 2362 (B)
840 2321 1006 2361 CD(E),·
1025 2331 1100 2353 sors
1120 2321 1174 2363 es.
1346 2319 1470 2362 optulit
1487 2320 1529 2351 B.

332 2371 374 2406 12
393 2371 592 2404 decucurrit
609 2373 642 2406 A
656 2372 717 2415 (B)
734 2372 854 2414 C(E),
885 2373 1040 2404 decurrit
1057 2374 1095 2415 s.
1331 2371 1507 2403 decumam
1525 2371 1557 2402 D
1577 2374 1611 2402 et
1628 2381 1675 2402 m.

184 2431 242 2463 pr.
262 2421 347 2454 AB.
568 2424 609 2457 13
628 2424 828 2456 cohortatus
855 2425 931 2457 AB
944 2426 974 2457 D
989 2424 1048 2467 (E)
1069 2428 1165 2457 ιηιεε.
1187 2424 1252 2465 14’,
1273 2428 1326 2456 est
1344 2424 1544 2456 cohortatus
1567 2423 1685 2465 C?es

189 2475 223 2503 et
239 2482 282 2504 m.
299 2483 368 2505 sec.
388 2474 431 2506 B.
573 2476 613 2508 15
634 2485 732 2518 quam
752 2475 840 2518 quod
859 2475 963 2507 telum
982 2476 1017 2508 d.
1177 2475 1216 2508 16
1235 2475 1341 2516 (adici
1359 2477 1510 2517 praeter
1526 2474 1557 2506 B
1576 2474 1674 2506 ‘mss.

191 2524 242 2560 9¹)
269 2525 358 2566 adigi
386 2526 427 2566 d,
455 2527 546 2559 abici
566 2528 597 2560 b.
786 2527 828 2560 17
846 2526 966 2570 eausa]
996 2527 1122 2569 ‘gratia
1144 2527 1172 2560 C
1187 2537 1348 2569 suprasc.
1369 2525 1499 2558 causa’.

190 2574 340 2607 occurrit
356 2586 424 2608 om.
444 2578 488 2608 A.
608 2578 649 2611 19
668 2577 959 2609 adcommodanda
979 2588 1027 2610 m.
1041 2588 1102 2621 pr.
1123 2578 1166 2610 B.
1268 2577 1312 2611 20
1332 2577 1543 2609 inducendas
1561 2577 1635 2609 AB
1649 2578 1676 2609 C

192 2625 262 2657 DE
275 2626 292 2657 b
305 2628 360 2669 es.
455 2634 694 2672 scutorumque
713 2640 875 2672 suprasc.
898 2632 935 2662 in
946 2631 990 2662 A.
1077 2629 1288 2662 detrudendo
1305 2629 1376 2661 AB
1394 2629 1426 2661 ‘9
1441 2628 1539 2666 alis,
1562 2629 1676 2660 detra-

192 2676 303 2707 henda
327 2677 418 2719 (Es)
436 2680 570 2721 reliqui
581 2681 747 2723 plerique
765 2684 803 2712 et
817 2692 864 2713 m.
885 2691 954 2712 sec.
971 2683 1016 2715 B.
1120 2681 1160 2715 21
1182 2679 1223 2711 ab
1243 2690 1344 2722 opere
1363 2680 1395 2711 in
1415 2685 1545 2722 partem
1563 2680 1636 2712 AB
1650 2679 1677 2711 C

192 2726 337 2784 DIQf,
356 2728 389 2760 in
407 2736 536 2771 partem
556 2732 595 2763 ab
616 2742 717 2774 opere
742 2743 778 2764 u.
885 2743 1018 2776 quaque
1032 2734 1064 2765 b.
1175 2733 1219 2769 22
1237 2733 1334 2774 sigua
1346 2733 1453 2775 prima
1468 2733 1485 2764 b
1499 2743 1527 2763 c.

193 2788 233 2809 ne
253 2789 285 2809 in
299 2781 490 2821 quaerendo
511 2792 589 2814 suos
608 2793 636 2823 e,
658 2793 698 2814 ne
717 2784 920 2825 inquirendo
940 2794 1020 2816 suos
1033 2785 1049 2815 b
1062 2784 1120 2826 ef.
1307 2784 1350 2818 24
1371 2783 1676 2825 delectusqucAB

197 2830 223 2860 (Ἰ
235 2829 266 2860 D
284 2840 305 2861 α
317 2830 334 2861 b
346 2840 374 2861 c.
491 2831 533 2865 25
553 2832 699 2865 diuersis
719 2834 910 2874 legionibus
930 2836 1003 2867 AB
1016 2836 1084 2868 CD
1097 2836 1115 2866 b
1128 2846 1145 2866 e
1163 2845 1282 2866 omnes
1302 2834 1517 2867 Schneider-c
1526 2837 1676 2875 praeter

196 2891 304 2913 unum
321 2880 417 2923 det„
444 2881 589 2916 diuersis
609 2884 694 2916 locis
713 2884 864 2926 legiones
883 2895 918 2917 u.
1043 2886 1086 2921 26
1107 2885 1326 2928 sepibusque]
1346 2885 1570 2926 sentibusque
1593 2885 1633 2916 C.
