1835 3240
99 158 181 200 320
626 154 701 196 DE
731 153 921 197 BELLO
946 152 1196 197 GALLlCO

175 269 301 310 omnis
324 266 488 309 Gallicis
518 268 682 308 nauibus
716 282 805 322 spes
836 268 875 307 in
906 267 1005 307 uelis
1035 269 1365 322 armamentisque
1397 269 1648 320 consisteret,

126 338 153 379 8
178 338 237 379 his
261 336 404 391 ereptis
428 336 552 376 omnis
577 350 668 375 usus
691 335 848 374 nauium
871 348 947 373 uno
969 340 1145 388 tempore
1168 336 1401 389 eriperetur.
1441 336 1649 390 Reliquum

176 413 262 447 erat
284 412 483 446 certamen
507 404 674 457 positum
697 402 736 441 in
759 402 919 450 uirtute,
945 416 1019 454 qua
1042 403 1168 442 nostri
1190 403 1332 444 milites
1355 405 1467 445 facile
1490 419 1650 458 supera-

173 475 284 524 bant,
310 480 426 525 atque
450 486 494 511 eo
519 470 657 523 magiS,
683 470 783 521 quod
806 469 845 508 in
867 477 1077 522 conspectu
1096 468 1283 510 Caesaris
1306 478 1422 524 atque
1444 473 1568 513 omnis
1584 487 1655 513 ex-

174 542 320 583 ercitus
342 554 405 580 res
427 537 660 592 gerebatur,
694 543 736 576 ut
764 537 911 577 nullum
942 538 1057 591 paulo
1089 538 1228 578 fortius
1253 539 1393 578 sactum
1416 539 1538 580 latere
1559 554 1649 593 pos-

126 609 154 651 9
175 617 261 660 set,
297 620 429 648 omnes
461 605 564 645 enim
586 604 705 644 colles
727 618 773 644 ac
794 605 880 644 loca
902 605 1106 659 superiora
1122 636 1132 656 ,
1167 606 1269 646 unde
1302 612 1388 645 erat
1416 607 1652 659 propinquus

99 678 154 722 15
178 678 384 730 despectus
407 673 447 713 in
469 686 592 720 mare,
617 672 664 712 ab
687 673 868 712 exercitu
890 673 1139 713 tenebantur.
1170 672 1377 723 Disiectis,
1405 680 1442 713 ut
1466 673 1650 726 diximus,

175 742 393 790 antemnis,
426 754 514 779 cum
550 740 724 793 singulas
756 740 871 780 binae
903 755 947 780 ac
978 748 1116 781 ternae
1147 754 1269 781 naues
1292 742 1651 792 circumsteterant,

173 811 317 851 milites
348 821 499 848 summa
529 808 566 847 ui
598 810 883 848 transceudere
914 809 953 848 in
987 809 1153 848 hostium
1186 823 1307 849 naues
1348 809 1651 849 contendebant.

127 880 155 922 2
178 877 288 931 Quod
313 883 513 930 postquam
537 875 694 916 barbari
717 877 801 916 fieri
824 877 1213 926 animaduerterunt,
1240 876 1474 929 expugnatis
1498 877 1656 931 conplu-
1687 884 1727 917 10

174 946 282 987 ribus
306 944 488 993 nauibus,
514 958 599 983 cum
622 944 657 983 ei
679 944 738 983 rei
761 944 910 984 nullum
933 945 1176 998 reperiretur
1197 944 1411 993 auxilium,
1439 945 1526 998 fuga
1550 945 1657 984 salu-

129 1015 153 1055 3
176 1021 253 1054 tem
277 1019 411 1068 petere
432 1012 734 1051 contenderunt.
787 1011 848 1051 Ac
879 1012 955 1051 iam
979 1012 1182 1052 conuersis
1205 1011 1244 1050 in
1268 1025 1350 1052 eam
1374 1018 1524 1064 partem
1545 1012 1655 1052 naui-

174 1081 247 1121 bus
264 1111 275 1131 ,
301 1094 375 1134 quo
398 1086 540 1120 uentus
563 1079 738 1128 ferebat,
764 1087 873 1119 tanta
894 1080 1022 1119 subito
1045 1079 1209 1120 malacia
1233 1092 1278 1118 ac
1302 1080 1563 1131 tranquillitas
1587 1092 1658 1119 ex-

126 1148 153 1188 4
177 1149 270 1196 titit,
296 1155 338 1188 ut
359 1161 401 1188 se
425 1162 477 1188 ex
498 1147 583 1187 loco
606 1161 854 1187 commouere
877 1162 953 1187 non
978 1154 1153 1201 possent.
1211 1144 1322 1198 Quae
1345 1147 1498 1199 quidem
1520 1160 1587 1187 res
1610 1147 1658 1186 ad

132 1215 157 1257 5
180 1216 380 1269 negotium
404 1215 686 1255 conficiendum
709 1215 880 1255 maxime
904 1216 974 1255 suit
996 1221 1241 1268 opportuna:
1278 1228 1366 1254 nam
1390 1214 1565 1267 singulas
1587 1227 1657 1253 no-
1689 1221 1728 1254 15

172 1284 244 1324 stri
267 1283 483 1323 consectati
506 1289 849 1336 expugnauerunt,
875 1289 916 1322 ut
938 1296 1154 1336 perpaucae
1178 1296 1230 1321 ex
1252 1282 1354 1321 omni
1386 1294 1550 1321 numero
1587 1295 1658 1321 no-

175 1351 248 1390 ctis
280 1351 505 1390 interuentu
539 1351 584 1389 ad
619 1357 764 1390 terram
788 1350 1067 1402 peruenerint,
1106 1364 1192 1389 cum
1216 1349 1262 1389 ab
1286 1349 1382 1389 liora
1416 1349 1498 1388 sere
1521 1355 1660 1401 quarta

98 1418 152 1463 16
172 1431 297 1471 usque
318 1417 366 1458 ad
388 1418 483 1457 solis
506 1431 686 1457 occasum
710 1424 967 1470 pugnaretur.
1027 1414 1116 1469 Quo
1147 1416 1295 1470 proelio
1318 1416 1458 1456 bellum
1482 1414 1658 1455 Veneto-

126 1486 261 1528 2rum
283 1485 484 1538 totiusque
507 1499 599 1525 orae
631 1485 863 1525 maritumae
896 1486 1114 1525 confectum
1138 1491 1213 1524 est.
1274 1483 1380 1524 Nam
1415 1497 1498 1522 cum
1532 1483 1658 1523 omnis

175 1554 377 1602 iuuentus,
403 1566 538 1592 omnes
562 1552 678 1592 etiam
702 1553 898 1606 grauioris
921 1552 1061 1592 aetatis
1078 1583 1088 1601 ‚
1112 1553 1152 1592 in
1176 1551 1314 1605 quibus
1337 1550 1483 1603 aliquid
1506 1550 1659 1591 consilii
1689 1558 1733 1592 20

175 1629 243 1662 aut
265 1621 466 1675 dignitatis
490 1621 577 1670 fuit,
603 1634 648 1660 eo
663 1626 949 1669 conuenerant,
975 1628 1052 1660 tum
1069 1620 1226 1660 nauium
1240 1619 1342 1672 quod
1365 1617 1506 1671 ubique
1528 1619 1658 1658 fuerat

129 1688 155 1729 3
176 1690 215 1729 in
238 1703 358 1728 unum
380 1688 507 1728 locum
522 1693 760 1739 co'e'gerant3
786 1688 922 1740 quibus
945 1687 1099 1727 amissis
1121 1687 1262 1740 reliqui
1285 1700 1411 1739 neque
1433 1700 1509 1738 quo
1532 1698 1575 1725 se
1596 1698 1659 1725 re-

179 1758 356 1811 ciperent
371 1788 381 1807 ,
425 1770 552 1808 neque
593 1756 914 1808 quemadmodum
950 1755 1088 1809 oppida
1120 1755 1403 1803 defenderent,
1446 1752 1655 1793 habebant,

128 1826 155 1867 4
176 1823 312 1878 Itaque
334 1838 376 1864 se
398 1837 546 1877 suaque
569 1824 698 1863 omnia
721 1820 886 1863 Caesari
910 1823 1155 1863 dediderunt.
1218 1820 1263 1862 In
1294 1835 1390 1874 quos
1422 1835 1468 1861 eo
1499 1821 1658 1875 grauius

178 1889 331 1934 Caesar
351 1892 627 1932 uindicandum
650 1891 811 1941 statuit,
847 1905 921 1945 quo
944 1890 1170 1944 diligentius
1192 1890 1230 1929 in
1253 1889 1442 1942 reliquum
1469 1896 1618 1942 tempus
1641 1902 1661 1928 a
1691 1896 1733 1931 25

1681 548 1699 579 ιη

321 2076 339 2108 3
360 2074 483 2118 nostri]
504 2075 567 2107 nisi
583 2085 641 2117 pr.
660 2085 708 2107 m.
728 2075 770 2107 B.
911 2074 929 2106 5
949 2074 1156 2115 gerebantur
1174 2084 1249 2105 cum
1266 2075 1400 2114 puncto
1418 2072 1482 2103 sub
1502 2083 1519 2103 n
1540 2072 1580 2103 B.

176 2128 290 2171 paullo
309 2128 383 2170 (B).
524 2128 542 2160 7
563 2127 703 2159 deiectis
721 2137 763 2166 a‚·
783 2126 889 2167 igitur
906 2125 987 2157 add.
1013 2126 1053 2158 C.
1172 2125 1192 2157 8
1211 2135 1249 2156 ac
1265 2125 1325 2166 (B)
1342 2124 1369 2155 C
1384 2134 1400 2154 e
1415 2122 1478 2165 (s)
1498 2122 1657 2163 ‘omnes-⁷,-

178 2179 283 2220 etl),
304 2183 363 2210 aut
380 2179 421 2210 E.
562 2179 858 2210 circumsisterent
878 2178 895 2209 b
910 2178 1009 2219 ces,
1030 2177 1342 2217 circumsisterant,
1363 2179 1404 2207 ut
1420 2176 1658 2207 Aolzav'ntrius

175 2231 311 2272 refert,
340 2231 392 2272 B,
418 2241 484 2273 pro
510 2241 579 2272 quo
597 2241 618 2263 a
635 2230 1027 2273 appellandumfizz‘sse
1053 2233 1090 2261 et
1114 2230 1276 2273 Beyerlz'i
1300 2229 1487 2260 silentium.
1512 2231 1547 2260 et
1570 2231 1660 2260 scri-

172 2285 285 2323 ptura
305 2282 544 2323 bcefclocet.
784 2281 825 2313 10
844 2281 917 2312 fieri
935 2292 1004 2313 om.
1026 2282 1056 2313 b.
1276 2281 1593 2313 animaduerterant
1608 2279 1654 2311 D.

321 2333 539 2375 conpluribus
558 2333 598 2364 B.
741 2332 778 2365 11
801 2333 1039 2375 repperiretur
1055 2332 1098 2365 B.
1229 2333 1270 2366 12
1288 2331 1540 2364 contendebant
1559 2331 1576 2361 b
1590 2331 1654 2373 cf.

321 2385 362 2417 13
382 2384 460 2426 quo]
480 2385 513 2416 in
534 2395 631 2426 quam
650 2385 755 2427 eset
769 2395 837 2415 sec.
855 2395 902 2416 m.
925 2385 957 2416 b.
1104 2383 1250 2416 malacia
1266 2385 1298 2415 B
1316 2383 1465 2424 (diserto
1488 2383 1655 2422 testim),

176 2436 317 2469 malatia
335 2435 385 2475 A,
406 2435 541 2467 malicia
562 2436 691 2476 CDE5
710 2435 874 2466 mollities
894 2436 911 2466 b
932 2438 968 2466 et
985 2435 1125 2477 comus.
1312 2432 1428 2464 extitit
1445 2432 1489 2464 B.

179 2488 220 2520 14
237 2496 375 2518 mouere
397 2486 478 2518 bed
495 2489 549 2527 et,
570 2488 634 2527 qui
649 2488 732 2517 ante
751 2496 793 2517 ex
810 2485 885 2516 loeo
899 2487 1027 2526 ponit,
1050 2486 1088 2526 s.
1253 2484 1292 2515 15
1310 2484 1479 2515 maximae
1500 2483 1518 2514 b
1534 2482 1585 2514 ed
1601 2482 1657 2522 (de

176 2550 244 2582 quo
266 2537 515 2579 Oztclendorpz'o
544 2538 757 2579 rofi-agatur
774 2536 928 2577 eoeempl.
946 2535 1073 2576 Fabr.)
1093 2536 1196 2577 eset
1212 2544 1258 2565 m.
1278 2543 1334 2575 pr.
1354 2534 1397 2566 B.
1538 2543 1658 2575 oppor-

175 2589 316 2623 tunitati
337 2588 497 2630 hedes,
516 2588 578 2619 sed
594 2589 651 2619 lzz‘e
670 2586 906 2630 oportunitati‚
927 2590 970 2618 ut
986 2591 1152 2628 oportuna
1168 2585 1292 2617 ABD.
1411 2585 1450 2617 16
1469 2585 1592 2617 sectati
1609 2584 1655 2616 D.

322 2641 361 2673 17
380 2639 602 2681 peruenirent
622 2639 683 2680 bf.
826 2641 947 2679 quarta
964 2636 1055 2676 AE,
1074 2647 1125 2668 1111
1143 2646 1304 2678 suprasc.
1324 2636 1398 2677 as,
1418 2646 1452 2667 ιν
1473 2635 1548 2677 (Β).

179 2693 221 2726 18
239 2692 326 2735 quod
345 2692 475 2734 proelio
489 2701 550 2733 pr.
569 2701 617 2723 m.
636 2691 678 2722 B.
801 2689 839 2721 19
858 2689 963 2721 totius
981 2693 1066 2721 ante
1084 2689 1257 2731 totiusque
1274 2688 1357 2720 add.
1374 2698 1430 2729 pr.
1450 2699 1497 2720 m.
1514 2688 1557 2720 B.

177 2746 379 2778 maritumae
398 2744 429 2776 B
444 2744 489 2776 D.
605 2742 648 2777 20
667 2742 826 2773 inuentus
843 2751 890 2772 m.
905 2750 963 2782 pr.
985 2741 1026 2772 B.
1161 2740 1337 2782 grauiores
1357 2743 1393 2771 et
1407 2751 1476 2772 sec.
1495 2750 1543 2771 m.
1563 2744 1655 2772 etate

178 2808 285 2840 super
301 2796 426 2829 aetatis
444 2796 487 2828 B.
628 2795 672 2830 22
687 2804 787 2826 unum
806 2793 839 2825 in
858 2793 1015 2835 locums.
1156 2794 1200 2828 24
1218 2792 1380 2824 dedirunt
1396 2802 1441 2824 m.
1457 2801 1517 2835 pr.
1537 2791 1579 2823 B.

178 2850 221 2884 25
241 2848 319 2892 quo]
339 2848 426 2891 quod
448 2847 480 2880 D
500 2846 530 2878 b.
