1835 3240
109 147 190 190 354
640 149 714 191 DE
744 149 934 193 BELLO
959 149 1209 194 GALLICO

188 261 240 301 tia
261 260 393 315 uigilia
424 261 471 301 ad
501 262 635 303 hostes
658 263 858 303 contendit
879 277 925 302 eo
949 263 1076 303 minus
1098 265 1248 305 ueritus
1271 266 1434 307 nauibus
1451 297 1461 317 ,
1495 268 1595 321 quod
1623 269 1662 309 in

185 329 302 369 litore
313 328 549 384 molliatque
563 336 696 383 aperto
720 330 909 383 deligatas
931 330 979 369 ad
1001 343 1185 370 ancoram
1203 333 1466 389 relinquebat,
1491 343 1529 376 et
1550 350 1662 390 prae-

136 395 164 438 2
185 396 285 437 sidio
318 397 562 453 nauibusque
592 395 781 448 Quintum
805 397 961 436 Atrium
986 398 1185 450 praefecit.
1228 396 1318 452 Ipse
1340 408 1458 441 noctu
1480 416 1663 457 progres-

138 463 163 505 3
185 478 252 505 sus
275 465 380 505 milia
402 478 584 518 passuum
608 464 770 503 circiter
790 470 855 503 XII
878 464 1046 504 hostium
1069 464 1200 518 copias
1224 467 1471 519 conspicatus
1493 478 1570 511 est.
1599 469 1661 511 Illi

185 532 358 585 equitatu
381 538 496 583 atque
519 531 668 570 essedis
699 531 746 570 ad
776 531 918 571 flumen
941 533 1139 586 progressi
1163 547 1215 572 ex
1237 533 1322 573 loco
1354 537 1557 588 superiore
1588 553 1658 578 no-

136 599 163 640 4
183 607 288 641 stros
329 599 534 652 prohibere
567 604 605 637 et
635 598 824 651 proelium
856 600 1103 640 committere
1125 608 1355 653 coeperunt.
1420 602 1583 656 Repulsi
1614 605 1661 646 ab

183 667 357 720 equitatu
379 679 422 705 se
454 664 492 704 in
515 664 636 705 siluas
659 666 893 706 abdiderunt
913 667 1041 707 locum
1063 667 1196 707 nancti
1219 668 1377 721 egregie
1400 675 1440 708 et
1460 677 1599 711 natura
1622 679 1661 712 et

181 749 299 790 opere
319 732 509 773 munitum
525 762 536 781 ,
571 747 684 785 quem
707 733 910 774 domestici
931 734 1022 774 belli
1037 765 1048 783 ,
1081 742 1124 774 ut
1146 734 1399 785 uidebantur,
1435 750 1554 777 causa
1582 738 1659 778 iam

134 803 158 844 5
180 810 271 844 ante
294 807 650 855 praeparauerant:
677 815 764 840 nam
777 801 926 842 crebris
949 802 1155 842 arboribus
1177 803 1344 843 succisis
1365 816 1500 844 omnes
1521 804 1659 846 introi-

134 869 160 910 6
181 878 244 912 tus
268 874 382 910 erant
403 868 614 921 praeclusi.
667 867 746 922 Ipsi
779 883 831 909 ex
860 869 971 910 siluis
1002 870 1083 910 rari
1105 871 1405 925 propugnabant
1426 878 1661 926 nostrosque

131 938 158 979 7
180 938 280 977 intra
304 935 541 976 munitiones
563 936 716 990 ingredi
739 937 1011 990 prohibebant.
1042 937 1098 977 At
1118 938 1261 978 milites
1282 938 1450 992 legionis
1472 939 1660 993 septimae

179 1004 378 1045 testudine
410 1004 513 1043 facta
542 1009 581 1044 et
609 1017 753 1057 aggere
785 1005 833 1044 acl
862 1004 1100 1045 munitiones
1130 1006 1282 1046 adiecto
1314 1006 1439 1046 locum
1472 1014 1662 1060 ceperunt

131 1071 157 1113 8
180 1086 326 1125 eosque
358 1085 410 1111 ex
430 1070 541 1110 siluis
564 1071 801 1124 expulerunt
822 1072 954 1126 paucis
977 1072 1206 1113 uulneribus
1230 1073 1416 1127 acceptis.
1479 1071 1560 1114 Sed
1590 1087 1658 1114 eos

178 1140 375 1193 fugientes
404 1138 561 1191 longius
591 1135 743 1179 Caesar
773 1140 957 1193 prosequi
987 1141 1138 1188 uetuit,
1172 1147 1212 1181 et
1242 1142 1342 1193 quod
1374 1140 1450 1181 loci
1479 1148 1658 1181 naturam

177 1207 413 1261 ignorabat,
452 1213 489 1246 et
511 1207 611 1259 quod
633 1222 772 1260 magna
795 1215 904 1260 parte
927 1207 1004 1247 diei
1027 1215 1257 1261 consumpta
1279 1208 1488 1248 munitioni
1510 1216 1660 1249 castro-

101 1275 158 1319 10
180 1289 267 1315 rum
293 1281 443 1328 tempus
465 1274 634 1329 relinqui
656 1275 826 1315 uolebat.
889 1274 1091 1315 Postridie
1122 1275 1205 1315 eius
1229 1275 1303 1315 diei
1326 1289 1438 1316 mane
1461 1275 1658 1330 tripertito

176 1342 319 1382 milites
343 1343 571 1394 equitesque
592 1342 632 1381 in
646 1342 935 1395 expeditionem
948 1342 1069 1392 misit,
1093 1349 1136 1382 ut
1153 1356 1237 1392 eos,
1262 1343 1327 1395 qui
1348 1344 1546 1396 fugerant,
1571 1356 1660 1396 per—

128 1408 155 1449 2
177 1417 452 1465 sequerentur.
497 1408 571 1449 His
594 1409 833 1462 aliquantum
855 1409 1010 1449 itineris
1033 1410 1270 1463 progressis,
1297 1424 1384 1450 cum
1399 1410 1474 1450 iam
1489 1410 1658 1450 extremi

178 1484 313 1518 essent
332 1477 372 1517 in
394 1484 618 1531 prospectu,
644 1477 793 1530 equites
818 1490 839 1516 a
853 1474 1000 1529 Quinto
1014 1476 1130 1517 Atrio
1145 1477 1192 1517 ad
1206 1474 1420 1518 Caesarem
1443 1484 1656 1528 uenerunt,

176 1546 239 1599 qui
261 1546 490 1586 nuntiarent
518 1544 722 1598 superiore
754 1552 872 1585 nocte
901 1559 1087 1584 maxuma
1116 1552 1253 1585 coorta
1286 1552 1518 1599 tempestate
1540 1559 1658 1598 prope

175 1628 311 1655 omnes
335 1627 456 1654 naues
480 1613 656 1653 adflictas
679 1620 795 1666 atque
817 1613 857 1653 in
879 1613 995 1653 litore
1019 1613 1166 1653 eiectas
1189 1626 1292 1662 esse,
1318 1613 1420 1666 quod
1442 1626 1567 1665 neque
1588 1627 1656 1653 an—

175 1696 293 1723 corae
324 1683 515 1734 funesque
546 1681 832 1729 subsisterent,
866 1694 992 1733 neque
1023 1687 1165 1720 nautae
1193 1680 1556 1735 gubernatoresque
1579 1680 1655 1720 uim

127 1751 152 1792 3
177 1749 420 1804 tempestatis
443 1749 522 1802 pati
544 1755 733 1802 possent:
768 1748 899 1801 itaque
934 1761 986 1787 ex
1007 1761 1053 1787 eo
1076 1761 1271 1788 concursu
1293 1747 1451 1788 nauium
1473 1761 1656 1802 magnum

97 1819 148 1863 11
171 1832 259 1859 esse
280 1816 566 1857 incommodum
588 1822 806 1869 acceptum.
870 1815 942 1855 His
973 1815 1091 1855 rebus
1114 1815 1282 1868 cognitis
1305 1812 1456 1855 Caesar
1476 1815 1655 1869 legiones

175 1885 466 1939 equitatumque
486 1883 670 1924 reuocari
693 1890 807 1936 atque
829 1883 870 1923 in
891 1883 1034 1923 itinere
1055 1883 1245 1923 resistere
1266 1882 1388 1932 iubet,
1413 1882 1496 1935 ipse
1519 1883 1566 1922 ad
1589 1896 1657 1922 na-

125 1953 152 1996 2
174 1952 496 2001 uesreuertitur3
522 1950 656 1991 eadem
670 1951 767 1999 fere,
794 1964 891 2004 quae
906 1964 957 1990 ex
979 1950 1127 1990 nuntiis
1150 1950 1370 2003 litterisque
1394 1957 1652 2003 cognouerat,

174 2034 306 2061 coram
328 2018 530 2073 perspicit,
555 2018 611 2058 sic
635 2025 677 2058 ut
698 2018 854 2058 amissis
876 2018 1035 2058 circiter
1055 2025 1116 2057 XL
1139 2018 1303 2058 nauibus
1324 2017 1499 2071 reliquae
1523 2025 1655 2058 tamen

125 2088 150 2129 3
172 2088 283 2129 refici
304 2100 422 2141 posse
443 2100 583 2141 magno
605 2086 765 2140 negotio
788 2086 1032 2126 uiderentur.
1094 2084 1232 2138 Itaque
1262 2099 1315 2125 ex
1344 2085 1565 2138 legionibus
1597 2087 1655 2125 sa-

124 2156 151 2197 4
171 2156 264 2196 bros
286 2154 422 2207 deligit
444 2161 480 2193 et
504 2167 558 2194 ex
580 2154 795 2194 continenti
818 2153 917 2194 alios
939 2153 1091 2194 arcessi
1122 2152 1253 2205 iubet3
1288 2151 1469 2192 Labieno
1500 2153 1651 2202 scribit,

314 2276 335 2308 2
354 2283 511 2305 ancoram
531 2274 580 2314 B,
605 2274 799 2306 ‘anchoram
817 2285 901 2306 mss.
918 2274 1068 2316 plurimi
1084 2276 1120 2304 et
1135 2273 1324 2313 melz‘ores'5
1345 2282 1488 2304 ancoras
1508 2284 1537 2304 e.

171 2328 190 2360 3
210 2327 353 2359 nauibus
372 2326 473 2358 codd.
494 2329 532 2357 et
546 2326 624 2358 edd.
643 2327 681 2358 P.
706 2326 761 2358 78.
913 2325 1073 2367 Quintum
1091 2326 1142 2365 B,
1166 2324 1206 2367 Q.
1227 2335 1261 2356 u.
1425 2324 1443 2357 7
1463 2324 1578 2355 nancti
1600 2325 1648 2363 (',

171 2380 262 2411 nacti
281 2389 316 2410 u.
491 2379 511 2410 8
530 2379 736 2410 uidebantur
754 2378 783 2409 B
803 2378 898 2409 “ms-s.
921 2378 963 2418 5’,
984 2378 1166 2409 uidebatur
1184 2388 1218 2408 u.
1386 2376 1426 2410 12
1445 2380 1479 2408 et
1497 2386 1565 2408 om..
1589 2376 1606 2406 b
1620 2387 1650 2408 c.

313 2429 516 2461 monitiones
535 2429 578 2460 B.
730 2429 767 2461 16
788 2429 959 2470 tripertito
978 2428 1011 2460 A
1026 2428 1072 2468 C,
1094 2438 1165 2459 uon
1183 2426 1369 2469 tripartito.
1535 2426 1574 2459 17
1594 2427 1654 2458 mi-

169 2483 230 2514 lite
249 2482 321 2513 ΑΒ
337 2480 375 2512 C.
519 2480 558 2512 18
578 2480 620 2511 iis
639 2480 850 2522 aliquantum
872 2482 912 2513 Β.
1041 2481 1081 2513 19
1101 2480 1225 2523 Quinto
1243 2482 1293 2520 Β,
1316 2479 1355 2522 Q.
1375 2489 1410 2511 u.
1538 2480 1650 2522 Atrio]

170 2533 303 2566 Titurio
324 2534 355 2565 b.
495 2533 538 2567 20
557 2542 714 2564 maxuma
735 2534 776 2564 B.
915 2533 1057 2565 cohor-ta
1075 2533 1117 2565 B.
1257 2533 1296 2567 21
1319 2531 1474 2563 adflictas
1493 2532 1535 2563 B.

170 2588 203 2618 in
223 2586 303 2617 litus
322 2584 440 2616 bede.
593 2594 739 2616 ancorae
756 2586 805 2625 B,
828 2595 897 2617 non
916 2585 1101 2616 anchorae.
1282 2586 1324 2619 22
1344 2583 1524 2626 funesque]
1544 2594 1650 2626 neque

172 2638 271 2671 funes
292 2638 323 2669 b.
455 2636 522 2667 uim
542 2637 756 2678 tempestatis
775 2637 845 2679 pati
863 2637 920 2668 Be
939 2636 1016 2668 edd.
1037 2639 1122 2668 ante
1141 2647 1184 2676 τι,
1205 2637 1273 2668 uim
1292 2636 1361 2678 pati
1380 2637 1592 2677 tempestatis
1612 2647 1646 2667 u.

313 2690 355 2723 2¹1
377 2688 496 2730 ‘equit.
517 2697 591 2719 reu.
612 2693 645 2719 et
662 2689 728 2728 leg.
750 2688 792 2720 b’:
812 2697 976 2720 reuocare
994 2688 1038 2721 A.
1180 2689 1221 2721 25
1242 2689 1274 2720 in
1295 2688 1417 2720 itinere
1438 2687 1601 2719 resistere
1620 2688 1650 2719 B

174 2744 270 2774 ‘mss.
284 2740 475 2783 plerz'que',
497 2740 619 2771 itinere
639 2741 809 2773 desistere
828 2741 846 2772 b
859 2740 950 2772 ede.
1092 2740 1134 2775 26
1153 2741 1281 2773 litteris
1301 2745 1509 2781 cognouerat
1528 2740 1558 2771 b.

169 2794 210 2826 27
232 2792 396 2835 prespicit
413 2791 462 2831 B,
483 2790 668 2832 praespicit
685 2792 730 2823 D.
962 2792 1003 2826 29
1023 2791 1127 2831 deligi
1147 2803 1163 2822 e
1177 2817 1184 2827 ,
1207 2791 1333 2833 delegit
1353 2802 1396 2823 ex
1417 2792 1434 2823 b
1455 2794 1492 2823 et
1507 2789 1650 2832 aliquot

170 2843 257 2875 dett.
278 2854 314 2876 u.
455 2843 587 2875 arcessi
603 2843 657 2874 Be
678 2842 874 2886 ‘pler-z'que',
896 2843 1057 2875 arcessiri
1079 2844 1170 2876 bed.

1693 881 1733 914 10

1693 1217 1733 1250 15

1689 1552 1732 1585 ‘20

1687 1890 1729 1924 25
