1835 3240
700 179 1099 221 ...nm—-

158 308 275 335 unum
306 292 367 335 M,
392 290 611 341 Catonem,
644 290 690 331 de
722 304 795 344 quo
827 306 863 331 c.
887 290 942 332 87
963 304 1046 344 sqq.
1079 292 1165 332 sine
1195 294 1439 348 malignitate
1468 297 1636 338 relatum

157 370 244 412 est,
278 375 412 402 omnes
443 358 702 400 contumeliae
734 358 1006 398 conferuntur.
1049 357 1126 399 Hic
1148 356 1362 402 Considius
1392 377 1435 404 se
1461 364 1507 405 ad
1530 365 1637 406 sani-

158 438 277 471 tatem
300 428 456 484 perduci
478 440 555 466 non
578 425 738 479 patitur,
770 431 812 464 ut
833 422 1000 465 Caesari
1031 426 1257 468 aduenienti
1280 427 1534 471 Adrumetum
1558 439 1638 473 tra-

156 498 222 538 dat
253 496 320 549 (4,
357 496 421 547 1);
457 491 608 534 Caesar
637 492 851 533 miseratur
878 499 988 533 tanta
1020 493 1197 534 homines
1231 509 1320 535 esse
1347 496 1564 549 dementia,
1598 506 1640 539 ut

155 564 292 604 malint
321 562 428 616 regis
460 574 548 601 esse
581 560 795 614 uectigales
827 573 942 612 quam
976 574 1061 601 cum
1094 561 1243 602 ciuibus
1275 563 1314 602 in
1350 565 1474 618 patria
1494 566 1535 606 in
1557 567 1639 607 suis

156 629 323 671 fortunis
365 642 454 669 esse
493 628 710 668 incolumes
738 626 786 682 (8
816 635 923 668 extr.
960 629 1009 668 cf.
1044 627 1113 679 57,
1147 628 1213 681 3)3
1246 628 1450 671 Labienus
1477 633 1640 673 audacia

154 699 226 738 fuit
266 697 551 745 inflammatus,
595 695 696 748 quod
728 692 944 736 Caesarem
985 709 1007 735 a
1046 709 1090 736 se
1119 710 1348 750 oppressum
1378 699 1429 739 iri
1456 700 1642 753 sperabat

156 764 240 815 (19,
266 762 333 815 6),
369 761 523 804 Caesar
555 763 733 816 queritur
758 764 951 804 ‘Africam
973 764 1217 817 prouinciam
1239 766 1368 818 perire
1390 766 1640 820 funditusque

155 833 281 873 euerti
304 832 349 872 ab
373 832 455 871 suis
477 830 668 871 inimicis:
703 832 803 884 quod
826 832 900 872 nisi
923 831 1106 872 celeriter
1127 832 1245 873 sociis
1267 834 1369 874 foret
1388 835 1637 886 subuentum,

155 908 310 955 praeter
332 900 456 953 ipsam
477 897 656 938 Africam
680 905 824 939 terram
847 899 958 949 nihil,
984 913 1032 940 ne
1054 906 1200 940 tectum
1223 901 1391 954 quidem,
1416 903 1463 943 ab
1484 903 1642 944 illorum

156 969 307 1009 scelere
337 966 569 1019 insidiisque
598 966 789 1019 reliquum
813 968 998 1008 futurum'
1022 965 1110 1020 (26,
1134 968 1202 1019 4)3
1236 968 1337 1008 idem
1355 1000 1364 1017 ,
1399 984 1486 1009 cum
1508 967 1641 1024 Scipio

156 1036 296 1076 castris
320 1035 402 1076 eius
425 1035 799 1088 appropinquasset,
836 1036 931 1076 nihil
962 1049 1009 1076 ea
1029 1049 1072 1076 re
1094 1041 1299 1076 mouetur:
1336 1037 1643 1079 ‘animaduerte-

155 1105 222 1144 bat
243 1104 361 1152 enim,
396 1117 626 1155 quamquam
649 1103 800 1155 magnis
823 1110 958 1144 essent
984 1103 1104 1157 copiis
1127 1104 1345 1144 aduersarii
1370 1105 1474 1155 freti,
1512 1113 1643 1146 tamen

156 1185 274 1226 saepe
289 1185 366 1211 ase
381 1171 541 1224 fugatis,
566 1170 687 1224 pulsis
709 1171 1009 1224 perterritisque
1026 1178 1065 1211 et
1077 1184 1306 1212 concessam
1318 1172 1437 1212 uitam
1451 1181 1490 1214 et
1508 1173 1644 1228 ignota

158 1246 334 1294 peccata.
379 1236 529 1290 Quibus
560 1252 613 1278 ex
643 1238 762 1278 rebus
787 1253 996 1292 numquam
1020 1246 1130 1280 tanta
1151 1247 1377 1294 suppeteret
1399 1255 1450 1281 ex
1471 1242 1643 1295 ipsorum

157 1308 303 1349 inertia
334 1307 655 1359 conscientiaque
688 1306 808 1346 animi
829 1307 1019 1347 uictoriae
1041 1307 1179 1347 fiducia
1194 1338 1204 1357 ,
1237 1314 1280 1346 ut
1305 1315 1438 1348 castra
1459 1323 1530 1348 sua
1551 1309 1644 1349 ado-

156 1376 228 1416 riri
261 1375 464 1415 auderent'
498 1373 595 1427 (31,
630 1373 700 1425 3)3
736 1371 879 1414 Vticae
902 1371 1055 1414 Caesar
1087 1374 1195 1414 ciues
1220 1373 1421 1414 Romanos
1456 1383 1496 1416 et
1524 1390 1644 1429 nego-

158 1445 324 1484 tiatores
358 1450 396 1482 et
419 1456 509 1492 eos,
545 1442 609 1494 qui
639 1443 743 1482 inter
769 1449 968 1482 trecentos
991 1443 1178 1496 pecunias
1202 1442 1453 1483 contulerant
1474 1442 1583 1484 Varo
1606 1450 1646 1483 et

156 1509 359 1565 Scipioni,
393 1510 522 1550 multis
554 1510 687 1550 uerbis
719 1517 880 1550 accusat
902 1518 940 1550 et
962 1511 1008 1550 de
1030 1510 1245 1550 sceleribus
1268 1523 1402 1550 eorum
1425 1511 1644 1565 longiorem

157 1580 375 1619 orationem
407 1578 523 1618 habet
544 1575 633 1629 (90,
657 1577 719 1628 2).
765 1576 874 1617 Haec
895 1577 980 1617 siue
1003 1579 1208 1620 ambitiose
1230 1581 1317 1620 siue
1340 1594 1392 1620 ex
1413 1579 1531 1619 animi
1554 1593 1645 1620 sen-

156 1646 281 1688 tentia
302 1646 449 1698 scripta
470 1653 580 1692 sunt,
612 1658 792 1698 magnam
813 1652 921 1685 certe
943 1646 1231 1699 simplicitatem
1255 1647 1439 1700 produnt.
1491 1644 1644 1687 Caesar

159 1714 312 1767 quidem
336 1720 376 1753 et
398 1711 552 1751 Hirtius
576 1725 783 1764 numquam
810 1712 907 1752 adeo
929 1713 1051 1752 risum
1074 1714 1271 1754 hominum
1293 1721 1638 1768 contempserunt:

160 1795 287 1834 neque
319 1794 341 1820 a
371 1778 617 1820 Caesariano
649 1780 695 1819 de
729 1779 841 1818 initio
865 1780 1122 1821 dissensionis
1146 1782 1271 1822 ciuilis
1294 1789 1333 1821 et
1355 1783 1401 1822 de
1425 1783 1549 1822 turbis
1572 1782 1644 1822 Hi-

161 1847 434 1903 spaniensibus
476 1847 714 1887 moderatius
754 1847 878 1899 potuit
917 1848 1034 1888 scribi
1076 1864 1190 1902 quam
1231 1850 1277 1890 ab
1309 1851 1434 1890 altero
1463 1858 1643 1891 extremo

162 1916 261 1957 libro
303 1922 445 1955 octauo
487 1915 533 1955 de
572 1914 611 1954 b.
656 1912 760 1954 Gall.
808 1921 847 1954 et
886 1915 925 1955 b.
968 1915 1091 1956 Alex.
1132 1916 1187 1957 48
1227 1931 1336 1970 seqq.
1382 1918 1525 1957 factum
1565 1925 1640 1958 est.

163 1982 277 2036 Quod
303 1984 335 2022 si
367 1982 584 2022 orationem
616 1988 860 2034 spectamus,
903 1997 981 2022 non
1013 1984 1139 2024 solum
1161 1999 1284 2038 genus
1308 1985 1507 2026 scribendi
1529 1984 1644 2038 plane

161 2051 291 2098 aliud,
325 2050 395 2090 sed
423 2050 539 2090 etiam
569 2049 610 2089 in
641 2063 823 2089 sermone
857 2051 977 2090 multa
1011 2051 1165 2091 diuersa
1197 2066 1219 2091 a
1240 2053 1510 2105 superioribus
1532 2052 1643 2092 libris

161 2117 394 2172 reperimus.
447 2115 648 2169 Quaedam
689 2117 842 2169 quidem
873 2117 913 2156 in
953 2118 1024 2158 hac
1055 2126 1165 2172 parte
1195 2120 1345 2160 librarii
1377 2127 1646 2174 peccauerunt

162 2193 230 2227 aut
259 2185 513 2238 interpretes.
555 2183 662 2225 Nam
699 2185 776 2225 illis
807 2198 920 2224 nemo
951 2185 1138 2226 dubitabit
1168 2186 1263 2227 haec
1294 2188 1491 2229 tribuere:
1538 2188 1645 2228 ‘dum

164 2255 261 2295 haec
293 2253 348 2292 ita
379 2250 529 2291 fierent'
563 2252 659 2304 (25,
696 2251 764 2303 l),
801 2252 969 2305 ‘iamque
992 2250 1143 2293 Caesar
1175 2255 1262 2294 dum
1298 2256 1517 2296 exercitum
1539 2256 1646 2295 intra

162 2320 400 2362 munitiones
442 2333 532 2359 suas
573 2321 762 2360 reducere
805 2320 1012 2373 coepisset'
1046 2319 1143 2371 (61,
1177 2322 1249 2374 2),
1286 2323 1366 2376 ‘qui
1400 2323 1488 2362 dum
1515 2322 1646 2362 anima

164 2389 336 2430 nondum
369 2387 548 2440 expirata
577 2386 826 2427 concidisset'
856 2387 944 2438 (88,
979 2388 1048 2439 4),
1082 2391 1314 2441 praesertim
1348 2404 1432 2430 cum
1464 2404 1509 2430 eo
1538 2391 1641 2440 loco,

165 2471 278 2511 quem
311 2462 530 2496 extremum
560 2455 698 2508 posui,
734 2455 796 2495 uel
818 2461 965 2508 tempus
985 2455 1096 2495 uerbi
1119 2457 1361 2497 demonstret
1385 2458 1501 2497 ‘cum’
1523 2458 1644 2511 parti-

164 2525 292 2565 culam
324 2537 345 2563 a
372 2522 567 2575 scriptore
603 2535 690 2561 esse
721 2521 903 2575 positam.
945 2522 1057 2563 'Nihil
1079 2531 1192 2577 aget,
1225 2525 1258 2564 si
1283 2525 1367 2577 quis
1392 2525 1486 2565 haec
1510 2538 1555 2565 eo
1580 2525 1645 2565 de-

165 2592 322 2633 fendere
345 2590 572 2639 conabitur,
606 2589 707 2642 quod
732 2589 818 2629 aliis
842 2604 994 2643 quoque
1016 2591 1214 2646 particulis
1237 2600 1373 2633 contra
1395 2593 1645 2634 consuetudi-

167 2674 256 2701 nem
287 2658 578 2699 coniunctiuum
608 2657 648 2697 in
680 2658 752 2698 hoc
783 2658 882 2698 libro
910 2658 1135 2698 adiunctum
1157 2659 1272 2699 dicat.
1316 2659 1458 2714 Neque
1482 2661 1584 2700 enim
1607 2675 1643 2701 c.

165 2727 216 2778 4,
248 2726 274 2768 3
305 2726 463 2780 scripsit
483 2733 644 2776 auctor,
676 2732 718 2765 ut
739 2725 888 2775 editur,
924 2730 1015 2778 ‘quo
1046 2726 1277 2780 simulatque
1308 2727 1484 2782 captiuus
1507 2742 1646 2782 perue-

167 2796 293 2836 nisset
313 2794 565 2846 litterasque,
598 2799 641 2833 ut
662 2799 747 2833 erat
768 2792 1014 2841 mandatum,
1048 2791 1239 2834 Considio
1268 2797 1470 2851 porrigere
1493 2796 1646 2850 coepis-

168 2863 264 2915 set',
297 2861 367 2903 sed
399 2868 466 2902 aut
488 2875 623 2902 uerum
645 2867 727 2908 est,
762 2860 863 2912 quod
884 2860 925 2900 in
947 2860 1058 2901 codd.
1084 2861 1229 2915 legitur
1253 2863 1501 2918 ‘simulatque
1524 2864 1646 2918 capti-
