<?xml version="1.0" encoding="UTF-8"?>
<!DOCTYPE html PUBLIC "-//W3C//DTD XHTML 1.0 Transitional//EN"
    "http://www.w3.org/TR/xhtml1/DTD/xhtml1-transitional.dtd">
<html xmlns="http://www.w3.org/1999/xhtml" xml:lang="en" lang="en">
 <head>
  <title>
</title>
<meta http-equiv="Content-Type" content="text/html;charset=utf-8" />
  <meta name='ocr-system' content='tesseract 3.04.00' />
  <meta name='ocr-capabilities' content='ocr_page ocr_carea ocr_par ocr_line ocrx_word'/>
</head>
<body>
  <div class='ocr_page' id='page_1' title='image "./commentarii00caesuoft_0179.png"; bbox 0 0 1835 3240; ppageno 0'>
   <div class='ocr_carea' id='block_1_1' title="bbox 692 177 1116 219">
    <p class='ocr_par' dir='ltr' id='par_1_1' title="bbox 692 177 1116 219">
     <span class='ocr_line' id='line_1_1' title="bbox 692 177 1116 219; baseline 0.002 -1"><span class='ocrx_word' id='word_1_1' title='bbox 692 203 803 211; x_wconf 87' lang='lat'>——</span> <span class='ocrx_word' id='word_1_2' title='bbox 870 177 1116 219; x_wconf 78' lang='lat'>169——</span> 
     </span>
    </p>
   </div>
   <div class='ocr_carea' id='block_1_2' title="bbox 163 290 1664 2937">
    <p class='ocr_par' dir='ltr' id='par_1_2' title="bbox 165 290 1653 622">
     <span class='ocr_line' id='line_1_2' title="bbox 168 290 1650 353; baseline -0.003 -15"><span class='ocrx_word' id='word_1_3' title='bbox 168 299 244 353; x_wconf 85' lang='lat' dir='ltr'>pite</span> <span class='ocrx_word' id='word_1_4' title='bbox 274 297 532 336; x_wconf 88' lang='lat' dir='ltr'>demonstrat.</span> <span class='ocrx_word' id='word_1_5' title='bbox 586 290 696 332; x_wconf 90' lang='lat' dir='ltr'>Petri</span> <span class='ocrx_word' id='word_1_6' title='bbox 727 299 858 333; x_wconf 86' lang='lat' dir='ltr'>tamen</span> <span class='ocrx_word' id='word_1_7' title='bbox 882 306 1024 332; x_wconf 90' lang='lat' dir='ltr'>nomen</span> <span class='ocrx_word' id='word_1_8' title='bbox 1054 292 1094 332; x_wconf 91' lang='lat' dir='ltr'>in</span> <span class='ocrx_word' id='word_1_9' title='bbox 1127 291 1284 332; x_wconf 89' lang='lat' dir='ltr'>homine</span> <span class='ocrx_word' id='word_1_10' title='bbox 1314 292 1436 346; x_wconf 90' lang='lat' dir='ltr'>ipsius</span> <span class='ocrx_word' id='word_1_11' title='bbox 1457 292 1650 334; x_wconf 76' lang='lat' dir='ltr'><strong>Graeciae</strong></span> 
     </span>
     <span class='ocr_line' id='line_1_3' title="bbox 166 358 1649 414; baseline -0.005 -8"><span class='ocrx_word' id='word_1_12' title='bbox 166 373 258 407; x_wconf 85' lang='lat' dir='ltr'>ante</span> <span class='ocrx_word' id='word_1_13' title='bbox 296 361 522 404; x_wconf 84' lang='lat' dir='ltr'>Christiana</span> <span class='ocrx_word' id='word_1_14' title='bbox 561 368 738 414; x_wconf 83' lang='lat' dir='ltr'>tempora</span> <span class='ocrx_word' id='word_1_15' title='bbox 779 360 946 413; x_wconf 89' lang='lat' dir='ltr'>reperiri</span> <span class='ocrx_word' id='word_1_16' title='bbox 991 374 1068 400; x_wconf 90' lang='lat' dir='ltr'>non</span> <span class='ocrx_word' id='word_1_17' title='bbox 1112 360 1281 400; x_wconf 84' lang='lat' dir='ltr'>uidetur.</span> <span class='ocrx_word' id='word_1_18' title='bbox 1336 358 1472 413; x_wconf 83' lang='lat' dir='ltr'>Itaque</span> <span class='ocrx_word' id='word_1_19' title='bbox 1507 361 1649 412; x_wconf 88' lang='lat' dir='ltr'>optime</span> 
     </span>
     <span class='ocr_line' id='line_1_4' title="bbox 167 427 1648 485; baseline -0.005 -12"><span class='ocrx_word' id='word_1_20' title='bbox 167 433 223 474; x_wconf 87' lang='lat' dir='ltr'>M.</span> <span class='ocrx_word' id='word_1_21' title='bbox 256 431 453 485; x_wconf 87' lang='lat' dir='ltr'>Hauptius</span> <span class='ocrx_word' id='word_1_22' title='bbox 495 427 704 469; x_wconf 85' lang='lat' dir='ltr'>Petraeum</span> <span class='ocrx_word' id='word_1_23' title='bbox 736 427 842 467; x_wconf 89' lang='lat' dir='ltr'>illum</span> <span class='ocrx_word' id='word_1_24' title='bbox 883 428 1078 469; x_wconf 89' lang='lat' dir='ltr'>hominem</span> <span class='ocrx_word' id='word_1_25' title='bbox 1113 428 1254 468; x_wconf 88' lang='lat' dir='ltr'>dictum</span> <span class='ocrx_word' id='word_1_26' title='bbox 1290 428 1410 468; x_wconf 84' lang='lat' dir='ltr'>fuisse</span> <span class='ocrx_word' id='word_1_27' title='bbox 1457 427 1648 476; x_wconf 83' lang='lat' dir='ltr'>coniecit,</span> 
     </span>
     <span class='ocr_line' id='line_1_5' title="bbox 165 494 1653 554; baseline -0.004 -14"><span class='ocrx_word' id='word_1_28' title='bbox 165 500 263 554; x_wconf 90' lang='lat' dir='ltr'>quod</span> <span class='ocrx_word' id='word_1_29' title='bbox 286 513 428 539; x_wconf 89' lang='lat' dir='ltr'>nomen</span> <span class='ocrx_word' id='word_1_30' title='bbox 453 504 491 538; x_wconf 90' lang='lat' dir='ltr'>et</span> <span class='ocrx_word' id='word_1_31' title='bbox 512 499 559 538; x_wconf 84' lang='lat' dir='ltr'>ad</span> <span class='ocrx_word' id='word_1_32' title='bbox 580 495 780 537; x_wconf 81' lang='lat' dir='ltr'>Petreium</span> <span class='ocrx_word' id='word_1_33' title='bbox 804 502 842 536; x_wconf 84' lang='lat' dir='ltr'>et</span> <span class='ocrx_word' id='word_1_34' title='bbox 863 497 910 536; x_wconf 89' lang='lat' dir='ltr'>ad</span> <span class='ocrx_word' id='word_1_35' title='bbox 932 494 1091 536; x_wconf 90' lang='lat' dir='ltr'>Petrum</span> <span class='ocrx_word' id='word_1_36' title='bbox 1116 496 1295 550; x_wconf 78' lang='lat' dir='ltr'><strong>proxime</strong></span> <span class='ocrx_word' id='word_1_37' title='bbox 1317 495 1471 536; x_wconf 86' lang='lat' dir='ltr'>accedit</span> <span class='ocrx_word' id='word_1_38' title='bbox 1492 494 1653 547; x_wconf 81' lang='lat' dir='ltr'>legitur-</span> 
     </span>
     <span class='ocr_line' id='line_1_6' title="bbox 165 561 895 622; baseline -0.008 -14"><span class='ocrx_word' id='word_1_39' title='bbox 165 583 237 622; x_wconf 90' lang='lat' dir='ltr'>que</span> <span class='ocrx_word' id='word_1_40' title='bbox 260 583 322 622; x_wconf 87' lang='lat' dir='ltr'>ap.</span> <span class='ocrx_word' id='word_1_41' title='bbox 346 566 488 621; x_wconf 82' lang='lat' dir='ltr'><strong>Polyb.</strong></span> <span class='ocrx_word' id='word_1_42' title='bbox 513 564 588 615; x_wconf 86' lang='lat' dir='ltr'>IV,</span> <span class='ocrx_word' id='word_1_43' title='bbox 613 563 667 604; x_wconf 80' lang='lat'>24</span> <span class='ocrx_word' id='word_1_44' title='bbox 690 571 728 604; x_wconf 88' lang='lat' dir='ltr'>et</span> <span class='ocrx_word' id='word_1_45' title='bbox 753 561 803 614; x_wconf 80' lang='lat' dir='ltr'>V,</span> <span class='ocrx_word' id='word_1_46' title='bbox 831 563 895 603; x_wconf 88' lang='lat'>17.</span> 
     </span>
    </p>

    <p class='ocr_par' dir='ltr' id='par_1_3' title="bbox 163 629 1658 1369">
     <span class='ocr_line' id='line_1_7' title="bbox 279 629 1655 685; baseline -0.006 -9"><span class='ocrx_word' id='word_1_47' title='bbox 279 632 327 676; x_wconf 90' lang='lat' dir='ltr'>C.</span> <span class='ocrx_word' id='word_1_48' title='bbox 353 634 432 685; x_wconf 83' lang='lat'>36,</span> <span class='ocrx_word' id='word_1_49' title='bbox 474 634 492 674; x_wconf 86' lang='lat' dir='ltr'>l</span> <span class='ocrx_word' id='word_1_50' title='bbox 527 633 623 673; x_wconf 84' lang='lat' dir='ltr'>haec</span> <span class='ocrx_word' id='word_1_51' title='bbox 652 632 858 685; x_wconf 85' lang='lat' dir='ltr'>leguntur:</span> <span class='ocrx_word' id='word_1_52' title='bbox 897 631 1149 685; x_wconf 74' lang='lat' dir='ltr'>‘Eodemque</span> <span class='ocrx_word' id='word_1_53' title='bbox 1179 639 1356 685; x_wconf 86' lang='lat' dir='ltr'>tempore</span> <span class='ocrx_word' id='word_1_54' title='bbox 1388 629 1585 671; x_wconf 90' lang='lat' dir='ltr'>Domitius</span> <span class='ocrx_word' id='word_1_55' title='bbox 1615 629 1655 669; x_wconf 89' lang='lat' dir='ltr'>in</span> 
     </span>
     <span class='ocr_line' id='line_1_8' title="bbox 163 696 1655 753; baseline -0.007 -7"><span class='ocrx_word' id='word_1_56' title='bbox 163 703 438 745; x_wconf 85' lang='lat' dir='ltr'>Macedoniam</span> <span class='ocrx_word' id='word_1_57' title='bbox 461 702 583 750; x_wconf 88' lang='lat' dir='ltr'>uenit,</span> <span class='ocrx_word' id='word_1_58' title='bbox 612 706 665 750; x_wconf 87' lang='lat' dir='ltr'>et,</span> <span class='ocrx_word' id='word_1_59' title='bbox 692 714 775 740; x_wconf 90' lang='lat' dir='ltr'>cum</span> <span class='ocrx_word' id='word_1_60' title='bbox 792 700 839 740; x_wconf 84' lang='lat' dir='ltr'>ad</span> <span class='ocrx_word' id='word_1_61' title='bbox 857 714 942 740; x_wconf 91' lang='lat' dir='ltr'>eum</span> <span class='ocrx_word' id='word_1_62' title='bbox 960 702 1185 753; x_wconf 86' lang='lat' dir='ltr'>frequentes</span> <span class='ocrx_word' id='word_1_63' title='bbox 1208 701 1411 740; x_wconf 85' lang='lat' dir='ltr'>ciuitatum</span> <span class='ocrx_word' id='word_1_64' title='bbox 1436 696 1655 751; x_wconf 85' lang='lat' dir='ltr'>legationes</span> 
     </span>
     <span class='ocr_line' id='line_1_9' title="bbox 165 765 1656 824; baseline -0.005 -11"><span class='ocrx_word' id='word_1_65' title='bbox 165 773 378 813; x_wconf 87' lang='lat' dir='ltr'>conuenire</span> <span class='ocrx_word' id='word_1_66' title='bbox 401 770 647 824; x_wconf 87' lang='lat' dir='ltr'>coepissent,</span> <span class='ocrx_word' id='word_1_67' title='bbox 680 768 898 808; x_wconf 84' lang='lat' dir='ltr'>nuntiatum</span> <span class='ocrx_word' id='word_1_68' title='bbox 921 776 982 808; x_wconf 88' lang='lat' dir='ltr'>est.</span> <span class='ocrx_word' id='word_1_69' title='bbox 1003 769 1143 809; x_wconf 83' lang='lat' dir='ltr'>adesse</span> <span class='ocrx_word' id='word_1_70' title='bbox 1168 768 1392 822; x_wconf 80' lang='lat' dir='ltr'>Scipionem</span> <span class='ocrx_word' id='word_1_71' title='bbox 1423 781 1511 807; x_wconf 90' lang='lat' dir='ltr'>cum</span> <span class='ocrx_word' id='word_1_72' title='bbox 1533 765 1656 819; x_wconf 84' lang='lat' dir='ltr'>legio-</span> 
     </span>
     <span class='ocr_line' id='line_1_10' title="bbox 165 834 1656 893; baseline -0.006 -11"><span class='ocrx_word' id='word_1_73' title='bbox 165 842 278 882; x_wconf 86' lang='lat' dir='ltr'>nibus</span> <span class='ocrx_word' id='word_1_74' title='bbox 300 853 439 893; x_wconf 85' lang='lat' dir='ltr'>magna</span> <span class='ocrx_word' id='word_1_75' title='bbox 462 845 501 878; x_wconf 89' lang='lat' dir='ltr'>et</span> <span class='ocrx_word' id='word_1_76' title='bbox 522 837 705 891; x_wconf 89' lang='lat' dir='ltr'>opinione</span> <span class='ocrx_word' id='word_1_77' title='bbox 728 843 765 876; x_wconf 90' lang='lat' dir='ltr'>et</span> <span class='ocrx_word' id='word_1_78' title='bbox 789 838 888 876; x_wconf 83' lang='lat' dir='ltr'>sama</span> <span class='ocrx_word' id='word_1_79' title='bbox 912 837 1108 877; x_wconf 87' lang='lat' dir='ltr'>omnium:</span> <span class='ocrx_word' id='word_1_80' title='bbox 1143 851 1231 877; x_wconf 87' lang='lat' dir='ltr'>nam</span> <span class='ocrx_word' id='word_1_81' title='bbox 1262 837 1490 890; x_wconf 88' lang='lat' dir='ltr'>plerumque</span> <span class='ocrx_word' id='word_1_82' title='bbox 1522 834 1562 874; x_wconf 91' lang='lat' dir='ltr'>in</span> <span class='ocrx_word' id='word_1_83' title='bbox 1586 848 1656 873; x_wconf 92' lang='lat' dir='ltr'>no-</span> 
     </span>
     <span class='ocr_line' id='line_1_11' title="bbox 166 902 1652 957; baseline -0.006 -7"><span class='ocrx_word' id='word_1_84' title='bbox 166 910 287 950; x_wconf 85' lang='lat' dir='ltr'>uitate</span> <span class='ocrx_word' id='word_1_85' title='bbox 318 910 419 948; x_wconf 86' lang='lat' dir='ltr'>fama</span> <span class='ocrx_word' id='word_1_86' title='bbox 452 905 676 946; x_wconf 85' lang='lat' dir='ltr'>antecedit&#39;.</span> <span class='ocrx_word' id='word_1_87' title='bbox 718 903 829 944; x_wconf 90' lang='lat' dir='ltr'>Haec</span> <span class='ocrx_word' id='word_1_88' title='bbox 863 912 1043 945; x_wconf 77' lang='lat' dir='ltr'>extrema</span> <span class='ocrx_word' id='word_1_89' title='bbox 1072 904 1271 945; x_wconf 79' lang='lat' dir='ltr'>sententia</span> <span class='ocrx_word' id='word_1_90' title='bbox 1303 905 1435 957; x_wconf 79' lang='lat' dir='ltr'>inepte</span> <span class='ocrx_word' id='word_1_91' title='bbox 1469 902 1652 944; x_wconf 82' lang='lat' dir='ltr'>adicitur.</span> 
     </span>
     <span class='ocr_line' id='line_1_12' title="bbox 163 971 1655 1027; baseline -0.005 -11"><span class='ocrx_word' id='word_1_92' title='bbox 163 976 269 1017; x_wconf 84' lang='lat' dir='ltr'>Nam</span> <span class='ocrx_word' id='word_1_93' title='bbox 292 977 433 1015; x_wconf 82' lang='lat' dir='ltr'>famam</span> <span class='ocrx_word' id='word_1_94' title='bbox 455 975 493 1015; x_wconf 91' lang='lat' dir='ltr'>in</span> <span class='ocrx_word' id='word_1_95' title='bbox 517 988 620 1014; x_wconf 90' lang='lat' dir='ltr'>noua</span> <span class='ocrx_word' id='word_1_96' title='bbox 641 987 685 1013; x_wconf 89' lang='lat' dir='ltr'>re</span> <span class='ocrx_word' id='word_1_97' title='bbox 707 987 985 1027; x_wconf 79' lang='lat' dir='ltr'>praecurrere,</span> <span class='ocrx_word' id='word_1_98' title='bbox 1021 987 1085 1013; x_wconf 89' lang='lat' dir='ltr'>res</span> <span class='ocrx_word' id='word_1_99' title='bbox 1107 972 1205 1013; x_wconf 91' lang='lat' dir='ltr'>adeo</span> <span class='ocrx_word' id='word_1_100' title='bbox 1228 980 1321 1013; x_wconf 80' lang='lat' dir='ltr'>nota</span> <span class='ocrx_word' id='word_1_101' title='bbox 1344 980 1428 1022; x_wconf 83' lang='lat' dir='ltr'>est,</span> <span class='ocrx_word' id='word_1_102' title='bbox 1462 978 1506 1011; x_wconf 88' lang='lat' dir='ltr'>ut</span> <span class='ocrx_word' id='word_1_103' title='bbox 1526 971 1564 1010; x_wconf 90' lang='lat' dir='ltr'>id</span> <span class='ocrx_word' id='word_1_104' title='bbox 1587 984 1655 1025; x_wconf 91' lang='lat' dir='ltr'>pu-</span> 
     </span>
     <span class='ocr_line' id='line_1_13' title="bbox 164 1039 1657 1095; baseline -0.005 -10"><span class='ocrx_word' id='word_1_105' title='bbox 164 1045 241 1086; x_wconf 88' lang='lat' dir='ltr'>tide</span> <span class='ocrx_word' id='word_1_106' title='bbox 263 1049 484 1083; x_wconf 87' lang='lat' dir='ltr'>moneatur.</span> <span class='ocrx_word' id='word_1_107' title='bbox 528 1040 596 1081; x_wconf 83' lang='lat' dir='ltr'>Ex</span> <span class='ocrx_word' id='word_1_108' title='bbox 617 1042 665 1081; x_wconf 91' lang='lat' dir='ltr'>iis</span> <span class='ocrx_word' id='word_1_109' title='bbox 688 1049 842 1091; x_wconf 89' lang='lat' dir='ltr'>autem,</span> <span class='ocrx_word' id='word_1_110' title='bbox 883 1055 982 1095; x_wconf 84' lang='lat' dir='ltr'>quae</span> <span class='ocrx_word' id='word_1_111' title='bbox 1005 1041 1187 1095; x_wconf 76' lang='lat' dir='ltr'><strong>deinceps</strong></span> <span class='ocrx_word' id='word_1_112' title='bbox 1211 1042 1256 1081; x_wconf 90' lang='lat' dir='ltr'>de</span> <span class='ocrx_word' id='word_1_113' title='bbox 1280 1039 1465 1094; x_wconf 83' lang='lat' dir='ltr'>Scipione</span> <span class='ocrx_word' id='word_1_114' title='bbox 1491 1052 1657 1080; x_wconf 85' lang='lat' dir='ltr'>narran-</span> 
     </span>
     <span class='ocr_line' id='line_1_14' title="bbox 164 1106 1656 1167; baseline -0.003 -16"><span class='ocrx_word' id='word_1_115' title='bbox 164 1121 251 1163; x_wconf 87' lang='lat' dir='ltr'>tur,</span> <span class='ocrx_word' id='word_1_116' title='bbox 286 1110 520 1167; x_wconf 80' lang='lat' dir='ltr'>perspicitur</span> <span class='ocrx_word' id='word_1_117' title='bbox 551 1124 637 1150; x_wconf 88' lang='lat' dir='ltr'>eum</span> <span class='ocrx_word' id='word_1_118' title='bbox 670 1111 795 1150; x_wconf 85' lang='lat' dir='ltr'>famae</span> <span class='ocrx_word' id='word_1_119' title='bbox 827 1125 903 1149; x_wconf 92' lang='lat' dir='ltr'>non</span> <span class='ocrx_word' id='word_1_120' title='bbox 927 1110 1197 1163; x_wconf 89' lang='lat' dir='ltr'>respondisse.</span> <span class='ocrx_word' id='word_1_121' title='bbox 1239 1107 1375 1162; x_wconf 84' lang='lat' dir='ltr'>Itaque</span> <span class='ocrx_word' id='word_1_122' title='bbox 1407 1106 1656 1149; x_wconf 89' lang='lat' dir='ltr'>scribendum</span> 
     </span>
     <span class='ocr_line' id='line_1_15' title="bbox 166 1174 1658 1232; baseline -0.005 -10"><span class='ocrx_word' id='word_1_123' title='bbox 166 1181 322 1222; x_wconf 88' lang='lat' dir='ltr'>uidetur</span> <span class='ocrx_word' id='word_1_124' title='bbox 356 1184 461 1219; x_wconf 85' lang='lat' dir='ltr'>‘nam</span> <span class='ocrx_word' id='word_1_125' title='bbox 492 1178 718 1232; x_wconf 90' lang='lat' dir='ltr'>plerumque</span> <span class='ocrx_word' id='word_1_126' title='bbox 748 1179 789 1218; x_wconf 91' lang='lat' dir='ltr'>in</span> <span class='ocrx_word' id='word_1_127' title='bbox 812 1178 988 1218; x_wconf 84' lang='lat' dir='ltr'>nouitate</span> <span class='ocrx_word' id='word_1_128' title='bbox 1012 1179 1111 1219; x_wconf 79' lang='lat' dir='ltr'>fama</span> <span class='ocrx_word' id='word_1_129' title='bbox 1134 1193 1216 1218; x_wconf 85' lang='lat' dir='ltr'>rem</span> <span class='ocrx_word' id='word_1_130' title='bbox 1240 1178 1427 1219; x_wconf 80' lang='lat' dir='ltr'>excedit&#39;.</span> <span class='ocrx_word' id='word_1_131' title='bbox 1473 1174 1563 1228; x_wconf 81' lang='lat' dir='ltr'>Quo</span> <span class='ocrx_word' id='word_1_132' title='bbox 1586 1174 1658 1214; x_wconf 89' lang='lat' dir='ltr'>mi-</span> 
     </span>
     <span class='ocr_line' id='line_1_16' title="bbox 167 1243 1656 1301; baseline -0.005 -12"><span class='ocrx_word' id='word_1_133' title='bbox 167 1263 239 1289; x_wconf 92' lang='lat' dir='ltr'>nus</span> <span class='ocrx_word' id='word_1_134' title='bbox 271 1249 373 1289; x_wconf 89' lang='lat' dir='ltr'>enim</span> <span class='ocrx_word' id='word_1_135' title='bbox 405 1253 522 1286; x_wconf 89' lang='lat' dir='ltr'>totam</span> <span class='ocrx_word' id='word_1_136' title='bbox 556 1247 794 1288; x_wconf 88' lang='lat' dir='ltr'>sententiam</span> <span class='ocrx_word' id='word_1_137' title='bbox 827 1246 998 1301; x_wconf 77' lang='lat' dir='ltr'>spurIam</span> <span class='ocrx_word' id='word_1_138' title='bbox 1021 1247 1262 1297; x_wconf 75' lang='lat' dir='ltr'>existimem,</span> <span class='ocrx_word' id='word_1_139' title='bbox 1299 1246 1456 1286; x_wconf 84' lang='lat' dir='ltr'>nouitas</span> <span class='ocrx_word' id='word_1_140' title='bbox 1480 1243 1656 1296; x_wconf 88' lang='lat' dir='ltr'>impedit,</span> 
     </span>
     <span class='ocr_line' id='line_1_17' title="bbox 167 1314 1424 1369; baseline -0.002 -12"><span class='ocrx_word' id='word_1_141' title='bbox 167 1331 243 1369; x_wconf 92' lang='lat' dir='ltr'>quo</span> <span class='ocrx_word' id='word_1_142' title='bbox 265 1314 457 1356; x_wconf 88' lang='lat' dir='ltr'>uocabulo</span> <span class='ocrx_word' id='word_1_143' title='bbox 480 1316 534 1356; x_wconf 88' lang='lat' dir='ltr'>ita</span> <span class='ocrx_word' id='word_1_144' title='bbox 556 1315 785 1368; x_wconf 81' lang='lat' dir='ltr'>magistrum</span> <span class='ocrx_word' id='word_1_145' title='bbox 807 1329 970 1355; x_wconf 91' lang='lat' dir='ltr'>usurum</span> <span class='ocrx_word' id='word_1_146' title='bbox 994 1315 1115 1356; x_wconf 88' lang='lat' dir='ltr'>fuisse</span> <span class='ocrx_word' id='word_1_147' title='bbox 1137 1330 1216 1355; x_wconf 92' lang='lat' dir='ltr'>non</span> <span class='ocrx_word' id='word_1_148' title='bbox 1238 1315 1424 1355; x_wconf 73' lang='lat' dir='ltr'>arbitror.</span> 
     </span>
    </p>

    <p class='ocr_par' dir='ltr' id='par_1_4' title="bbox 165 1381 1663 1977">
     <span class='ocr_line' id='line_1_18' title="bbox 280 1381 1657 1436; baseline -0.003 -13"><span class='ocrx_word' id='word_1_149' title='bbox 280 1381 507 1436; x_wconf 84' lang='lat' dir='ltr'>Sequuntur</span> <span class='ocrx_word' id='word_1_150' title='bbox 527 1383 638 1423; x_wconf 89' lang='lat' dir='ltr'>haec:</span> <span class='ocrx_word' id='word_1_151' title='bbox 668 1382 758 1423; x_wconf 82' lang='lat' dir='ltr'>‘Hic</span> <span class='ocrx_word' id='word_1_152' title='bbox 780 1383 885 1423; x_wconf 91' lang='lat' dir='ltr'>nullo</span> <span class='ocrx_word' id='word_1_153' title='bbox 899 1383 1038 1423; x_wconf 83' lang='lat' dir='ltr'>inloco</span> <span class='ocrx_word' id='word_1_154' title='bbox 1052 1382 1314 1424; x_wconf 84' lang='lat' dir='ltr'>Macedoniae</span> <span class='ocrx_word' id='word_1_155' title='bbox 1326 1389 1501 1423; x_wconf 87' lang='lat' dir='ltr'>moratus</span> <span class='ocrx_word' id='word_1_156' title='bbox 1516 1394 1657 1433; x_wconf 84' lang='lat' dir='ltr'>magno</span> 
     </span>
     <span class='ocr_line' id='line_1_19' title="bbox 169 1446 1660 1505; baseline -0.002 -14"><span class='ocrx_word' id='word_1_157' title='bbox 169 1452 315 1505; x_wconf 91' lang='lat' dir='ltr'>impetu</span> <span class='ocrx_word' id='word_1_158' title='bbox 348 1450 515 1490; x_wconf 89' lang='lat' dir='ltr'>tetendit</span> <span class='ocrx_word' id='word_1_159' title='bbox 545 1452 594 1491; x_wconf 89' lang='lat' dir='ltr'>ad</span> <span class='ocrx_word' id='word_1_160' title='bbox 628 1449 842 1491; x_wconf 89' lang='lat' dir='ltr'>Domitium</span> <span class='ocrx_word' id='word_1_161' title='bbox 870 1458 932 1499; x_wconf 89' lang='lat' dir='ltr'>et,</span> <span class='ocrx_word' id='word_1_162' title='bbox 969 1466 1055 1491; x_wconf 88' lang='lat' dir='ltr'>cum</span> <span class='ocrx_word' id='word_1_163' title='bbox 1089 1451 1135 1491; x_wconf 88' lang='lat' dir='ltr'>ab</span> <span class='ocrx_word' id='word_1_164' title='bbox 1168 1465 1214 1491; x_wconf 91' lang='lat' dir='ltr'>eo</span> <span class='ocrx_word' id='word_1_165' title='bbox 1237 1452 1342 1492; x_wconf 86' lang='lat' dir='ltr'>milia</span> <span class='ocrx_word' id='word_1_166' title='bbox 1366 1465 1550 1504; x_wconf 81' lang='lat' dir='ltr'>passuum</span> <span class='ocrx_word' id='word_1_167' title='bbox 1573 1446 1660 1488; x_wconf 93' lang='lat' dir='ltr'>XX</span> 
     </span>
     <span class='ocr_line' id='line_1_20' title="bbox 168 1516 1657 1572; baseline -0.001 -14"><span class='ocrx_word' id='word_1_168' title='bbox 168 1519 346 1567; x_wconf 80' lang='lat' dir='ltr'>afuisset,</span> <span class='ocrx_word' id='word_1_169' title='bbox 374 1518 503 1557; x_wconf 91' lang='lat' dir='ltr'>subito</span> <span class='ocrx_word' id='word_1_170' title='bbox 526 1532 570 1558; x_wconf 88' lang='lat' dir='ltr'>se</span> <span class='ocrx_word' id='word_1_171' title='bbox 591 1519 638 1558; x_wconf 92' lang='lat' dir='ltr'>ad</span> <span class='ocrx_word' id='word_1_172' title='bbox 661 1516 842 1559; x_wconf 89' lang='lat' dir='ltr'>Cassium</span> <span class='ocrx_word' id='word_1_173' title='bbox 866 1517 1091 1572; x_wconf 79' lang='lat' dir='ltr'>Longinum</span> <span class='ocrx_word' id='word_1_174' title='bbox 1116 1520 1154 1558; x_wconf 92' lang='lat' dir='ltr'>in</span> <span class='ocrx_word' id='word_1_175' title='bbox 1168 1519 1417 1559; x_wconf 78' lang='lat' dir='ltr'>Thessaliam</span> <span class='ocrx_word' id='word_1_176' title='bbox 1443 1517 1657 1558; x_wconf 82' lang='lat' dir='ltr'>conuertit.</span> 
     </span>
     <span class='ocr_line' id='line_1_21' title="bbox 168 1586 1658 1633; baseline -0.001 -7"><span class='ocrx_word' id='word_1_177' title='bbox 168 1586 252 1626; x_wconf 84' lang='lat' dir='ltr'>Hoc</span> <span class='ocrx_word' id='word_1_178' title='bbox 274 1586 369 1625; x_wconf 87' lang='lat' dir='ltr'>adeo</span> <span class='ocrx_word' id='word_1_179' title='bbox 393 1586 576 1626; x_wconf 82' lang='lat' dir='ltr'>celeriter</span> <span class='ocrx_word' id='word_1_180' title='bbox 598 1586 713 1633; x_wconf 83' lang='lat' dir='ltr'>fecit,</span> <span class='ocrx_word' id='word_1_181' title='bbox 750 1593 793 1626; x_wconf 89' lang='lat' dir='ltr'>ut</span> <span class='ocrx_word' id='word_1_182' title='bbox 822 1586 936 1626; x_wconf 89' lang='lat' dir='ltr'>simul</span> <span class='ocrx_word' id='word_1_183' title='bbox 967 1588 1107 1627; x_wconf 84' lang='lat' dir='ltr'>adesse</span> <span class='ocrx_word' id='word_1_184' title='bbox 1140 1594 1179 1626; x_wconf 90' lang='lat' dir='ltr'>et</span> <span class='ocrx_word' id='word_1_185' title='bbox 1206 1588 1344 1627; x_wconf 86' lang='lat' dir='ltr'>uenire</span> <span class='ocrx_word' id='word_1_186' title='bbox 1379 1587 1658 1626; x_wconf 88' lang='lat' dir='ltr'>nuntiaretur&#39;.</span> 
     </span>
     <span class='ocr_line' id='line_1_22' title="bbox 169 1653 1660 1708; baseline -0.001 -14"><span class='ocrx_word' id='word_1_187' title='bbox 169 1653 316 1695; x_wconf 82' lang='lat' dir='ltr'>Verum</span> <span class='ocrx_word' id='word_1_188' title='bbox 369 1659 548 1692; x_wconf 85' lang='lat' dir='ltr'>extrema</span> <span class='ocrx_word' id='word_1_189' title='bbox 590 1653 860 1706; x_wconf 91' lang='lat' dir='ltr'>superioribus</span> <span class='ocrx_word' id='word_1_190' title='bbox 912 1653 1044 1694; x_wconf 91' lang='lat' dir='ltr'>uerbis</span> <span class='ocrx_word' id='word_1_191' title='bbox 1086 1669 1165 1694; x_wconf 90' lang='lat' dir='ltr'>non</span> <span class='ocrx_word' id='word_1_192' title='bbox 1205 1655 1462 1708; x_wconf 88' lang='lat' dir='ltr'>respondent.</span> <span class='ocrx_word' id='word_1_193' title='bbox 1515 1653 1660 1706; x_wconf 88' lang='lat' dir='ltr'>Neque</span> 
     </span>
     <span class='ocr_line' id='line_1_23' title="bbox 167 1720 1663 1770; baseline 0 -9"><span class='ocrx_word' id='word_1_194' title='bbox 167 1721 268 1762; x_wconf 86' lang='lat' dir='ltr'>enim</span> <span class='ocrx_word' id='word_1_195' title='bbox 298 1720 490 1760; x_wconf 86' lang='lat' dir='ltr'>aduentus</span> <span class='ocrx_word' id='word_1_196' title='bbox 521 1720 670 1770; x_wconf 88' lang='lat' dir='ltr'>solum,</span> <span class='ocrx_word' id='word_1_197' title='bbox 705 1721 774 1760; x_wconf 87' lang='lat' dir='ltr'>sed</span> <span class='ocrx_word' id='word_1_198' title='bbox 804 1721 869 1761; x_wconf 86' lang='lat' dir='ltr'>uel</span> <span class='ocrx_word' id='word_1_199' title='bbox 901 1722 1072 1762; x_wconf 81' lang='lat' dir='ltr'>maxime</span> <span class='ocrx_word' id='word_1_200' title='bbox 1103 1723 1302 1763; x_wconf 87' lang='lat' dir='ltr'>discessus</span> <span class='ocrx_word' id='word_1_201' title='bbox 1326 1722 1509 1762; x_wconf 83' lang='lat' dir='ltr'>celeritas</span> <span class='ocrx_word' id='word_1_202' title='bbox 1533 1722 1663 1762; x_wconf 85' lang='lat' dir='ltr'>decla-</span> 
     </span>
     <span class='ocr_line' id='line_1_24' title="bbox 165 1786 1659 1843; baseline -0.001 -13"><span class='ocrx_word' id='word_1_203' title='bbox 165 1790 288 1830; x_wconf 83' lang='lat' dir='ltr'>randa</span> <span class='ocrx_word' id='word_1_204' title='bbox 319 1796 417 1829; x_wconf 84' lang='lat' dir='ltr'>erat.</span> <span class='ocrx_word' id='word_1_205' title='bbox 460 1786 577 1827; x_wconf 91' lang='lat' dir='ltr'>Edidi</span> <span class='ocrx_word' id='word_1_206' title='bbox 609 1787 756 1842; x_wconf 87' lang='lat' dir='ltr'>igitur,</span> <span class='ocrx_word' id='word_1_207' title='bbox 791 1790 892 1842; x_wconf 92' lang='lat' dir='ltr'>quod</span> <span class='ocrx_word' id='word_1_208' title='bbox 924 1803 984 1829; x_wconf 91' lang='lat' dir='ltr'>me</span> <span class='ocrx_word' id='word_1_209' title='bbox 1016 1790 1202 1843; x_wconf 88' lang='lat' dir='ltr'>scriptum</span> <span class='ocrx_word' id='word_1_210' title='bbox 1237 1804 1325 1830; x_wconf 90' lang='lat' dir='ltr'>esse</span> <span class='ocrx_word' id='word_1_211' title='bbox 1357 1804 1378 1829; x_wconf 84' lang='lat' dir='ltr'>a</span> <span class='ocrx_word' id='word_1_212' title='bbox 1401 1788 1578 1830; x_wconf 81' lang='lat' dir='ltr'>Caesare</span> <span class='ocrx_word' id='word_1_213' title='bbox 1599 1788 1659 1829; x_wconf 87' lang='grc' dir='ltr'>Μ.</span> 
     </span>
     <span class='ocr_line' id='line_1_25' title="bbox 166 1855 1661 1911; baseline -0.001 -13"><span class='ocrx_word' id='word_1_214' title='bbox 166 1856 361 1910; x_wconf 86' lang='lat' dir='ltr'>Hauptius</span> <span class='ocrx_word' id='word_1_215' title='bbox 394 1856 567 1905; x_wconf 87' lang='lat' dir='ltr'>monuit,</span> <span class='ocrx_word' id='word_1_216' title='bbox 606 1855 753 1897; x_wconf 84' lang='lat' dir='ltr'>‘abisse</span> <span class='ocrx_word' id='word_1_217' title='bbox 775 1864 814 1897; x_wconf 91' lang='lat' dir='ltr'>et</span> <span class='ocrx_word' id='word_1_218' title='bbox 836 1857 1002 1898; x_wconf 87' lang='lat' dir='ltr'>uenire&#39;.</span> <span class='ocrx_word' id='word_1_219' title='bbox 1050 1856 1241 1899; x_wconf 87' lang='lat' dir='ltr'>Inuersus</span> <span class='ocrx_word' id='word_1_220' title='bbox 1263 1872 1395 1898; x_wconf 88' lang='lat' dir='ltr'>rerum</span> <span class='ocrx_word' id='word_1_221' title='bbox 1419 1858 1515 1898; x_wconf 91' lang='lat' dir='ltr'>ordo</span> <span class='ocrx_word' id='word_1_222' title='bbox 1538 1859 1661 1911; x_wconf 86' lang='lat' dir='ltr'>ipsam</span> 
     </span>
     <span class='ocr_line' id='line_1_26' title="bbox 168 1924 640 1977; baseline -0.004 -12"><span class='ocrx_word' id='word_1_223' title='bbox 168 1925 406 1966; x_wconf 85' lang='lat' dir='ltr'>celeritatem</span> <span class='ocrx_word' id='word_1_224' title='bbox 430 1924 640 1977; x_wconf 86' lang='lat' dir='ltr'>significat.</span> 
     </span>
    </p>

    <p class='ocr_par' dir='ltr' id='par_1_5' title="bbox 167 1990 1664 2869">
     <span class='ocr_line' id='line_1_27' title="bbox 281 1990 1660 2046; baseline 0.001 -13"><span class='ocrx_word' id='word_1_225' title='bbox 281 1990 330 2033; x_wconf 88' lang='lat' dir='ltr'>C.</span> <span class='ocrx_word' id='word_1_226' title='bbox 355 1991 424 2042; x_wconf 87' lang='lat'>37,</span> <span class='ocrx_word' id='word_1_227' title='bbox 456 1991 485 2033; x_wconf 79' lang='lat'><strong>2</strong></span> <span class='ocrx_word' id='word_1_228' title='bbox 505 1991 562 2031; x_wconf 82' lang='lat' dir='ltr'>sic</span> <span class='ocrx_word' id='word_1_229' title='bbox 584 1992 751 2046; x_wconf 82' lang='lat' dir='ltr'>scripsi:</span> <span class='ocrx_word' id='word_1_230' title='bbox 793 1998 803 2017; x_wconf 82' lang='lat'><strong><em>⁴</em></strong></span> <span class='ocrx_word' id='word_1_231' title='bbox 819 1992 899 2034; x_wconf 89' lang='lat' dir='ltr'>Sed</span> <span class='ocrx_word' id='word_1_232' title='bbox 922 2006 1006 2034; x_wconf 87' lang='lat' dir='ltr'>cum</span> <span class='ocrx_word' id='word_1_233' title='bbox 1031 2003 1138 2037; x_wconf 88' lang='lat' dir='ltr'>esset</span> <span class='ocrx_word' id='word_1_234' title='bbox 1161 1997 1266 2037; x_wconf 88' lang='lat' dir='ltr'>inter</span> <span class='ocrx_word' id='word_1_235' title='bbox 1286 1996 1378 2036; x_wconf 89' lang='lat' dir='ltr'>bina</span> <span class='ocrx_word' id='word_1_236' title='bbox 1401 2001 1533 2036; x_wconf 87' lang='lat' dir='ltr'>castra</span> <span class='ocrx_word' id='word_1_237' title='bbox 1556 2006 1660 2035; x_wconf 86' lang='lat' dir='ltr'>eam-</span> 
     </span>
     <span class='ocr_line' id='line_1_28' title="bbox 168 2060 1661 2118; baseline 0.001 -16"><span class='ocrx_word' id='word_1_238' title='bbox 168 2075 238 2115; x_wconf 90' lang='lat' dir='ltr'>pus</span> <span class='ocrx_word' id='word_1_239' title='bbox 270 2060 429 2101; x_wconf 84' lang='lat' dir='ltr'>circiter</span> <span class='ocrx_word' id='word_1_240' title='bbox 459 2060 607 2100; x_wconf 89' lang='lat' dir='ltr'>milium</span> <span class='ocrx_word' id='word_1_241' title='bbox 638 2074 796 2115; x_wconf 89' lang='lat' dir='ltr'>passum</span> <span class='ocrx_word' id='word_1_242' title='bbox 818 2061 893 2113; x_wconf 90' lang='lat' dir='ltr'>Vl,</span> <span class='ocrx_word' id='word_1_243' title='bbox 930 2062 1127 2104; x_wconf 90' lang='lat' dir='ltr'>Domitius</span> <span class='ocrx_word' id='word_1_244' title='bbox 1150 2065 1291 2104; x_wconf 89' lang='lat' dir='ltr'>castris</span> <span class='ocrx_word' id='word_1_245' title='bbox 1315 2062 1512 2118; x_wconf 88' lang='lat' dir='ltr'>Scipionis</span> <span class='ocrx_word' id='word_1_246' title='bbox 1536 2063 1661 2104; x_wconf 89' lang='lat' dir='ltr'>aciem</span> 
     </span>
     <span class='ocr_line' id='line_1_29' title="bbox 168 2128 1662 2186; baseline 0.003 -18"><span class='ocrx_word' id='word_1_247' title='bbox 168 2143 277 2169; x_wconf 86' lang='lat' dir='ltr'>suam</span> <span class='ocrx_word' id='word_1_248' title='bbox 300 2128 491 2178; x_wconf 89' lang='lat' dir='ltr'>subiecit,</span> <span class='ocrx_word' id='word_1_249' title='bbox 526 2129 592 2170; x_wconf 92' lang='lat' dir='ltr'>ille</span> <span class='ocrx_word' id='word_1_250' title='bbox 614 2143 637 2169; x_wconf 84' lang='lat' dir='ltr'>a</span> <span class='ocrx_word' id='word_1_251' title='bbox 660 2130 763 2170; x_wconf 80' lang='lat' dir='ltr'>uallo</span> <span class='ocrx_word' id='word_1_252' title='bbox 786 2145 864 2171; x_wconf 91' lang='lat' dir='ltr'>non</span> <span class='ocrx_word' id='word_1_253' title='bbox 889 2132 1091 2173; x_wconf 87' lang='lat' dir='ltr'>discedere</span> <span class='ocrx_word' id='word_1_254' title='bbox 1114 2132 1401 2186; x_wconf 87' lang='lat' dir='ltr'>perseuerauit.</span> <span class='ocrx_word' id='word_1_255' title='bbox 1446 2131 1507 2172; x_wconf 90' lang='lat' dir='ltr'>Ac</span> <span class='ocrx_word' id='word_1_256' title='bbox 1529 2139 1662 2172; x_wconf 84' lang='lat' dir='ltr'>tamen</span> 
     </span>
     <span class='ocr_line' id='line_1_30' title="bbox 167 2196 1664 2255; baseline 0.003 -19"><span class='ocrx_word' id='word_1_257' title='bbox 167 2211 286 2251; x_wconf 85' lang='lat' dir='ltr'>aegre</span> <span class='ocrx_word' id='word_1_258' title='bbox 308 2197 477 2237; x_wconf 85' lang='lat' dir='ltr'>retentis</span> <span class='ocrx_word' id='word_1_259' title='bbox 502 2196 739 2238; x_wconf 86' lang='lat' dir='ltr'>Domitianis</span> <span class='ocrx_word' id='word_1_260' title='bbox 763 2199 950 2240; x_wconf 84' lang='lat' dir='ltr'>militibus</span> <span class='ocrx_word' id='word_1_261' title='bbox 975 2208 1035 2241; x_wconf 87' lang='lat' dir='ltr'>est</span> <span class='ocrx_word' id='word_1_262' title='bbox 1057 2201 1218 2249; x_wconf 89' lang='lat' dir='ltr'>factum,</span> <span class='ocrx_word' id='word_1_263' title='bbox 1254 2215 1303 2241; x_wconf 90' lang='lat' dir='ltr'>ne</span> <span class='ocrx_word' id='word_1_264' title='bbox 1326 2200 1476 2255; x_wconf 89' lang='lat' dir='ltr'>proelio</span> <span class='ocrx_word' id='word_1_265' title='bbox 1502 2206 1664 2240; x_wconf 88' lang='lat' dir='ltr'>conten·-</span> 
     </span>
     <span class='ocr_line' id='line_1_31' title="bbox 168 2264 1662 2322; baseline 0.001 -17"><span class='ocrx_word' id='word_1_266' title='bbox 168 2265 355 2305; x_wconf 84' lang='lat' dir='ltr'>deretnr&#39;.</span> <span class='ocrx_word' id='word_1_267' title='bbox 389 2264 493 2305; x_wconf 87' lang='lat' dir='ltr'>Nam</span> <span class='ocrx_word' id='word_1_268' title='bbox 518 2267 755 2315; x_wconf 72' lang='lat' dir='ltr'>‘attamen&#39;,</span> <span class='ocrx_word' id='word_1_269' title='bbox 782 2267 881 2321; x_wconf 90' lang='lat' dir='ltr'>qnod</span> <span class='ocrx_word' id='word_1_270' title='bbox 906 2267 944 2307; x_wconf 92' lang='lat' dir='ltr'>in</span> <span class='ocrx_word' id='word_1_271' title='bbox 969 2269 1080 2308; x_wconf 85' lang='lat' dir='ltr'>codd.</span> <span class='ocrx_word' id='word_1_272' title='bbox 1102 2269 1270 2322; x_wconf 85' lang='lat' dir='ltr'>legitur,</span> <span class='ocrx_word' id='word_1_273' title='bbox 1306 2268 1546 2309; x_wconf 85' lang='lat' dir='ltr'>contrariam</span> <span class='ocrx_word' id='word_1_274' title='bbox 1570 2281 1662 2308; x_wconf 84' lang='lat' dir='ltr'>sen-</span> 
     </span>
     <span class='ocr_line' id='line_1_32' title="bbox 167 2331 1659 2389; baseline 0.002 -17"><span class='ocrx_word' id='word_1_275' title='bbox 167 2331 331 2373; x_wconf 86' lang='lat' dir='ltr'>tentiam</span> <span class='ocrx_word' id='word_1_276' title='bbox 353 2332 535 2383; x_wconf 86' lang='lat' dir='ltr'>inferret,</span> <span class='ocrx_word' id='word_1_277' title='bbox 560 2334 687 2388; x_wconf 77' lang='lat' dir='ltr'>quasi,</span> <span class='ocrx_word' id='word_1_278' title='bbox 714 2349 798 2375; x_wconf 90' lang='lat' dir='ltr'>cum</span> <span class='ocrx_word' id='word_1_279' title='bbox 815 2333 946 2389; x_wconf 85' lang='lat' dir='ltr'>Scipio</span> <span class='ocrx_word' id='word_1_280' title='bbox 970 2335 1007 2376; x_wconf 89' lang='lat' dir='ltr'>in</span> <span class='ocrx_word' id='word_1_281' title='bbox 1023 2337 1108 2377; x_wconf 89' lang='lat' dir='ltr'>loco</span> <span class='ocrx_word' id='word_1_282' title='bbox 1122 2337 1383 2378; x_wconf 88' lang='lat' dir='ltr'>munitissimo</span> <span class='ocrx_word' id='word_1_283' title='bbox 1397 2335 1659 2385; x_wconf 84' lang='lat' dir='ltr'>constitisset,</span> 
     </span>
     <span class='ocr_line' id='line_1_33' title="bbox 167 2398 1658 2460; baseline 0.002 -20"><span class='ocrx_word' id='word_1_284' title='bbox 167 2398 363 2441; x_wconf 87' lang='lat' dir='ltr'>Domitius</span> <span class='ocrx_word' id='word_1_285' title='bbox 395 2401 556 2454; x_wconf 87' lang='lat' dir='ltr'>iniquo,</span> <span class='ocrx_word' id='word_1_286' title='bbox 591 2403 629 2442; x_wconf 93' lang='lat' dir='ltr'>id</span> <span class='ocrx_word' id='word_1_287' title='bbox 659 2403 864 2456; x_wconf 86' lang='lat' dir='ltr'>expectari</span> <span class='ocrx_word' id='word_1_288' title='bbox 887 2403 1114 2456; x_wconf 85' lang='lat' dir='ltr'>debuisset,</span> <span class='ocrx_word' id='word_1_289' title='bbox 1148 2413 1192 2446; x_wconf 92' lang='lat' dir='ltr'>ut</span> <span class='ocrx_word' id='word_1_290' title='bbox 1220 2405 1436 2446; x_wconf 84' lang='lat' dir='ltr'>Domitiani</span> <span class='ocrx_word' id='word_1_291' title='bbox 1469 2403 1658 2460; x_wconf 88' lang='lat' dir='ltr'>proelium</span> 
     </span>
     <span class='ocr_line' id='line_1_34' title="bbox 169 2468 1657 2526; baseline 0.005 -19"><span class='ocrx_word' id='word_1_292' title='bbox 169 2468 474 2509; x_wconf 88' lang='lat' dir='ltr'>committerent.</span> <span class='ocrx_word' id='word_1_293' title='bbox 510 2468 659 2510; x_wconf 83' lang='lat' dir='ltr'>Eadem</span> <span class='ocrx_word' id='word_1_294' title='bbox 683 2484 801 2511; x_wconf 86' lang='lat' dir='ltr'>causa</span> <span class='ocrx_word' id='word_1_295' title='bbox 824 2479 886 2512; x_wconf 88' lang='lat' dir='ltr'>est</span> <span class='ocrx_word' id='word_1_296' title='bbox 908 2473 1117 2514; x_wconf 91' lang='lat' dir='ltr'>uerborum</span> <span class='ocrx_word' id='word_1_297' title='bbox 1139 2488 1174 2514; x_wconf 90' lang='lat' dir='ltr'>c.</span> <span class='ocrx_word' id='word_1_298' title='bbox 1193 2474 1264 2526; x_wconf 83' lang='lat'>87,</span> <span class='ocrx_word' id='word_1_299' title='bbox 1290 2476 1330 2523; x_wconf 87' lang='lat'>5,</span> <span class='ocrx_word' id='word_1_300' title='bbox 1354 2475 1419 2516; x_wconf 94' lang='lat' dir='ltr'>ubi</span> <span class='ocrx_word' id='word_1_301' title='bbox 1437 2472 1657 2523; x_wconf 81' lang='lat' dir='ltr'>Labienus,</span> 
     </span>
     <span class='ocr_line' id='line_1_35' title="bbox 170 2534 1661 2597; baseline 0.006 -24"><span class='ocrx_word' id='word_1_302' title='bbox 170 2541 371 2588; x_wconf 87' lang='lat' dir='ltr'>postquam</span> <span class='ocrx_word' id='word_1_303' title='bbox 413 2534 602 2578; x_wconf 86' lang='lat' dir='ltr'>Caesaris</span> <span class='ocrx_word' id='word_1_304' title='bbox 647 2539 867 2580; x_wconf 81' lang='lat' dir='ltr'>exercitum</span> <span class='ocrx_word' id='word_1_305' title='bbox 902 2542 1113 2583; x_wconf 86' lang='lat' dir='ltr'>maximam</span> <span class='ocrx_word' id='word_1_306' title='bbox 1145 2550 1295 2597; x_wconf 81' lang='lat' dir='ltr'>partem</span> <span class='ocrx_word' id='word_1_307' title='bbox 1326 2543 1441 2583; x_wconf 89' lang='lat' dir='ltr'>nouis</span> <span class='ocrx_word' id='word_1_308' title='bbox 1472 2541 1661 2583; x_wconf 84' lang='lat' dir='ltr'>militibus</span> 
     </span>
     <span class='ocr_line' id='line_1_36' title="bbox 171 2606 1658 2664; baseline 0.005 -23"><span class='ocrx_word' id='word_1_309' title='bbox 171 2610 350 2644; x_wconf 83' lang='lat' dir='ltr'>constare</span> <span class='ocrx_word' id='word_1_310' title='bbox 371 2606 632 2655; x_wconf 86' lang='lat' dir='ltr'>asseuerauit,</span> <span class='ocrx_word' id='word_1_311' title='bbox 658 2621 737 2647; x_wconf 92' lang='lat' dir='ltr'>non</span> <span class='ocrx_word' id='word_1_312' title='bbox 760 2616 915 2661; x_wconf 88' lang='lat' dir='ltr'>poterat</span> <span class='ocrx_word' id='word_1_313' title='bbox 937 2610 1094 2651; x_wconf 86' lang='lat' dir='ltr'>adicere</span> <span class='ocrx_word' id='word_1_314' title='bbox 1119 2611 1349 2661; x_wconf 82' lang='lat' dir='ltr'>‘Attamen,</span> <span class='ocrx_word' id='word_1_315' title='bbox 1384 2611 1486 2664; x_wconf 87' lang='lat' dir='ltr'>quod</span> <span class='ocrx_word' id='word_1_316' title='bbox 1505 2610 1576 2650; x_wconf 85' lang='lat' dir='ltr'>fuit</span> <span class='ocrx_word' id='word_1_317' title='bbox 1592 2622 1658 2649; x_wconf 88' lang='lat' dir='ltr'>ro-</span> 
     </span>
     <span class='ocr_line' id='line_1_37' title="bbox 170 2668 1656 2730; baseline 0.009 -23"><span class='ocrx_word' id='word_1_318' title='bbox 170 2668 276 2708; x_wconf 87' lang='lat' dir='ltr'>boris</span> <span class='ocrx_word' id='word_1_319' title='bbox 300 2670 448 2712; x_wconf 91' lang='lat' dir='ltr'>duobus</span> <span class='ocrx_word' id='word_1_320' title='bbox 470 2674 629 2726; x_wconf 89' lang='lat' dir='ltr'>proeliis</span> <span class='ocrx_word' id='word_1_321' title='bbox 651 2673 945 2730; x_wconf 81' lang='lat' dir='ltr'>Dyrrhachinis</span> <span class='ocrx_word' id='word_1_322' title='bbox 968 2678 1155 2718; x_wconf 84' lang='lat' dir='ltr'>interiit&#39;:</span> <span class='ocrx_word' id='word_1_323' title='bbox 1181 2686 1291 2720; x_wconf 82' lang='lat' dir='ltr'>reete</span> <span class='ocrx_word' id='word_1_324' title='bbox 1313 2679 1365 2720; x_wconf 91' lang='lat' dir='ltr'>ibi</span> <span class='ocrx_word' id='word_1_325' title='bbox 1394 2680 1432 2719; x_wconf 91' lang='lat' dir='ltr'>in</span> <span class='ocrx_word' id='word_1_326' title='bbox 1454 2679 1549 2720; x_wconf 81' lang='lat' dir='ltr'>Par.</span> <span class='ocrx_word' id='word_1_327' title='bbox 1574 2692 1656 2720; x_wconf 83' lang='lat' dir='ltr'>sec.</span> 
     </span>
     <span class='ocr_line' id='line_1_38' title="bbox 173 2734 1657 2795; baseline 0.008 -20"><span class='ocrx_word' id='word_1_328' title='bbox 173 2743 212 2776; x_wconf 90' lang='lat' dir='ltr'>et</span> <span class='ocrx_word' id='word_1_329' title='bbox 231 2734 346 2777; x_wconf 88' lang='lat' dir='ltr'>Leid.</span> <span class='ocrx_word' id='word_1_330' title='bbox 371 2752 429 2791; x_wconf 88' lang='lat' dir='ltr'>pr.</span> <span class='ocrx_word' id='word_1_331' title='bbox 455 2742 641 2795; x_wconf 90' lang='lat' dir='ltr'>scriptum</span> <span class='ocrx_word' id='word_1_332' title='bbox 666 2750 728 2783; x_wconf 86' lang='lat' dir='ltr'>est</span> <span class='ocrx_word' id='word_1_333' title='bbox 751 2748 820 2784; x_wconf 76' lang='lat' dir='ltr'>‘ac</span> <span class='ocrx_word' id='word_1_334' title='bbox 844 2747 1010 2786; x_wconf 83' lang='lat' dir='ltr'>tamen&#39;.</span> <span class='ocrx_word' id='word_1_335' title='bbox 1053 2746 1256 2787; x_wconf 88' lang='lat' dir='ltr'>Accurate</span> <span class='ocrx_word' id='word_1_336' title='bbox 1281 2748 1326 2787; x_wconf 91' lang='lat' dir='ltr'>de</span> <span class='ocrx_word' id='word_1_337' title='bbox 1350 2747 1421 2787; x_wconf 89' lang='lat' dir='ltr'>hoc</span> <span class='ocrx_word' id='word_1_338' title='bbox 1444 2746 1540 2787; x_wconf 89' lang='lat' dir='ltr'>uitio</span> <span class='ocrx_word' id='word_1_339' title='bbox 1562 2747 1657 2787; x_wconf 86' lang='lat' dir='ltr'>satis</span> 
     </span>
     <span class='ocr_line' id='line_1_39' title="bbox 173 2804 1532 2869; baseline 0.01 -28"><span class='ocrx_word' id='word_1_340' title='bbox 173 2804 363 2857; x_wconf 84' lang='lat' dir='ltr'>frequenti</span> <span class='ocrx_word' id='word_1_341' title='bbox 385 2806 596 2860; x_wconf 85' lang='lat' dir='ltr'>disputauit</span> <span class='ocrx_word' id='word_1_342' title='bbox 617 2808 843 2866; x_wconf 88' lang='lat' dir='ltr'>Maduigius</span> <span class='ocrx_word' id='word_1_343' title='bbox 866 2813 912 2853; x_wconf 85' lang='lat' dir='ltr'>ad</span> <span class='ocrx_word' id='word_1_344' title='bbox 935 2811 1022 2854; x_wconf 87' lang='lat' dir='ltr'>Cic.</span> <span class='ocrx_word' id='word_1_345' title='bbox 1049 2815 1095 2855; x_wconf 88' lang='lat' dir='ltr'>de</span> <span class='ocrx_word' id='word_1_346' title='bbox 1117 2816 1184 2855; x_wconf 90' lang='lat' dir='ltr'>fin.</span> <span class='ocrx_word' id='word_1_347' title='bbox 1209 2830 1247 2869; x_wconf 92' lang='lat' dir='ltr'>p.</span> <span class='ocrx_word' id='word_1_348' title='bbox 1272 2814 1356 2856; x_wconf 77' lang='lat'>289</span> <span class='ocrx_word' id='word_1_349' title='bbox 1378 2822 1417 2855; x_wconf 87' lang='lat' dir='ltr'>et</span> <span class='ocrx_word' id='word_1_350' title='bbox 1437 2814 1532 2855; x_wconf 79' lang='lat'>429.</span> 
     </span>
    </p>

    <p class='ocr_par' dir='ltr' id='par_1_6' title="bbox 285 2868 1653 2937">
     <span class='ocr_line' id='line_1_40' title="bbox 285 2868 1653 2937; baseline 0.009 -27"><span class='ocrx_word' id='word_1_351' title='bbox 285 2868 335 2911; x_wconf 83' lang='lat' dir='ltr'>C.</span> <span class='ocrx_word' id='word_1_352' title='bbox 360 2870 413 2913; x_wconf 84' lang='lat'>38</span> <span class='ocrx_word' id='word_1_353' title='bbox 433 2883 618 2917; x_wconf 87' lang='lat' dir='ltr'>narratur</span> <span class='ocrx_word' id='word_1_354' title='bbox 638 2877 872 2932; x_wconf 89' lang='lat' dir='ltr'>Domitium,</span> <span class='ocrx_word' id='word_1_355' title='bbox 896 2888 941 2922; x_wconf 87' lang='lat' dir='ltr'>ut</span> <span class='ocrx_word' id='word_1_356' title='bbox 960 2880 1184 2936; x_wconf 90' lang='lat' dir='ltr'>Scipionem</span> <span class='ocrx_word' id='word_1_357' title='bbox 1206 2884 1253 2924; x_wconf 83' lang='lat' dir='ltr'>ad</span> <span class='ocrx_word' id='word_1_358' title='bbox 1285 2896 1452 2937; x_wconf 80' lang='lat' dir='ltr'>pugnam</span> <span class='ocrx_word' id='word_1_359' title='bbox 1476 2881 1653 2933; x_wconf 74' lang='lat' dir='ltr'>eliceret,</span> 
     </span>
    </p>
   </div>
  </div>
 </body>
</html>
