1835 3240
585 139 767 184 COMM.
792 140 832 182 II
863 139 987 182 CAP.
1014 139 1213 181 11—14.
1638 140 1723 185 299

167 270 277 313 quam
300 268 344 296 se
366 255 500 295 hostes
522 268 577 295 ex
598 261 754 295 terrore
777 268 822 295 ac
840 255 932 308 suga
943 254 1181 308 reciperent,
1206 253 1247 294 in
1261 254 1357 293 fines
1372 251 1645 306 Suessionum,

165 325 230 378 qui
252 323 423 377 proximi
443 322 582 363 Remis
606 329 742 372 erant,
775 322 993 363 exercitum
1017 321 1129 361 duxit
1149 327 1189 362 et
1210 334 1351 373 magno
1373 321 1515 361 itinere
1538 323 1650 376 [con-

165 392 287 446 fecto]
311 392 359 432 ad
381 391 562 445 oppidum
574 389 857 432 Nouiodunum
879 390 1093 430 contendit.
1127 388 1173 430 Id
1196 403 1247 430 ex
1267 389 1410 428 itinere
1426 403 1651 442 oppugnare
1671 391 1698 431 2

165 467 347 509 conatus,
373 460 473 512 quod
495 474 663 499 uacuum
686 459 732 498 ab
755 458 1030 498 defensoribus
1053 472 1142 498 esse
1164 457 1369 505 audiebat,
1407 464 1567 510 propter
1597 458 1653 497 la-

120 536 137 567 5
170 528 374 568 titudinem
404 529 534 568 fossae
567 526 746 579 murique
776 525 1022 565 altitudinem
1064 526 1198 580 paucis
1240 524 1540 566 defendentibus
1581 539 1652 564 ex-

167 610 344 650 pugnare
375 610 454 635 non
486 594 625 649 potuit.
681 590 838 633 Castris
869 594 1030 633 munitis
1062 594 1200 634 uineas
1232 607 1352 647 agere
1389 605 1566 645 quaeque
1605 592 1653 632 ad
1676 592 1699 632 3

169 664 470 717 oppugnandum
493 663 578 703 usui
600 668 714 701 erant
735 674 963 715 comparare
987 661 1125 714 coepit.
1167 659 1331 701 Interim
1354 660 1480 700 omnis
1495 673 1547 699 ex
1562 661 1654 714 fuga
1675 660 1702 699 4

168 729 428 772 Suessionum
450 731 657 770 mult-itudo
679 730 718 769 in
742 729 922 783 oppidum
945 728 1124 782 proxima
1147 736 1264 769 nocte
1288 728 1487 769 conuenit.
1539 725 1655 768 Cele-
1677 726 1701 767 5

165 800 265 840 riter
286 800 412 840 uineis
434 799 481 839 ad
504 798 684 852 oppidum
707 797 823 844 actis,
859 811 1004 851 aggere
1025 797 1130 838 iacto
1153 797 1404 849 turribusque
1427 796 1654 836 constitutis

93 875 133 908 10
164 867 433 921 magnitudine
456 880 633 920 operum,
658 879 756 919 qnae
778 879 906 919 neque
928 865 1112 906 uiderant
1131 873 1224 905 ante
1247 863 1349 905 Galli
1372 878 1498 917 neque
1521 864 1657 904 audie-

167 943 279 985 rant,
313 942 352 975 et
383 935 586 975 celeritate
617 933 888 974 Romanorum
921 934 1087 987 permoti
1118 934 1272 987 legatos
1304 934 1351 973 ad
1375 930 1590 973 Caesarem
1613 932 1659 973 de

168 1003 363 1043 deditione
377 1003 536 1042 mittunt
548 1002 820 1056 etpetentibus
832 1001 986 1051 Remis,
1006 1010 1046 1042 ut
1060 1008 1413 1048 conseruarentur,
1428 1001 1654 1054 impetrant.

169 1068 322 1112 Caesar
344 1071 545 1111 obsidibus
569 1071 740 1125 acceptis
763 1070 898 1124 primis
922 1070 1094 1111 ciuitatis
1126 1077 1243 1123 atque
1276 1069 1399 1123 ipsius
1423 1067 1574 1109 Galbae
1596 1082 1660 1109 re·
1682 1066 1735 1112 13

169 1141 227 1194 gis
251 1140 399 1180 duobus
421 1140 510 1180 filiis
533 1139 731 1192 armisque
754 1138 934 1178 omnibus
957 1152 1010 1178 ex
1031 1138 1169 1192 oppido
1194 1137 1345 1178 traditis
1361 1137 1402 1177 in
1420 1136 1659 1177 deditionem

98 1215 137 1248 15
170 1206 408 1249 Suessiones
432 1208 583 1261 accepit
606 1207 903 1260 exercitumque
924 1207 964 1247 in
981 1204 1217 1246 Bellouacos
1240 1206 1360 1245 ducit.
1407 1202 1486 1257 Qui
1509 1218 1594 1244 cum
1617 1216 1660 1244 se
1681 1202 1708 1244 2

170 1290 322 1329 suaque
344 1276 474 1316 omnia
495 1275 535 1315 in
558 1275 735 1329 oppidum
754 1273 1080 1329 Bratuspantium
1103 1274 1379 1323 contulissent,
1404 1280 1521 1326 atque
1544 1271 1591 1312 ab
1614 1285 1660 1312 eo

174 1344 312 1397 oppido
336 1341 490 1383 Caesar
511 1358 597 1383 cum
620 1346 802 1384 exercitu
825 1344 985 1384 circiter
1011 1343 1118 1382 milia
1139 1357 1324 1396 passuum
1355 1341 1525 1394 quinque
1547 1339 1661 1380 abes-

174 1418 261 1460 set,
295 1425 430 1451 omnes
462 1412 632 1451 maiores
663 1418 758 1451 natu
791 1425 843 1450 ex
874 1411 1014 1464 oppido
1037 1411 1188 1465 egressi
1209 1424 1349 1450 manus
1372 1409 1420 1449 ad
1443 1407 1661 1449 Caesarem

174 1479 337 1520 tendere
359 1487 399 1520 et
419 1494 517 1520 uoce
539 1480 763 1533 significare
786 1486 1001 1533 coeperunt
1022 1492 1110 1519 sese
1132 1479 1173 1518 in
1196 1479 1280 1519 eius
1303 1478 1414 1518 fidem
1429 1491 1474 1517 ac
1490 1482 1662 1530 potesta-

98 1553 140 1588 20
172 1553 249 1586 tem
283 1548 418 1588 uenire
448 1561 573 1600 neque
603 1554 738 1587 contra
772 1547 954 1601 populum
987 1546 1209 1586 Romanum
1250 1546 1370 1586 armis
1403 1544 1658 1585 contendere.

174 1612 288 1664 Item,
314 1628 399 1654 cum
412 1615 460 1655 ad
482 1616 660 1669 oppidum
685 1615 922 1655 accessisset
944 1623 1150 1668 castraque
1171 1614 1223 1654 ibi
1246 1620 1426 1667 poneret,
1451 1612 1564 1666 pueri
1579 1624 1662 1651 mu·
1685 1609 1710 1650 3

175 1682 370 1735 liet-esque
402 1696 454 1722 ex
486 1697 597 1723 muro
629 1684 756 1737 passis
789 1683 969 1723 manibus
999 1697 1071 1724 suo
1103 1696 1211 1723 more
1245 1695 1378 1735 pacem
1401 1681 1448 1720 ab
1469 1679 1662 1720 Romanis

175 1750 387 1803 petierunt.
430 1748 509 1791 Pro
533 1751 591 1791 his
613 1749 839 1792 Diuitiacus
873 1754 981 1801 (nam
1014 1757 1102 1805 post
1133 1751 1350 1790 discessum
1371 1747 1586 1803 Belgarum
1609 1747 1664 1786 di·
1685 1745 1741 1790 14

174 1819 306 1859 missis
328 1817 581 1859 Haeduorum
614 1820 736 1874 copiis
769 1821 818 1861 ad
847 1834 934 1860 eum
958 1821 1200 1870 reucrterat)
1224 1818 1318 1858 facit
1339 1818 1486 1858 uerba:
1531 1815 1666 1856 Bello·
1685 1814 1714 1856 2

100 1895 142 1929 25
175 1901 295 1928 uacos
319 1887 424 1927 omni
446 1894 620 1942 tempore
642 1889 682 1928 in
705 1888 778 1929 fide
790 1895 905 1941 atque
919 1888 1092 1928 amicitia
1115 1886 1288 1928 ciuitatis
1302 1884 1493 1926 Haeduae
1515 1885 1663 1925 fuisse:

176 1955 352 2008 inpulsos
385 1955 432 1995 ab
464 1956 544 1996 suis
568 1957 807 2011 principibus
824 1988 834 2007 ,
860 1958 924 2012 qui
949 1957 1126 1997 dicerent
1147 1955 1335 1996 Haeduos
1357 1955 1403 1994 ab
1428 1951 1604 1994 Caesare
1625 1952 1667 1992 in
1688 1950 1714 1992 3

180 2024 409 2064 seruitutem
441 2025 622 2065 redactos
657 2039 793 2065 omnes
824 2025 1079 2080 indignitates
1113 2024 1448 2076 contumeliasque
1471 2022 1663 2076 perferre,

178 2099 217 2132 et
239 2091 285 2131 ab
309 2090 486 2131 Haeduis
510 2093 701 2133 defecisse
724 2100 763 2133 et
785 2094 924 2147 populo
947 2092 1130 2133 Romano
1161 2093 1303 2132 belluni
1336 2091 1535 2131 intulisse.
1590 2086 1669 2141 Qui
1689 2086 1717 2127 4

179 2159 262 2199 eius
286 2159 440 2200 consilii
463 2162 658 2215 principes
681 2161 872 2209 fuissent,
912 2161 1014 2214 quod
1036 2161 1331 2215 intellegerent,
1358 2166 1543 2212 quantam
1566 2157 1669 2197 cala-

107 2233 147 2265 30
177 2227 352 2267 mitatem
374 2228 526 2269 ciuitati
547 2230 791 2281 intulissent,
816 2230 858 2271 in
872 2228 1121 2271 Britanniam
1144 2229 1384 2283 profugisse.
1414 2225 1559 2267 Petere
1589 2238 1669 2266 non
1691 2222 1715 2264 5

324 2389 339 2420 1
361 2389 477 2421 hostes
497 2391 581 2431 ses.
719 2400 760 2422 ex
779 2399 906 2432 pauore
926 2390 982 2432 ef.
1147 2391 1168 2424 2
1185 2389 1338 2432 proxime
1358 2392 1594 2422 remanserant
1612 2397 1669 2419 ex-

184 2442 325 2472 ercitum
343 2442 389 2473 D.
533 2442 721 2485 [consecto]
740 2444 779 2474 P.
801 2443 857 2475 60.
975 2444 993 2476 3
1011 2442 1236 2476 Nouodunum
1258 2444 1290 2475 b.
1410 2452 1607 2485 expugnare
1636 2442 1665 2476 b.

323 2495 343 2526 4
362 2499 526 2534 cognatus
544 2496 588 2528 A.
732 2496 750 2528 6
774 2505 860 2537 quae
880 2496 921 2527 ad
945 2497 976 2528 b.
1118 2497 1136 2529 7
1157 2506 1272 2527 omnes
1291 2496 1337 2527 A.
1489 2498 1508 2527 ὅ
1528 2495 1670 2527 Suesso-

185 2551 261 2572 num
278 2553 323 2575 m.
339 2555 395 2585 pr.
414 2546 456 2576 B.
597 2547 753 2589 proxima
772 2547 804 2578 in
825 2551 924 2578 nocte
944 2548 987 2579 A.
1132 2548 1174 2581 12
1192 2547 1328 2578 detione
1350 2557 1395 2578 m.
1413 2557 1473 2588 pr.
1494 2546 1537 2578 B.

187 2592 226 2625 13
246 2594 350 2636 ipsius
370 2596 502 2630 Galliae
522 2600 554 2632 b.
676 2600 715 2631 15
738 2599 929 2632 Suessones
948 2610 995 2631 m.
1011 2610 1071 2642 pr.
1090 2601 1136 2631 B.
1256 2599 1459 2640 Bellouagos
1478 2599 1508 2630 B
1524 2598 1591 2630 CI)
1607 2599 1665 2630 bc.

337 2648 377 2680 17
394 2650 486 2682 milia
507 2661 575 2683 om.
594 2652 670 2684 AB
687 2652 738 2692 D,
758 2653 819 2684 mit
837 2655 904 2684 int.
925 2664 1020 2685 uer-s.
1039 2663 1087 2684 m.
1107 2664 1176 2685 sec.
1196 2653 1238 2685 B.
1386 2653 1427 2684 21
1449 2650 1668 2693 accessisset]

187 2698 341 2731 uenisset
358 2701 389 2732 b.
484 2704 528 2735 22
545 2704 675 2745 sparsis
693 2705 851 2737 manibus
873 2705 914 2738 C.
1033 2707 1076 2739 24
1101 2717 1264 2738 reuersus
1284 2710 1360 2738 erat
1379 2706 1410 2737 b.
1513 2705 1670 2736 Belloua-

186 2759 244 2789 gos
262 2751 305 2781 B.
441 2753 483 2785 26
502 2753 657 2796 inpulsos
676 2756 786 2798 ABs.
975 2757 1016 2789 ab
1035 2758 1107 2790 suis
1134 2758 1194 2799 (B)
1218 2758 1286 2790 CI)
1300 2758 1386 2799 Es,
1406 2766 1424 2787 a
1445 2756 1515 2788 suis
1535 2754 1656 2797 (Απφ)
1670 2757 1686 2785 ?

294 2802 334 2833 ab
354 2802 501 2837 Caesare
522 2806 792 2848 Ondendorpz‘us
805 2833 813 2845 ‚
844 2809 886 2840 ad
905 2808 1089 2841 Caesarem
1108 2811 1202 2850 AB,
1223 2820 1241 2841 a
1260 2809 1409 2841 Caesare
1429 2819 1475 2840 m.
1493 2818 1561 2839 sec.
1582 2807 1614 2838 B
1630 2817 1666 2838 u.

294 2852 337 2885 29
357 2853 429 2886 eius
446 2856 618 2898 ABDE,
640 2859 739 2891 huius
760 2860 846 2901 C?s
858 2863 896 2892 et
909 2871 955 2892 m.
975 2872 1043 2893 see.
1064 2862 1106 2893 B.
1203 2862 1245 2894 30
1264 2861 1466 2893 Brittaniam
1485 2869 1532 2891 771.
1547 2868 1606 2900 pr.
1623 2858 1666 2890 B.
