1835 3240
712 166 1136 208 —142—

184 279 295 332 Inde,
320 294 551 334 quamquam
583 280 742 321 litterae
766 279 839 321 ‘re'
861 281 1016 334 punctis
1034 287 1193 322 notatae
1215 289 1308 323 sunt
1323 314 1333 334 ,
1358 283 1495 337 quibus
1519 297 1585 325 005
1608 284 1674 325 de-

183 349 320 390 lendas
342 362 430 390 esse
452 349 721 403 significatur,
755 363 833 388 non
855 349 988 389 dubito
1004 379 1015 399 ,
1047 349 1137 402 quin
1159 351 1337 405 suppleto
1363 352 1555 393 uocabulo
1577 352 1674 393 scri-

185 417 354 458 bendum
386 418 461 458 sit:
491 423 593 457 ‘cum
625 416 820 457 cotidiana
849 417 1134 458 consuetudine
1164 431 1349 472 egressae
1380 420 1672 473 pabulatoribus

184 486 380 539 praesidio
412 485 592 539 propiore
615 490 746 538 ponte
774 483 952 537 legiones
982 483 1184 526 Fabianae
1214 487 1313 526 duae
1343 488 1484 528 flumen
1507 488 1673 528 transis-

185 554 302 594 sent'.
349 552 460 594 Duos
493 553 595 593 enim
628 558 766 605 pontes
797 550 964 593 Fabium
995 553 1036 593 in
1059 551 1197 594 Sicore
1228 555 1371 595 fecisse
1400 555 1511 595 initio
1535 555 1672 609 capitis

187 623 427 662 declaratum
450 627 525 660 est.
566 618 667 659 Eum
690 628 819 661 autem
841 628 1014 675 pontem,
1040 636 1114 675 quo
1137 622 1314 677 legiones
1337 623 1540 663 traductae
1561 630 1670 673 sunt,

187 689 327 731 castris
358 688 580 742 propiorem
611 687 733 728 fuisse
765 703 816 729 ex
847 691 883 742 §-
916 688 943 730 7
972 697 1158 744 0111101οῐ,
1192 690 1257 730 11111
1278 688 1423 730 Fabius
1445 690 1672 730 interclusis

185 757 404 811 legionibus
427 756 616 796 ulteriore
638 763 756 810 ponte
778 756 994 798 subsidium
1015 759 1171 799 misisse
1193 758 1351 798 dicitur.
1380 755 1576 798 Similiter
1595 755 1670 807 ΙΙΙ,

183 825 255 875 94,
279 824 306 865 6
336 838 387 864 ex
418 823 549 864 uerbis
581 825 652 864 ‘ad
683 825 920 878 praetoriam
953 827 1124 879 portam'
1156 826 1198 866 in
1228 824 1323 865 Par.
1353 838 1436 866 500.
1469 824 1587 867 Leid.
1611 839 1672 880 pr.

186 890 294 933 Scal.
322 894 464 932 factum
483 898 544 932 est
568 892 632 931 ‘ad
653 892 923 946 praetorium'.

298 958 347 1001 C.
371 958 441 1009 48,
465 958 492 998 4
524 958 581 999 sic
604 960 747 1000 edunt:
775 964 920 1013 ‘neque
950 962 1113 1002 maximi
1135 962 1368 1011 comitatuS,
1403 963 1466 1014 qui
1490 976 1542 1003 ex
1561 960 1676 1003 Italia

187 1026 395 1081 Galliaque
424 1028 662 1078 ueniebant,
705 1028 746 1068 in
785 1036 915 1069 castra
946 1031 1152 1084 peruenire
1183 1028 1396 1085 poterant',
1431 1029 1524 1070 item
1556 1028 1625 1079 51,
1652 1029 1673 1069 1

189 1096 409 1137 ‘nuntiatur
435 1095 603 1136 Afranio
633 1110 796 1151 magnos
820 1098 1052 1149 comitatus,
1088 1099 1152 1152 qui
1183 1099 1260 1139 iter
1281 1098 1474 1138 habebant
1502 1098 1548 1138 ad
1573 1094 1677 1137 Cae-

189 1179 346 1215 sarem,
382 1164 430 1204 ad
451 1164 593 1204 flumen
616 1165 860 1205 constitisse'
883 1173 920 1205 et
944 1165 1019 1216 54,
1045 1165 1069 1206 5
1095 1167 1165 1207 ‘ita
1197 1167 1406 1206 comitatus
1429 1171 1482 1215 et,
1508 1165 1572 1218 qui
1595 1166 1676 1205 fru-

187 1233 306 1273 menti
330 1247 449 1273 causa
471 1240 765 1285 processerant,
793 1240 874 1273 tuto
897 1234 945 1274 ad
967 1248 1010 1274 se
1032 1233 1199 1289 recipit'.
1241 1234 1392 1276 Verum
1416 1233 1593 1273 omnibus
1615 1232 1676 1272 his

185 1301 284 1342 locis
306 1308 373 1341 aut
394 1314 568 1341 errorem
592 1300 842 1341 librariorum
864 1302 1030 1342 subesse
1063 1310 1130 1342 aut
1151 1317 1173 1342 a
1194 1303 1383 1356 magistro
1406 1301 1453 1341 de
1484 1299 1679 1341 industria

189 1369 458 1409 ‘commeatus'
494 1369 534 1409 in
582 1369 823 1410 ‘comitatus'
855 1376 1026 1410 mutatos
1065 1384 1153 1410 esse
1195 1370 1290 1410 mihi
1329 1382 1560 1423 persuasum
1599 1374 1674 1407 est.

184 1436 292 1478 Nam
324 1437 423 1490 apud
453 1436 627 1477 Hirtium
659 1450 812 1491 quoque
844 1438 890 1478 de
920 1437 960 1477 11.
996 1436 1101 1478 Gall.
1135 1436 1250 1488 VIII,
1285 1436 1416 1478 30111.
1442 1437 1483 1476 in
1514 1435 1677 1488 reliquis

185 1506 298 1546 codd.
322 1512 431 1546 recte
454 1505 641 1559 scriptum
665 1512 726 1545 est
750 1505 1045 1559 ‘impedimenta
1076 1513 1114 1546 et
1136 1512 1376 1546 commeatus
1407 1504 1677 1545 Romanorum

186 1573 481 1628 interceperat',
506 1573 547 1613 in
568 1572 663 1614 Par.
689 1587 770 1613 sec.
796 1572 930 1613 Haun.
955 1587 1014 1626 pr.
1041 1571 1182 1614 Cuiac.
1208 1581 1247 1614 et
1268 1574 1374 1614 inter
1394 1586 1535 1613 uersus
1558 1571 1674 1612 Leid.

186 1656 266 1696 pr.,
293 1642 366 1682 1100
390 1649 473 1691 051,
509 1648 552 1681 ut
568 1641 724 1694 saepius
746 1641 999 1691 admoneam,
1035 1641 1074 1681 in
1096 1641 1144 1681 iis
1167 1642 1293 1691 codd.,
1319 1642 1365 1681 ad
1390 1655 1486 1694 quos
1510 1641 1616 1680 solos
1640 1640 1677 1680 hi

185 1709 275 1751 libri
306 1709 353 1749 de
382 1709 485 1749 hello
515 1709 621 1749 ciuili
649 1709 758 1762 exigi
787 1715 977 1762 possunt,
1005 1708 1258 1749 6001111101115’.
1303 1707 1352 1750 C.
1378 1708 1446 1758 54,
1473 1708 1496 1749 5
1528 1718 1677 1759 autem,

189 1792 303 1832 quem
325 1778 450 1818 locum
474 1790 593 1830 supra
615 1776 772 1816 tertium
796 1776 933 1830 posui,
968 1783 1128 1830 praeter
1150 1774 1256 1817 Scal.
1282 1783 1322 1816 et
1343 1776 1440 1816 duos
1462 1777 1679 1817 deteriores

190 1847 304 1887 codd.
339 1845 379 1885 in
409 1845 572 1898 reliquis
594 1851 703 1885 recte
729 1843 998 1885 ‘commeatus’
1021 1845 1168 1885 seruati
1190 1851 1298 1884 sunt.
1353 1841 1576 1884 Comitatus
1597 1842 1680 1884 La-

190 1915 272 1955 tine
294 1914 477 1954 dicuntur
498 1912 675 1952 homines
690 1942 701 1961 ,
737 1912 802 1965 qui
830 1912 997 1966 aliquem
1029 1919 1097 1952 aut
1119 1912 1362 1966 superiorem
1386 1919 1476 1962 aut,
1511 1911 1575 1952 cui
1597 1912 1680 1952 offi-

189 1982 290 2023 cium
312 1988 513 2036 praestare
536 1980 720 2034 cupiunt,
755 1987 995 2033 sequuntur,
1031 1980 1142 2020 turba
1175 1980 1373 2021 hominum
1406 1993 1483 2021 una
1515 1979 1593 2020 iter
1623 1980 1680 2020 fa-

189 2050 402 2100 cientium,
434 2048 757 2102 quemadmodum
789 2048 888 2101 apud
919 2045 1134 2089 Caesarem
1166 2048 1391 2102 explicant,
1436 2047 1482 2088 ab
1520 2047 1680 2100 antiquo

190 2126 299 2160 certe
321 2118 513 2172 scriptore
535 2119 642 2159 nullo
664 2131 834 2171 unquam
857 2116 1065 2157 comitatus
1088 2123 1148 2156 051
1169 2116 1401 2170 appellatus.

307 2185 356 2228 C.
382 2185 436 2227 58
456 2187 512 2226 in.
537 2187 634 2227 11000
657 2186 846 2227 eduntur:
875 2182 970 2237 ‘Ipsi
1003 2183 1278 2225 Massilienses
1311 2191 1351 2225 01
1381 2184 1583 2225 celeritate
1613 2199 1682 2224 na-

191 2255 298 2296 uium
321 2262 360 2295 et
381 2256 548 2295 scientia
569 2254 876 2308 gubernatorum
909 2252 1045 2292 confisi
1075 2259 1234 2292 nostros
1267 2252 1475 2293 eludebant
1495 2252 1682 2306 impetus-

192 2337 269 2376 que
292 2336 426 2363 eorum
460 2322 714 2376 excipiebant
739 2328 800 2371 et,
836 2320 961 2374 quoad
992 2320 1134 2360 licebat
1155 2320 1293 2360 latiore
1315 2320 1442 2374 spatio
1458 2351 1468 2370 ,
1494 2321 1682 2373 producta

193 2390 350 2446 longius
381 2390 467 2431 acie
499 2390 786 2431 circumuenire
816 2396 976 2429 nostros
1008 2396 1076 2428 aut
1105 2388 1281 2442 pluribus
1324 2388 1492 2428 nauibus
1534 2388 1680 2428 adoriri

191 2459 370 2513 singulas
393 2466 458 2499 0111
480 2472 610 2499 remos
632 2464 952 2498 transcurrentes
975 2457 1197 2510 detergere,
1220 2456 1443 2510 sipossent,
1469 2456 1682 2496 contende-

193 2527 285 2567 bant
304 2543 312 2566 :
339 2541 424 2567 cum
447 2527 607 2581 propius
629 2533 715 2567 erat
738 2525 966 2565 necessario
989 2533 1164 2575 uentum,
1188 2524 1235 2564 ab
1257 2524 1422 2565 scientia
1445 2524 1682 2578 gubernato·

192 2609 278 2635 rum
308 2600 424 2647 atque
455 2594 631 2634 artificiis
662 2594 710 2634 ad
732 2594 917 2634 uirtutem
939 2601 1213 2634 montanorum
1244 2591 1552 2647 confugiebant'.
1608 2591 1682 2632 Hic

192 2663 373 2717 primum,
400 2677 486 2702 cum
508 2663 548 2702 in
572 2662 684 2702 codd.
709 2662 895 2715 scriptum
918 2669 1026 2702 esset
1049 2661 1203 2701 ‘latiore
1225 2669 1267 2701 ut
1289 2659 1444 2713 spatio',
1460 2659 1682 2701 100101705-

193 2731 276 2772 sius
307 2731 436 2771 effccit
470 2730 615 2783 ‘quoad
647 2729 791 2770 licebat
821 2729 961 2770 latiore
992 2729 1049 2769 uti
1070 2728 1225 2783 spatio'.
1278 2727 1432 2769 Deinde
1464 2735 1598 2769 notum
1622 2734 1683 2768 est

194 2798 381 2853 excipere
402 2799 589 2852 impetum
612 2797 687 2837 dici
709 2809 793 2837 eum
811 2827 821 2846 ,
855 2797 919 2850 qui
940 2797 1066 2837 locum
1089 2811 1167 2837 non
1189 2796 1372 2846 dimittit,
1406 2798 1474 2837 sed
1496 2797 1681 2838 aduersa-

192 2867 293 2908 rium
315 2867 499 2920 impetum
523 2864 732 2907 facientem
754 2871 940 2919 expectat
971 2872 1011 2907 et
1039 2878 1125 2905 cum
1158 2877 1205 2905 eo
1227 2865 1495 2918 congreditur.
1548 2863 1588 2904 Id
1612 2878 1681 2904 au-
