1835 3240
87 891 125 924 10

89 1230 129 1262 15

90 1568 132 1603 20

90 1908 131 1940 25

606 157 788 201 COMM.
814 158 873 203 VI
895 156 1019 201 CAP.
1043 159 1187 201 2-5.
1634 165 1715 208 383

160 275 340 317 celeriter
367 274 546 313 confecto
579 274 738 328 negotio
779 287 919 314 rursus
960 273 1002 314 in
1045 273 1206 314 hiberna
1245 274 1421 328 legiones
1462 278 1637 320 reduxit.

159 342 337 384 Concilio
361 339 515 381 Galliae
538 341 661 395 primo
687 355 804 391 uere,
839 349 883 381 ut
903 341 1151 391 instituerat,
1185 342 1333 382 indicto
1349 373 1359 392 ‚
1394 357 1477 382 cum
1502 347 1640 399 reliqui
1662 348 1690 388 4

157 417 313 465 praeter
337 407 545 458 Senones,
580 407 777 450 Carnutes
799 408 1078 462 Treuerosque
1111 409 1340 460 uenissent,
1374 411 1528 451 initium
1551 414 1641 454 belli

158 492 202 519 ac
225 477 456 517 defectionis
481 477 552 517 boc
575 491 661 517 esse
685 477 920 526 arbitratus,
946 484 989 517 ut
1010 478 1140 517 omnia
1163 485 1399 532 postponere
1423 480 1638 531 uideretur,

161 545 367 586 concilium
398 543 596 585 Lutetiam
627 543 871 584 Parisiorum
902 546 1107 585 transfert.
1162 543 1351 587 Confines
1374 554 1489 587 erant
1510 548 1547 587 hi
1571 546 1643 589 Se·
1664 550 1688 590 5

158 613 324 653 nonibus
348 613 625 664 ciuitatcmque
648 619 799 665 patrum
823 613 1012 652 memoria
1035 613 1353 665 coniunxerant,
1388 616 1457 655 sed
1487 616 1534 656 ab
1569 617 1641 657 boc

159 680 323 721 consilio
347 681 495 721 afuisse
518 679 858 720 existimabantur.
911 679 998 720 Hac
1019 694 1063 720 re
1086 694 1155 733 pro
1177 690 1367 736 suggestu
1389 684 1642 737 pronuntiata
1664 682 1691 725 6

159 749 294 789 eodem
318 749 378 788 die
401 762 486 788 cum
508 747 727 800 legionibus
750 748 788 787 in
813 745 995 788 Senones
1029 748 1293 801 proficiscitur
1323 751 1551 805 magnisque
1581 752 1644 792 iti-

158 816 316 856 neribus
340 830 386 856 eo
409 816 603 869 peruenit.
630 812 802 868 Cognito
816 815 900 856 eius
923 817 1096 856 aduentu
1118 816 1242 867 Acco,
1268 818 1331 871 qui
1354 819 1535 873 princeps
1558 821 1642 861 eius
1664 820 1694 865 4

158 884 313 925 consilii
336 885 490 931 fuerat,
514 883 623 924 iubet
643 884 684 924 in
706 884 844 937 oppida
866 884 1152 924 multitudinem
1179 887 1407 927 conuenire.
1453 885 1646 929 Conanti-

158 953 254 1001 bus,
290 951 515 1005 priusquam
538 951 576 990 id
600 951 697 991 effici
719 960 877 1005 posset,
911 952 1050 992 adesse
1072 951 1275 993 Romanos
1299 955 1517 996 nuntiatur.
1561 955 1645 998 Ne·
1666 957 1694 999 2

159 1021 333 1059 cessario
364 1019 562 1059 sententia
590 1019 783 1059 desistunt
813 1020 1043 1076 legatosque
1075 1021 1308 1074 deprecandi
1331 1036 1451 1062 causa
1473 1024 1519 1064 ad
1543 1022 1647 1065 Cae-

162 1101 287 1127 sarem
303 1087 484 1127 mittunt:
510 1088 655 1127 adeunt
678 1088 961 1141 perllaeduos,
987 1103 1150 1141 quorum
1165 1089 1380 1143 antiquitus
1404 1099 1490 1130 erat
1512 1092 1552 1131 in
1574 1093 1647 1133 fide

162 1155 318 1195 ciuitas.
374 1153 570 1195 Libenter
592 1152 747 1195 Caesar
768 1156 991 1209 petentibus
1016 1156 1192 1197 Haeduis
1216 1159 1281 1198 dat
1303 1159 1457 1198 ueniam
1481 1173 1648 1201 excusa·
1670 1160 1695 1202 3

162 1223 385 1276 tionemque
407 1223 565 1276 accipit,
591 1224 691 1276 quod
707 1224 898 1264 aestiuum
915 1231 1065 1279 tempus
1089 1226 1273 1266 instantis
1297 1226 1402 1276 belli,
1429 1242 1506 1267 non
1530 1242 1649 1281 quae-

163 1291 301 1330 stionis
325 1304 413 1330 esse
435 1291 714 1332 arbitrabatur.
748 1290 961 1333 Obsidibus
985 1293 1188 1347 imperatis
1213 1301 1367 1335 centum
1392 1295 1461 1336 hos
1474 1295 1648 1338 Haeduis
1670 1298 1698 1339 4

166 1358 442 1399 custodiendos
466 1359 598 1399 tradit.
661 1358 812 1399 Eodem
837 1357 1035 1401 Carnutes
1057 1361 1210 1414 legatos
1234 1362 1469 1416 obsidesque
1491 1365 1646 1406 mittunt
1670 1365 1695 1407 5

165 1427 226 1467 usi
249 1427 567 1481 deprecatoribus
581 1426 734 1475 Remis,
760 1442 923 1480 quorum
938 1436 1051 1468 erant
1072 1429 1113 1468 in
1127 1430 1334 1470 clientela:
1361 1431 1495 1471 eadem
1517 1433 1651 1474 ferunt

165 1509 374 1548 responsa.
426 1493 590 1548 Peragit
620 1495 826 1534 concilium
850 1492 1004 1536 Caesar
1033 1498 1262 1551 equitesque
1293 1499 1460 1553 imperat
1483 1503 1647 1543 ciuitati·
1671 1501 1698 1543 6

163 1562 249 1602 bus.
294 1562 379 1602 Hac
402 1570 512 1616 parte
545 1561 697 1603 Galliae
727 1569 865 1616 pacata
889 1571 993 1604 totus
1017 1571 1055 1604 et
1076 1572 1206 1605 mente
1229 1573 1267 1606 et
1289 1567 1419 1607 animo
1441 1569 1480 1608 in
1504 1569 1645 1611 bellum
1669 1572 1696 1616 5

165 1628 432 1670 Treuerorum
456 1637 494 1670 et
515 1630 758 1684 Ambiorigis
779 1631 945 1671 insistit.
1001 1629 1245 1673 Cauarinum
1269 1649 1355 1674 cum
1379 1637 1553 1688 equitatu
1577 1636 1650 1679 Se-
1671 1639 1699 1679 2

165 1711 310 1737 nonum
333 1712 464 1738 secum
488 1697 684 1751 proficisci
706 1698 841 1746 iubet,
877 1713 926 1740 ne
950 1700 1034 1752 quis
1058 1707 1125 1740 aut
1146 1715 1196 1741 ex
1221 1702 1334 1742 buius
1357 1703 1563 1745 iracundia
1584 1714 1652 1747 aut

165 1779 214 1806 ex
238 1780 307 1816 eo,
342 1765 441 1818 quod
473 1773 697 1816 meruerat,
728 1766 816 1806 odio
846 1766 1019 1807 ciuitatis
1052 1775 1178 1808 motus
1201 1769 1366 1810 existat.
1429 1770 1503 1812 His
1532 1774 1651 1815 rebus
1674 1773 1699 1814 3

166 1833 392 1875 constitutis
409 1865 419 1883 ,
458 1835 558 1887 quod
588 1848 657 1887 pro
689 1835 897 1888 explorato
920 1836 1088 1876 habebat
1110 1836 1378 1891 Ambiorigem
1402 1841 1551 1893 proelio
1574 1856 1654 1883 non

166 1915 254 1941 esse
277 1909 619 1951 concertaturum,
654 1903 808 1955 reliqua
840 1903 924 1944 eius
957 1905 1118 1944 consilia
1141 1905 1271 1945 animo
1295 1907 1651 1962 circumspiciebat.

167 1967 296 2009 Erant
316 1968 492 2023 Menapii
524 1971 727 2024 propinqui
753 1970 980 2011 Eburonum
1014 1973 1180 2021 linibus,
1215 1975 1415 2028 perpetuis
1447 1978 1653 2030 paludibus
1676 1979 1703 2020 4

170 2037 359 2090 siluisque
382 2039 544 2087 muniti,
577 2040 643 2092 qui
674 2040 741 2079 uni
771 2054 823 2080 ex
846 2038 975 2080 Gallia
998 2041 1043 2080 de
1075 2055 1171 2094 pace
1194 2042 1239 2081 ad
1264 2040 1478 2083 Caesarem
1502 2045 1654 2100 legatos

169 2119 374 2158 numquam
398 2106 604 2147 miserant.
669 2105 767 2148 Cum
802 2108 861 2150 his
885 2123 973 2150 esse
996 2109 1209 2162 hospitium
1231 2109 1453 2167 Ambiorigi
1476 2114 1652 2167 sciebat3

311 2243 331 2277 2
350 2241 462 2275 Gallia
482 2244 513 2276 b.
677 2250 713 2277 ut
730 2246 760 2278 B
778 2249 815 2278 et
829 2246 975 2288 reliqui,
995 2247 1045 2278 uti
1065 2248 1082 2279 h
1098 2258 1127 2279 c.
1315 2248 1333 2281 3
1353 2248 1592 2294 Treuerosque
1611 2253 1655 2284 B.

312 2297 330 2327 5
349 2296 590 2329 Parisaeorum
609 2298 659 2338 Β,
679 2298 895 2330 Pariseorum
916 2300 951 2331 C.
1140 2299 1186 2331 hii
1206 2300 1248 2332 B.
1436 2303 1454 2335 6
1474 2303 1549 2346 sed]
1570 2309 1604 2337 et
1623 2306 1656 2337 b.

313 2349 332 2380 7
351 2349 493 2389 afuisse,
514 2360 584 2381 non
603 2349 769 2391 abfuisse,
790 2352 822 2383 A
836 2351 895 2393 (B)
911 2351 1001 2390 CD,·
1022 2351 1163 2383 affuisse
1183 2362 1212 2382 e.
1355 2363 1394 2384 ac
1413 2364 1449 2386 re
1468 2355 1511 2387 B.

171 2399 189 2431 9
208 2398 309 2431 Α(·ῐοο
327 2401 400 2432 AB
415 2401 485 2433 CI)
501 2402 517 2432 b
530 2413 568 2442 c,
594 2403 707 2434 Accbo
727 2413 756 2434 e.
937 2403 978 2435 10
997 2407 1080 2435 ante
1100 2404 1303 2435 conantibus
1321 2405 1404 2437 acld.
1427 2413 1462 2439 et
1480 2408 1512 2440 b.

174 2452 214 2483 13
234 2452 370 2494 adeunt]
391 2453 433 2484 ad
452 2464 527 2485 eum
545 2454 576 2485 B
597 2454 691 2484 ‘msa
713 2453 757 2486 7’.
898 2454 1034 2486 lleduos
1053 2456 1096 2487 B.
1263 2457 1304 2488 14
1323 2457 1450 2491 Heduis
1468 2460 1511 2491 B.

177 2502 215 2533 15
235 2504 367 2546 accepit
386 2505 417 2535 b.
562 2505 599 2537 16
620 2505 812 2536 arbitratur
830 2506 862 2537 A
874 2506 904 2537 B
920 2506 1004 2537 CI).
1148 2506 1275 2538 Heduis
1294 2508 1336 2539 B.
1492 2510 1534 2544 17
1553 2513 1657 2545 tradi⁶

175 2553 223 2584 dit
242 2555 272 2586 b.
426 2556 465 2589 18
485 2557 788 2599 depraecatoribus
807 2558 848 2597 R,
875 2558 1175 2600 deprecationibus
1194 2560 1436 2595 Flodoardus.
1594 2565 1657 2597 ne-

176 2606 248 2645 niis,
269 2607 301 2637 in
321 2617 460 2648 quorum
479 2614 577 2640 erant
595 2609 759 2641 clientela
776 2610 1016 2642 Flocloarclus.
1179 2612 1223 2643 20
1241 2622 1280 2643 ac
1299 2618 1395 2655 parte
1415 2614 1457 2647 B.
1621 2629 1654 2648 in

176 2658 262 2689 bello
283 2659 326 2689 A.
463 2659 503 2692 21
525 2659 753 2692 Treuerorum
772 2661 815 2692 B.
972 2661 1164 2702 Amborigis
1182 2663 1225 2694 B.
1382 2665 1425 2699 22
1444 2667 1508 2698 aud
1528 2685 1571 2691 —-
1589 2668 1655 2700 aud

176 2710 227 2749 J;;
244 2712 348 2750 prius
366 2721 433 2742 om.
453 2711 484 2743 b.
623 2713 666 2746 23
686 2713 754 2744 odii
775 2713 832 2744 be.
973 2714 1102 2746 existat
1119 2714 1160 2746 B.
1287 2717 1329 2748 24
1349 2727 1407 2758 pro
1426 2729 1493 2750 om.
1517 2730 1544 2750 c.

177 2766 359 2804 exprorato
378 2762 420 2793 A.
558 2764 600 2797 25
619 2770 893 2796 concertaturum
912 2766 1062 2807 νεῐὶᾳιιίς
1081 2771 1356 2799 concertaturum
1375 2774 1547 2802 tenturum
1568 2772 1597 2803 B
1611 2773 1652 2814 C,

178 2819 450 2847 concertaturum
469 2819 709 2857 temptaturum
728 2818 783 2857 Ι),-
803 2822 1041 2851 contenturum
1059 2829 1080 2850 a
1093 2829 1122 2850 e.
1142 2819 1184 2850 P.
1204 2820 1259 2852 45.
1460 2823 1502 2856 26
1521 2822 1652 2855 Eburo-

179 2878 249 2899 rum
269 2869 311 2899 B.
451 2867 494 2901 28
513 2878 678 2908 nunquam
696 2869 770 2910 (Β).
934 2869 986 2901 his
1005 2870 1035 2901 B
1053 2869 1131 2902 edd.
1152 2873 1236 2902 ante
1254 2871 1404 2913 fllclum,
1425 2872 1467 2906 iis
1485 2874 1596 2907 Aldus
1614 2886 1649 2908 u.
