1835 3240
96 171 179 215 698
685 173 856 217 BELLI
885 171 1132 216 AFRICAE

125 284 152 325 6
171 285 292 326 buere
313 299 391 327 non
413 287 603 328 decreuit.
644 286 828 340 Namque
841 294 1001 341 postero
1023 287 1084 327 die
1097 284 1249 327 Caesar
1269 301 1354 328 cum
1369 293 1518 341 partem
1540 287 1647 341 equi·

172 360 276 394 tatus
298 354 360 395 sui
379 352 535 409 Leptim
558 355 751 403 misisset,
784 354 824 393 in
845 353 987 394 itinere
1008 355 1263 407 praedatores
1284 355 1435 408 equites
1455 353 1648 396 Numidas

174 418 442 475 Gaetulosque
464 436 516 462 ex
536 420 739 474 inprouiso
761 421 887 461 adorti
909 421 1070 462 circiter
1090 428 1114 460 C
1139 421 1277 475 partim
1300 422 1542 470 occiderunt,
1562 436 1650 476 par-

125 486 152 527 7
174 487 240 528 tim
261 489 438 529 uiuorum
461 489 571 542 potiti
593 494 700 528 sunt.
751 484 905 528 Caesar
933 488 1090 529 iuterim
1122 488 1265 529 cotidie
1286 488 1464 543 legiones
1484 489 1523 530 in
1545 504 1649 530 cam-

173 569 261 609 pum
284 557 474 596 deducere
495 562 612 608 atque
633 569 730 609 opus
752 556 883 595 facere
907 556 1126 609 uallumque
1149 563 1188 596 et
1209 557 1353 596 fossam
1381 569 1452 609 per
1478 557 1645 597 medium

173 636 346 677 campum
382 623 524 663 ducere
565 623 962 676 aducrsariorumque
1002 623 1307 664 excursionibus
1345 623 1457 678 [iter]
1497 624 1649 664 officere

124 687 151 730 8
172 704 250 730 non
271 690 509 731 intermittit.
562 688 695 744 Scipio
716 690 809 731 item
830 690 1069 732 munitiones
1092 697 1229 731 contra
1249 692 1378 731 facere
1401 697 1454 740 et,
1489 704 1538 731 ne
1559 691 1649 744 iugo

171 772 192 798 a
224 755 400 798 Caesare
431 757 734 809 excluderetur,
769 758 1045 812 adproperare.
1108 756 1170 798 Ita
1199 758 1318 799 duces
1350 758 1509 811 utrique
1542 764 1581 798 et
1609 757 1651 798 in

170 825 352 878 operibus
376 825 555 879 occupati
577 839 681 876 esse,
716 833 756 866 et
784 826 906 866 nihilo
936 825 1062 866 minus
1085 825 1334 878 equestribus
1357 826 1517 880 proeliis
1546 826 1651 866 inter

169 906 212 932 se
235 892 376 932 cotidie
398 892 648 934 dimicabant.

94 959 150 1003 62
281 958 442 1000 Interim
466 959 595 1002 Varus
618 961 799 1012 classem,
825 975 935 1014 quam
959 968 1075 1002 antea
1089 960 1230 1001 Vticae
1253 960 1391 1001 hiemis
1412 960 1538 1015 gratia
1558 960 1651 1001 sub-

171 1027 363 1077 duxerat,
398 1029 555 1081 cognito
576 1029 743 1084 legionis
764 1036 845 1070 XIII
867 1036 907 1069 et
926 1036 1023 1070 XIIII
1046 1042 1097 1069 ex
1119 1027 1253 1070 Sicilia
1275 1029 1446 1068 aduentu
1467 1028 1651 1069 celeriter

169 1094 325 1134 deducit
353 1095 482 1148 ibique
507 1096 688 1137 Gaetulis
718 1097 930 1150 remigibus
963 1096 1204 1150 epibatisque
1234 1096 1400 1150 complet
1421 1094 1650 1136 insidiandi-

121 1160 149 1201 2
171 1175 246 1214 que
263 1163 390 1215 gratia
406 1177 640 1218 progressus
654 1164 910 1204 Adrumetum
935 1178 1020 1204 cum
1042 1171 1096 1203 LV
1117 1163 1282 1204 nauibus
1298 1163 1491 1216 peruenit.
1526 1160 1651 1202 Cuius

171 1229 366 1269 aduentus
388 1231 537 1270 inscius
553 1229 706 1271 Caesar
718 1229 887 1271 Lucium
901 1228 1077 1284 Cispium
1095 1244 1180 1269 cum
1203 1231 1329 1270 classe
1341 1235 1470 1269 XXVII
1492 1229 1652 1268 nauium

171 1296 218 1336 ad
241 1295 443 1349 Thapsum
474 1311 612 1337 uersus
642 1298 681 1337 in
713 1298 923 1338 stationem
955 1297 1139 1352 praesidii
1169 1297 1296 1351 gratia
1326 1302 1565 1336 commeatus
1590 1295 1652 1336 sui

170 1363 315 1412 mittit,
348 1364 517 1417 itemque
540 1363 733 1418 Quintum
754 1365 938 1419 Aquilam
970 1380 1054 1406 cum
1076 1371 1157 1405 XIII
1180 1364 1346 1405 nauibus
1369 1363 1501 1417 longis
1523 1363 1653 1403 Adru-

123 1429 147 1470 3
170 1437 313 1471 metum
337 1432 472 1472 eadem
495 1433 541 1473 de
564 1447 682 1473 causa
703 1433 934 1487 praemittit.
998 1431 1158 1486 Cispius
1181 1446 1256 1485 quo
1280 1438 1365 1472 erat
1386 1431 1529 1472 missus
1551 1431 1654 1471 cele-

169 1497 269 1539 riter
289 1501 485 1553 peruenit.
525 1501 673 1554 Aquila
697 1508 926 1555 tempestate
947 1501 1114 1541 iactatus
1137 1499 1445 1554 promuntorium
1467 1511 1654 1553 superare

170 1579 248 1606 non
263 1568 389 1620 potuit
410 1575 527 1621 atque
548 1569 732 1623 angulum
747 1569 939 1619 quendam
963 1575 1086 1608 tutum
1109 1582 1131 1608 a
1154 1573 1386 1621 tempestate
1407 1574 1546 1607 nactus
1569 1580 1653 1606 cum

123 1632 148 1672 4
172 1633 299 1675 classe
320 1648 363 1676 se
385 1636 541 1689 longius
563 1651 586 1678 a
607 1644 816 1691 prospectu
836 1637 1019 1677 remouit.
1081 1634 1249 1688 Reliqua
1271 1634 1408 1675 classis
1438 1634 1480 1674 in
1501 1634 1585 1674 salo
1607 1634 1654 1674 ad

170 1700 326 1756 Leptim
349 1704 522 1756 egressis
544 1705 756 1756 remigibus
778 1705 1000 1758 passimque
1027 1704 1068 1743 in
1090 1703 1206 1743 litore
1228 1701 1478 1755 uagantibus,
1513 1701 1653 1755 partim

170 1769 212 1809 in
233 1770 414 1823 oppidum
436 1772 565 1812 uictus
589 1773 650 1812 sui
671 1773 870 1822 mercandi
894 1772 1021 1825 gratia
1039 1770 1263 1825 progressis
1284 1783 1408 1809 uacua
1430 1783 1452 1809 a
1474 1769 1653 1808 defenso-

122 1833 148 1875 5
169 1836 276 1878 ribus
299 1837 442 1878 stabat.
479 1836 632 1890 Quibus
654 1840 770 1879 rebus
794 1837 926 1880 Varus
949 1853 1001 1879 ex
1022 1838 1195 1892 perfugis
1219 1837 1385 1891 cognitis
1409 1835 1655 1877 occasionem

1683 899 1724 932 10

1685 1235 1726 1268 15

1684 1573 1727 1605 20

175 1910 313 1945 nactus
345 1905 480 1958 uigilia
511 1908 680 1947 secunda
701 1907 920 1947 Adrumeto
952 1921 1003 1947 ex
1027 1907 1194 1947 cothone
1216 1918 1402 1959 egressus
1424 1918 1510 1944 cum
1532 1902 1657 1956 primo
1686 1908 1729 1943 25

172 1985 287 2013 mane
298 1970 454 2026 Leptim
478 1974 666 2014 uniuersa
689 1975 817 2015 classe
839 1982 978 2015 uectus
1001 1987 1123 2014 naues
1145 1972 1364 2024 onerarias,
1380 1985 1478 2025 quae
1500 1970 1655 2024 longius

315 2143 330 2175 1
353 2148 483 2185 partem
505 2145 523 2177 3
543 2145 647 2186 dett„
668 2150 766 2188 parte
784 2146 932 2188 reliqui.
1099 2145 1120 2178 2
1137 2143 1268 2186 Leptim
1287 2153 1307 2175 a
1327 2144 1344 2174 b
1363 2143 1386 2174 d
1401 2146 1435 2174 et
1452 2141 1654 2182 ceter-isere

171 2203 302 2235 omues,
322 2195 455 2238 Leptim
476 2196 636 2229 frumenti
656 2198 767 2239 gratia
785 2208 821 2230 u.
962 2198 1114 2230 misisset
1131 2207 1221 2228 unus
1239 2196 1335 2236 det.,·
1354 2205 1422 2227 om.
1445 2195 1475 2234 b,
1490 2193 1583 2225 misit
1601 2202 1654 2224 re-

172 2244 276 2286 liqui.
442 2247 617 2280 Numidias
635 2259 669 2280 α.
826 2249 845 2281 3
864 2249 1038 2290 inprouiso
1057 2258 1092 2280 α.
1247 2248 1265 2279 6
1286 2247 1455 2278 deducere
1476 2246 1507 2276 b.

170 2296 236 2328 iter
255 2297 389 2330 deleuit
406 2298 644 2331 Vascosanus.
795 2300 813 2332 7
832 2305 952 2331 contra
971 2310 1039 2331 om.
1063 2299 1093 2330 b.
1242 2296 1299 2339 ne]
1320 2297 1351 2328 in
1373 2298 1403 2328 b.
1543 2295 1562 2326 8
1583 2293 1656 2335 (ad-

171 2358 353 2390 properare
371 2349 407 2389 a)
427 2360 589 2392 apparare
611 2352 642 2382 b.
843 2351 862 2383 Ξ)
881 2360 957 2382 esse
977 2359 1052 2392 egO,
1073 2353 1191 2381 essent
1208 2358 1227 2379 a
1247 2351 1284 2380 et
1299 2358 1345 2379 m.
1362 2357 1421 2389 pr.
1441 2358 1481 2386 c;
1500 2350 1599 2377 erant
1617 2355 1652 2376 u.

316 2401 351 2434 11
368 2402 512 2434 classem
531 2413 600 2435 om.
623 2404 654 2435 b.
817 2402 947 2445 hyemis
966 2412 998 2433 α.
1172 2399 1285 2431 12x111
1305 2403 1339 2430 et
1355 2409 1430 2430 xnn
1450 2407 1536 2439 83⁰5
1555 2407 1601 2428 vn
1621 2400 1656 2427 et

174 2460 246 2483 vnn
265 2461 297 2491 α,
319 2463 365 2484 vu
384 2458 419 2485 et
436 2464 470 2485 1x
490 2455 530 2493 b,·
549 2465 597 2485 vn
616 2459 651 2486 et
667 2465 727 2486 v111
746 2464 780 2485 υ.
799 2453 839 2485 Ρ.
859 2454 939 2485 220.
1139 2451 1178 2483 13
1197 2450 1310 2492 ibique
1328 2449 1472 2490 reliqui,
1494 2448 1654 2489 illamque

172 2504 193 2536 2
212 2503 301 2534 dett.
321 2514 357 2536 u.
507 2506 752 2548 insidiantique
771 2516 805 2537 a.
957 2504 998 2536 14
1016 2512 1217 2546 progressus
1236 2501 1379 2542 reliqui,
1401 2500 1442 2531 ab
1461 2498 1560 2531 Vtica
1578 2509 1653 2541 pro-

171 2565 312 2595 gressus
330 2556 381 2597 (a)
400 2557 419 2589 4
439 2557 524 2589 dett.
674 2558 907 2589 Hadrimetum
924 2566 959 2587 α.
1109 2554 1148 2586 15
1168 2553 1317 2584 aduentu
1335 2553 1364 2583 b.
1513 2550 1655 2582 Lucium

173 2620 206 2650 α,
225 2608 265 2640 L.
285 2618 322 2639 u.
504 2609 543 2641 16
563 2609 735 2642 Thabsum
754 2620 786 2649 a,
807 2608 975 2641 Tharsum
996 2607 1027 2638 b.
1210 2603 1250 2636 17
1269 2603 1442 2645 Quintium
1461 2613 1482 2634 a
1503 2602 1534 2643 b,
1555 2601 1596 2644 Q.
1616 2611 1652 2634 u.

315 2659 548 2692 Hadrimetum
561 2671 594 2692 a.
737 2662 779 2694 18
789 2662 828 2692 de
838 2670 906 2692 om.
921 2660 953 2690 b.
1089 2657 1128 2690 10
1141 2656 1408 2699 promuntorium
1417 2667 1450 2697 a,
1463 2659 1655 2698 promonto-

169 2714 257 2746 rium
276 2723 309 2745 τι.
451 2713 491 2747 21
505 2722 542 2744 se
560 2723 628 2745 om.
649 2723 670 2744 a
690 2713 722 2744 b.
860 2712 905 2745 22
915 2709 1047 2751 egressi
1065 2719 1098 2740 a.
1238 2707 1352 2739 litoris
1363 2718 1397 2739 α.
1535 2716 1653 2749 parum

172 2779 206 2799 a.
346 2764 389 2798 23
400 2764 555 2807 oppidum
569 2763 815 2804 Vaseosan2w5
829 2762 983 2805 oppidem
999 2761 1017 2792 b
1028 2769 1119 2792 unus
1132 2759 1217 2799 det„
1233 2759 1352 2801 oppido
1364 2758 1508 2800 reliqui.

172 2820 216 2852 24
234 2817 290 2859 ex]
310 2827 329 2848 a
351 2816 381 2848 b.
529 2816 709 2848 occasione
731 2816 748 2847 b
767 2817 896 2848 omisso
915 2817 1049 2845 nactus.
1199 2810 1242 2844 25
1261 2810 1457 2843 Hadrimeto
1475 2820 1509 2842 a.

173 2869 320 2902 coitione
339 2878 372 2906 α,
394 2867 551 2900 cohtione
570 2867 600 2899 b.
