1835 3240
76 914 116 947 10

77 1255 116 1287 15

72 1594 115 1628 20

74 2277 116 2310 30

687 182 874 228 CAPVT
894 182 1097 226 68—72.
1628 191 1708 234 661

155 312 197 340 se
229 299 311 338 fore
341 296 617 350 aequissimum
640 295 858 349 Pharnaci,
893 299 927 339 si
949 313 1048 352 quae
1079 297 1332 353 polliceretur
1361 312 1633 354 repraesenta-

155 373 265 406 turus
297 371 415 404 esset.
459 363 621 406 Monuit
651 373 807 414 autem,
835 373 879 406 ut
908 366 1085 417 solebat,
1119 366 1278 406 mitibus
1308 367 1441 407 uerbis
1464 370 1630 424 legatos,
1654 374 1681 414 2

152 447 201 473 ne
223 439 288 472 aut
310 430 542 473 Deiotarum
565 434 639 474 sibi
661 434 867 474 obicerent
886 465 897 484 ‚
933 442 1002 475 aut
1023 435 1139 475 nimis
1161 448 1207 475 eo
1228 435 1495 488 gloriarentur
1515 438 1633 479 bene-

150 501 264 550 ficio,
309 502 412 553 quod
442 501 594 542 auxilia
625 500 814 555 Pompeio
843 517 922 542 non
954 502 1170 543 misissent.
1223 500 1330 543 Nam
1359 516 1403 543 se
1434 517 1560 556 neque
1590 506 1636 545 li-
1657 508 1682 548 3

150 567 307 609 bentius
339 569 468 610 facere
500 569 703 622 quicquam
726 583 839 621 quam
861 570 1101 623 supplicibus
1123 570 1356 624 ignoscere,
1390 584 1516 624 neque
1539 587 1629 627 pro·
1685 616 1689 619 Α

148 636 367 677 uinciarum
390 636 563 691 publicas
585 637 751 678 iniurias
775 638 999 677 condonare
1020 637 1068 677 iis
1090 652 1230 691 posse,
1256 638 1318 692 qui
1341 638 1511 679 fuissent
1531 640 1572 680 in
1594 655 1637 681 se

150 704 327 745 officiosi.
379 702 485 756 Quin
512 705 550 745 id
582 705 732 759 ipsum,
774 705 874 758 quod
906 713 1287 757 commemorarent,
1321 706 1486 747 officium
1517 708 1638 750 fuisse
1660 711 1686 751 4

149 772 282 812 utilius
304 771 516 823 Pharnaci,
542 773 604 826 qui
628 773 882 827 prouidisset,
907 787 955 814 ne
977 773 1223 824 uinceretur,
1249 788 1364 827 quam
1386 774 1476 826 sibi,
1502 776 1564 816 cui
1586 776 1639 817 dii

148 840 380 880 inmortales
403 840 609 880 uictoriam
632 840 878 882 tribuissent.
911 839 1049 895 Itaque
1071 855 1233 895 magnas
1257 849 1295 882 et
1312 856 1455 896 graues
1472 843 1638 886 iniurias
1660 844 1684 886 5

149 908 290 948 ciuium
313 907 599 959 Romanorum,
625 910 691 962 qui
712 910 752 950 in
773 908 903 950 Ponto
926 909 1115 964 negotiati
1139 916 1286 959 essent,
1311 911 1494 964 quoniam
1516 912 1556 952 in
1578 913 1638 953 in—

149 984 304 1030 tegrum
334 976 547 1017 restituere
579 991 658 1016 non
689 984 849 1031 posset,
884 978 1103 1018 concedere
1123 976 1339 1018 Pharnaci.
1381 977 1488 1020 Nam
1511 994 1638 1034 neque
1659 980 1686 1022 6

147 1044 365 1084 interfectis
404 1043 587 1084 amissam
627 1045 747 1085 uitam
789 1059 915 1101 neque
956 1045 1131 1085 exsectis
1168 1045 1392 1086 uirilitatem
1425 1049 1639 1088 restituere

146 1125 289 1165 posse3
315 1112 417 1164 quod
439 1112 592 1166 quidem
615 1112 842 1167 supplicium
866 1113 1025 1167 grauius
1048 1119 1174 1154 morte
1197 1113 1306 1154 ciues
1320 1113 1489 1154 Romani
1512 1115 1639 1156 subis*

147 1186 250 1220 sent.
302 1178 430 1221 Ponto
462 1195 558 1221 uero
589 1181 801 1223 decederet
830 1182 1038 1223 confestim
1069 1181 1315 1235 familiasque
1347 1182 1639 1235 publicanorum
1659 1183 1686 1223 7

148 1247 368 1288 remitteret
400 1256 613 1302 ceteraque
643 1250 875 1290 restitueret
895 1250 1014 1290 sociis
1036 1250 1263 1304 ciuibusque
1284 1249 1477 1291 Romanis
1493 1282 1503 1301 ‚
1539 1265 1638 1304 quae

147 1329 267 1369 penes
300 1330 387 1356 eum
419 1324 568 1357 essent.
614 1314 658 1357 Si
680 1317 866 1367 fecisset,
900 1318 977 1357 iam
1001 1325 1092 1358 tunc
1113 1318 1187 1358 sibi
1210 1318 1385 1359 mitteret
1405 1333 1571 1359 munera
1593 1333 1638 1359 ac
1659 1318 1686 1360 8

147 1384 247 1424 dona
262 1414 271 1431 ‚
303 1399 401 1437 quae
423 1385 525 1426 bene
546 1385 664 1426 rebus
687 1386 810 1439 gestis
832 1386 1092 1439 imperatores
1115 1386 1162 1426 ab
1185 1386 1321 1426 amicis
1343 1386 1523 1440 accipere
1545 1400 1638 1427 con-

148 1460 347 1492 suessent.
371 1451 553 1497 VMiserat
575 1454 677 1494 enim
698 1451 929 1494 Pharnaces
948 1468 1135 1495 coronam
1157 1468 1332 1495 auream.
1378 1454 1452 1494 His
1474 1469 1639 1509 respon·

148 1520 203 1560 sis
227 1520 326 1561 datis
350 1520 502 1575 legatos
524 1522 691 1563 remisit.
722 1522 780 1562 At
791 1520 1018 1563 Pharnaces
1040 1523 1258 1563 liberaliter
1279 1522 1410 1563 omnia
1428 1523 1637 1576 pollicitus,
1661 1523 1713 1568 71

147 1602 232 1628 cum
266 1589 516 1630 festinantem
539 1604 583 1631 ac
606 1592 634 1644 †
658 1597 981 1644 praecurrentem
1007 1589 1221 1632 Caesarem
1252 1598 1431 1645 speraret
1452 1591 1638 1632 libentius

148 1656 263 1696 etiam
287 1657 531 1698 crediturum
553 1659 636 1699 suis
658 1659 861 1713 promissis
877 1691 887 1710 ,
914 1673 1028 1713 quam
1050 1673 1115 1700 res
1138 1666 1352 1713 pateretur,
1377 1673 1452 1712 quo
1469 1659 1637 1700 celerius

146 1724 426 1779 honestiusque
447 1726 495 1766 ad
516 1741 582 1767 res
605 1727 730 1781 magis
753 1721 1002 1768 necessarias
1019 1728 1338 1782 proficisceretur
1352 1727 1520 1781 (nemini
1535 1728 1639 1767 enim

148 1800 235 1833 erat
255 1794 431 1848 ignotum
455 1795 633 1848 plurimis
656 1795 702 1836 de
725 1796 853 1836 causis
876 1796 923 1836 ad
940 1796 1072 1836 urbem
1087 1793 1303 1836 Caesarem
1317 1796 1535 1849 reuocari),
1553 1795 1637 1836 len-

150 1861 226 1902 tius
249 1875 385 1916 agere,
411 1863 623 1903 decedendi
653 1863 755 1904 diem
787 1865 986 1918 postulare
1008 1864 1228 1918 longiorem
1245 1894 1255 1913 ,
1291 1863 1493 1917 pactiones
1516 1864 1637 1904 inter-

150 1943 293 1983 ponere
310 1961 320 1979 ,
345 1931 385 1970 in
408 1945 558 1971 summa
591 1932 775 1972 frustrari
798 1933 938 1986 coepit.
983 1929 1136 1974 Caesar
1156 1932 1313 1986 cognita
1335 1931 1546 1973 calliditate
1570 1932 1638 1972 ho·
1659 1932 1686 1973 2

146 1998 279 2048 minis,
296 1999 396 2051 quod
421 1999 507 2039 aliis
531 1999 770 2053 temporibus
793 2007 932 2041 natura
956 2002 1086 2041 facere
1105 2007 1332 2050 consuerat,
1352 2007 1444 2040 tunc
1464 2000 1636 2040 necessi-

145 2073 227 2106 tate
244 2067 553 2118 fecitadductus‚
568 2075 610 2108 ut
633 2068 799 2108 celerius
823 2068 994 2108 omnium
1017 2068 1200 2122 opinione
1219 2082 1374 2108 manum
1389 2074 1634 2108 consereret.

146 2132 243 2175 Zela
266 2142 326 2176 est
348 2136 526 2189 oppidum
556 2136 597 2176 in
618 2134 771 2185 Ponto,
804 2136 970 2190 positum
1002 2136 1130 2191 ipsum
1158 2144 1202 2176 ut
1229 2136 1269 2176 in
1293 2136 1407 2189 plano
1430 2135 1517 2176 loco
1539 2135 1637 2176 satis
1656 2136 1714 2180 ’72

146 2203 296 2243 munito
313 2220 321 2243 :
345 2204 515 2243 tumulus
539 2204 641 2244 enim
660 2205 852 2245 naturalis
866 2205 986 2245 ueluti
1005 2218 1122 2244 manu
1139 2206 1266 2244 factus
1285 2203 1509 2245 excelsiore
1525 2204 1637 2244 undi-

148 2285 223 2324 que
239 2271 396 2325 fastigio
419 2272 591 2313 sustinet
612 2287 779 2314 murum.
813 2270 1095 2327 Circumpositi
1117 2279 1209 2313 sunt
1231 2272 1319 2313 huic
1342 2272 1482 2327 oppido
1505 2273 1637 2328 magni
1658 2272 1686 2314 2

289 2377 303 2410 1
325 2378 582 2421 aequissimum]
603 2378 746 2411 amicum
767 2379 798 2410 b.
984 2379 1005 2413 2
1023 2378 1190 2410 militibus
1209 2377 1304 2410 urbis
1325 2378 1357 2410 b.
1527 2377 1545 2409 3
1565 2377 1637 2418 glo-

146 2426 278 2459 rientur
294 2438 315 2460 a
335 2429 366 2460 b.
510 2431 527 2462 5
547 2430 727 2473 quicquam
746 2440 779 2471 α,
801 2440 870 2461 non
890 2430 1004 2472 qnidq.
1144 2429 1162 2461 6
1181 2429 1233 2461 his
1252 2439 1286 2461 α.
1427 2428 1483 2470 qui
1505 2427 1636 2460 Vasco-

146 2487 266 2518 sanch,
288 2478 344 2520 qui
364 2490 426 2511 non
448 2480 551 2512 codd.
706 2482 724 2513 7
745 2481 822 2523 quin
843 2491 927 2523 ego5
946 2480 1030 2524 qmb
1049 2491 1077 2521 c,
1099 2490 1198 2523 quam
1215 2491 1259 2520 a;
1280 2491 1348 2512 om.
1369 2491 1405 2512 u.
1547 2489 1636 2510 com-

145 2535 374 2562 memorarent
391 2541 412 2562 a
430 2543 459 2572 c,
481 2537 807 2564 commemorassent
825 2543 859 2564 u.
1007 2532 1115 2564 fuisse
1134 2532 1253 2564 utilius
1273 2531 1442 2563 Pharnaci
1460 2541 1494 2572 a,
1515 2530 1635 2563 utilius

147 2578 312 2611 Pharnaci
333 2580 439 2614 fuisse
458 2583 536 2615 edd.
713 2585 732 2617 9
752 2583 951 2615 inmortales
971 2594 1004 2615 a.
1178 2583 1294 2626 itaque
1314 2592 1336 2614 α
1355 2583 1385 2623 b,
1407 2582 1522 2624 itaque
1541 2591 1577 2613 se
1597 2591 1631 2612 υ.

291 2632 329 2664 19
349 2633 542 2667 liberaliter
560 2636 672 2668 omnia
690 2647 723 2677 a,
746 2636 858 2668 omnia
876 2636 1074 2668 liberaliter
1091 2635 1171 2667 edd.
1344 2636 1388 2671 20
1406 2644 1634 2678 praecurren-

146 2688 213 2715 tem
234 2684 329 2715 ‘mss.
343 2710 353 2725 ,
374 2687 519 2727 siforte
536 2698 554 2719 c
571 2688 594 2720 d
610 2690 794 2732 excipias,
816 2688 960 2729 omnes',
989 2692 1250 2731 procurrentem
1267 2698 1310 2728 α;
1340 2691 1578 2730 properantem
1596 2695 1630 2716 u.

150 2734 382 2776 Temptabam
410 2738 716 2779 praefestinantem
736 2751 776 2773 ac
796 2746 1009 2774 currentem:
1040 2751 1123 2773 nam
1140 2741 1301 2773 Bentleii
1317 2750 1420 2783 prope
1438 2742 1632 2772 currentem

144 2786 307 2826 ineptum
325 2791 390 2819 est.
541 2796 717 2831 sperasset
736 2791 768 2824 b.
910 2791 953 2826 26
972 2795 1157 2823 consuerat
1174 2801 1209 2830 a,
1229 2791 1411 2823 consueuit
1430 2790 1471 2829 b,-
1490 2798 1632 2821 consue-

146 2842 244 2869 uerat
262 2848 297 2869 u.
437 2839 637 2882 28positu1n
655 2842 762 2885 ipsum
782 2843 896 2884 codd„
911 2843 1024 2886 positu
1043 2843 1116 2885 ipso
1130 2842 1245 2875 Aldus
1264 2852 1299 2873 u.
1442 2840 1632 2873 ‘29111unit0

145 2899 221 2932 ego,
244 2891 407 2923 munitum
426 2891 527 2924 codd.
548 2892 586 2926 P.
606 2893 684 2927 201.
827 2895 869 2928 30
888 2894 982 2938 huic]
1002 2895 1042 2928 hc
1060 2904 1221 2938 suprasc.
1243 2905 1260 2925 ο
1279 2903 1312 2925 α,
