1835 3240
680 200 1076 242 ——59—

145 320 409 377 pepererunt',
435 330 520 357 cum
543 317 583 356 in
606 314 718 356 codd.
744 321 852 355 esset
874 317 1154 369 ‘repererunt'.
1211 314 1317 356 Nam
1341 325 1380 358 et
1400 319 1440 358 in
1462 321 1625 361 coniun-

145 389 274 430 ctione
296 385 507 426 uerborum
528 383 670 424 similia
692 383 998 436 significantium
1034 383 1222 424 ‘inuentis
1244 388 1492 438 repererunt'
1516 388 1625 428 lusus

144 456 297 509 quidam
320 454 424 493 inest
446 449 672 493 aCaesaris
693 452 945 504 simplicitate
967 450 1136 500 alienus,
1162 457 1201 491 et
1221 451 1307 505 ipsa
1328 466 1393 493 res
1416 453 1626 494 artificiose

143 523 340 564 declarata
363 527 438 560 est.
481 517 624 571 Neque
646 518 749 558 enim
771 532 815 558 re
837 532 933 558 uera
954 519 1127 559 inuentis
1149 519 1332 560 lintribus
1353 519 1544 561 Germani
1567 535 1630 561 sa-

142 592 260 631 lutem
289 588 652 642 consequebantur,
685 586 753 626 sed
786 593 866 626 tum
897 587 1075 634 demum,
1111 601 1198 627 cum
1229 587 1304 642 ipsi
1333 588 1477 629 flumen
1510 588 1628 629 traie-

142 659 305 699 cissent.

255 725 453 766 Extremo
488 722 602 762 huius
634 722 906 763 commentarii
938 722 1064 776 capite
1095 737 1179 763 cum
1202 723 1242 763 in
1266 723 1378 764 codd.
1403 723 1500 763 hacc
1522 722 1629 776 lege-

143 802 305 835 rentur:
343 790 447 831 ‘Hoc
469 790 620 844 proelio
643 796 749 830 trans
770 789 955 831 Rhenum
979 791 1158 830 nuntiato
1182 788 1305 831 Sueui
1321 822 1330 840 ,
1363 791 1426 844 qui
1456 790 1502 831 ad
1524 793 1629 844 ripas

145 861 276 903 Rheni
298 864 506 908 uenerant,
532 859 685 898 domum
709 859 860 898 reuerti
884 865 1123 911 coeperunt:
1150 873 1247 911 quos
1269 859 1350 906 ubi,
1375 859 1437 912 qui
1461 858 1630 912 proximi

142 928 325 970 Rhenum
347 926 548 975 incolunt,
583 925 818 979 perterritos
840 933 1077 976 senserunt,
1112 925 1281 966 insecuti
1304 941 1485 981 maguum
1509 940 1561 966 ex
1582 925 1631 966 iis

143 1009 349 1038 numerum
371 993 628 1043 occiderunt'‚
654 991 804 1034 Beatus
818 992 1036 1034 Rhenanus
1061 1001 1099 1034 et
1121 1008 1173 1034 ex
1190 994 1382 1048 particula
1406 995 1500 1034 ‘ubi'
1524 1000 1632 1034 recte

143 1064 271 1106 effecit
297 1061 451 1103 ‘Vbios'
475 1062 625 1116 (inepte
648 1062 752 1102 enim
774 1075 933 1111 omnes,
959 1062 1023 1115 qui
1045 1062 1229 1103 Rhenum
1252 1062 1505 1110 accolebant,
1532 1059 1632 1102 Sue-

143 1148 214 1174 uos
235 1130 363 1172 adorti
386 1143 473 1170 esse
497 1130 740 1180 dicerentur,
766 1136 807 1169 ut
834 1130 986 1170 monuit
1006 1128 1324 1186 Schneiderus),
1357 1144 1482 1184 neque
1503 1130 1632 1170 minus

143 1208 250 1242 recte
283 1199 543 1240 ‘senserunt'
581 1205 742 1252 propter
762 1198 868 1238 illam
891 1198 1122 1252 particulam
1154 1213 1176 1238 a
1207 1206 1344 1239 uetere
1377 1197 1633 1252 grammatico

144 1269 337 1309 adiectum
370 1280 459 1307 esse
490 1265 694 1306 iudicauit.
758 1264 803 1305 Id
834 1266 912 1306 alio
943 1266 1027 1306 loco
1060 1266 1351 1320 comprobatur.
1413 1265 1517 1307 Nam
1544 1266 1629 1306 hor.

146 1351 284 1377 comm.
309 1333 393 1384 VI,
427 1334 479 1381 9,
513 1332 539 1374 8
562 1348 648 1373 cum
672 1330 826 1374 Caesar
854 1334 1083 1388 scripsisset
1117 1335 1298 1388 ‘cognita
1329 1332 1482 1375 Caesar
1512 1347 1632 1375 causa

145 1403 295 1457 reperit
316 1403 362 1442 ab
386 1399 528 1441 Sueuis
552 1401 701 1440 auxilia
723 1401 842 1442 missa
865 1416 977 1442 esse:
1023 1401 1215 1442 Vbiorum
1239 1402 1549 1442 satisfactionem
1570 1415 1634 1442 ac-

145 1471 252 1524 cipit,
278 1470 406 1510 aditus
429 1469 591 1520 uiasque
613 1468 653 1507 in
677 1466 831 1507 Sueuos
854 1469 1082 1520 perquirit',
1113 1471 1152 1508 in
1177 1470 1309 1510 codice
1332 1471 1543 1524 archetypo
1567 1483 1634 1523 po·

146 1539 261 1578 situm
296 1544 357 1578 est
399 1535 487 1575 ‘ubi
519 1536 655 1575 horum
686 1535 998 1575 satisfactionem
1032 1536 1203 1590 accepit'
1238 1545 1412 1590 tempore
1443 1536 1555 1576 uerbi
1585 1536 1634 1576 ad

146 1604 377 1659 particulam
415 1603 525 1642 ‘ubi’
555 1603 870 1642 accommodato:
906 1617 1032 1655 neque
1061 1604 1162 1643 enim
1194 1605 1234 1644 in
1265 1605 1416 1645 duobus
1439 1604 1632 1645 extremis

146 1671 376 1720 enuntiatis,
402 1683 566 1722 quorum
590 1669 703 1722 plane
727 1671 861 1710 eadem
884 1671 1062 1710 condicio
1086 1678 1160 1720 est,
1187 1678 1363 1726 tempora
1382 1673 1527 1712 uariari
1544 1687 1634 1726 pos-

144 1753 188 1780 se
211 1735 397 1778 Clarkius
419 1737 633 1777 intellexit.
679 1734 949 1778 Schneiderns
985 1738 1177 1788 miratur,
1212 1740 1245 1779 si
1277 1740 1437 1780 uerbum
1473 1748 1633 1781 ‘sense-

144 1809 250 1848 runt'
272 1805 550 1860 interpolatum
566 1805 643 1855 sit,
668 1806 759 1858 quid
782 1806 836 1846 ita
858 1807 994 1846 eodem
1017 1807 1103 1847 loco
1125 1807 1165 1846 in
1188 1807 1366 1847 omnihus
1390 1808 1501 1848 codd.
1527 1808 1634 1861 lega-

143 1882 224 1915 tur.
267 1873 391 1915 Putes
415 1887 499 1914 eum
517 1904 527 1923 ,
560 1880 605 1913 ut
625 1888 762 1914 omnes
785 1874 941 1914 codices
965 1888 1018 1914 ex
1039 1888 1116 1914 uno
1139 1875 1330 1928 originem
1355 1876 1500 1916 ducere
1522 1876 1635 1929 igno-

143 1943 320 1991 rauerit,
346 1955 395 1982 ne
417 1942 600 1982 mendum
624 1942 777 1995 quidem
800 1942 920 1982 ullum
944 1942 1123 1982 omnibus
1146 1943 1258 1983 codd.
1284 1957 1491 1984 commune
1512 1944 1553 1984 in
1575 1944 1634 1984 his

146 2010 258 2050 libris
280 2010 499 2050 inuenisse.
548 2007 719 2060 Deinde,
744 2010 777 2050 si
803 2012 1060 2050 ‘senserunt'
1092 2011 1311 2061 omittatur,
1337 2008 1492 2053 Sueuos
1521 2026 1634 2066 prae-

145 2085 207 2118 ter
229 2077 545 2131 expectationem
568 2078 805 2131 perterritos
838 2079 914 2118 dici
946 2078 1140 2131 queritur.
1201 2078 1290 2134 Ipse
1321 2079 1443 2133 igitur
1477 2080 1636 2134 scripsit

146 2151 259 2199 ‘quos
277 2144 370 2186 Vbii
398 2169 448 2175 —
480 2153 524 2185 ut
548 2147 782 2200 perterritos
806 2148 1031 2187 senserunt'
1054 2154 1170 2201 atque
1192 2148 1245 2188 ita
1268 2148 1320 2198 id,
1346 2149 1448 2202 quod
1470 2155 1633 2201 questus

145 2221 246 2264 erat,
271 2220 463 2254 remotum
486 2227 577 2254 esse
599 2216 815 2255 contendit.
863 2214 973 2257 Haec
995 2215 1096 2269 quod
1119 2230 1197 2256 non
1218 2216 1372 2266 refello,
1397 2216 1551 2257 ueniam
1574 2230 1634 2257 me

144 2281 191 2322 ab
212 2282 298 2336 ipso
320 2281 619 2336 impetraturum
642 2296 773 2338 spero.

254 2415 374 2458 Initio
397 2418 559 2459 secundi
591 2419 863 2459 commentarii
897 2417 1025 2460 ‘Cum
1056 2427 1162 2460 esset
1184 2417 1338 2460 Caesar
1369 2421 1409 2461 in
1450 2420 1635 2461 citeriore

146 2483 275 2526 Gallia
295 2485 336 2525 in
358 2486 534 2526 hibernis
549 2517 560 2536 ,
593 2487 649 2527 ita
678 2487 734 2527 uti
768 2501 886 2541 supra
908 2487 1265 2529 demonstrauimus
1282 2518 1291 2536 ,
1326 2488 1455 2529 crebri
1477 2489 1524 2530 ad
1546 2503 1634 2529 eum

145 2567 323 2594 rumores
346 2554 632 2603 afferebantur,
648 2554 869 2608 litterisque
891 2556 982 2596 item
994 2555 1164 2597 Labieni
1188 2556 1337 2597 certior
1358 2557 1476 2598 fiebat
1497 2569 1634 2597 omnes

146 2619 306 2675 Belgas,
338 2636 451 2675 quam
474 2622 628 2662 tertiam
653 2636 741 2663 esse
764 2621 917 2665 Galliae
939 2632 1088 2678 partem
1111 2625 1338 2664 dixeramus
1353 2655 1363 2672 ,
1398 2632 1536 2665 contra
1568 2638 1636 2677 po-

148 2689 273 2740 pulum
288 2689 511 2730 Romanum
534 2690 771 2737 coniurare',
796 2698 906 2731 recte
919 2690 1163 2733 Goerlitzius
1188 2694 1246 2743 (in
1260 2694 1471 2733 emendatt.
1489 2691 1630 2732 Iulian.

148 2753 281 2795 Viteb.
308 2756 417 2797 1837
440 2758 574 2811 editis)
598 2758 716 2798 uerba
744 2759 800 2798 ‘in
823 2760 1011 2800 hibernis'
1034 2760 1167 2814 spuria
1189 2774 1276 2800 csse
1299 2761 1444 2800 docuit.
1490 2758 1535 2800 In
1558 2760 1633 2798 fine

149 2821 251 2861 enim
273 2825 486 2876 superioris
509 2826 620 2875 libri,
646 2840 720 2879 quo
743 2826 804 2866 hic
826 2827 1053 2881 respicitur,
1085 2825 1236 2868 Caesar
1258 2828 1450 2868 retulerat
1472 2826 1634 2866 hiberna

149 2889 350 2930 exercitus
372 2905 415 2932 se
435 2892 475 2932 in
498 2890 692 2945 Sequanis
716 2894 932 2936 collocasse
947 2927 957 2945 ,
990 2896 1114 2948 ipsum
1149 2896 1196 2935 ad
1219 2902 1439 2936 conuentus
1461 2892 1633 2947 agendos
