<?xml version="1.0" encoding="UTF-8"?>
<!DOCTYPE html PUBLIC "-//W3C//DTD XHTML 1.0 Transitional//EN"
    "http://www.w3.org/TR/xhtml1/DTD/xhtml1-transitional.dtd">
<html xmlns="http://www.w3.org/1999/xhtml" xml:lang="en" lang="en">
 <head>
  <title>
</title>
<meta http-equiv="Content-Type" content="text/html;charset=utf-8" />
  <meta name='ocr-system' content='tesseract 3.04.00' />
  <meta name='ocr-capabilities' content='ocr_page ocr_carea ocr_par ocr_line ocrx_word'/>
</head>
<body>
  <div class='ocr_page' id='page_1' title='image "./commentarii00caesuoft_0129.png"; bbox 0 0 1835 3240; ppageno 0'>
   <div class='ocr_carea' id='block_1_1' title="bbox 704 158 1130 201">
    <p class='ocr_par' dir='ltr' id='par_1_1' title="bbox 704 158 1130 201">
     <span class='ocr_line' id='line_1_1' title="bbox 704 158 1130 201; baseline -0.005 -1"><span class='ocrx_word' id='word_1_1' title='bbox 704 158 1130 201; x_wconf 64' lang='lat'>—119—</span> 
     </span>
    </p>
   </div>
   <div class='ocr_carea' id='block_1_2' title="bbox 161 271 1663 2899">
    <p class='ocr_par' dir='ltr' id='par_1_2' title="bbox 161 271 1663 2899">
     <span class='ocr_line' id='line_1_2' title="bbox 166 271 1648 328; baseline 0.001 -10"><span class='ocrx_word' id='word_1_2' title='bbox 166 279 334 318; x_wconf 85' lang='lat' dir='ltr'>hiemare</span> <span class='ocrx_word' id='word_1_3' title='bbox 356 275 487 324; x_wconf 87' lang='lat' dir='ltr'>iussit,</span> <span class='ocrx_word' id='word_1_4' title='bbox 514 281 594 315; x_wconf 87' lang='lat' dir='ltr'>tres</span> <span class='ocrx_word' id='word_1_5' title='bbox 616 275 655 315; x_wconf 89' lang='lat' dir='ltr'>in</span> <span class='ocrx_word' id='word_1_6' title='bbox 677 274 816 328; x_wconf 82' lang='lat' dir='ltr'><strong>Belgio</strong></span> <span class='ocrx_word' id='word_1_7' title='bbox 840 274 1047 315; x_wconf 86' lang='lat' dir='ltr'>eollocauit</span> <span class='ocrx_word' id='word_1_8' title='bbox 1068 274 1147 325; x_wconf 91' lang='lat' dir='ltr'>(his</span> <span class='ocrx_word' id='word_1_9' title='bbox 1171 271 1230 312; x_wconf 84' lang='lat' dir='ltr'>M.</span> <span class='ocrx_word' id='word_1_10' title='bbox 1257 272 1446 314; x_wconf 82' lang='lat' dir='ltr'>Crassum</span> <span class='ocrx_word' id='word_1_11' title='bbox 1467 285 1648 328; x_wconf 87' lang='lat' dir='ltr'>quaesto-</span> 
     </span>
     <span class='ocr_line' id='line_1_3' title="bbox 164 340 1646 397; baseline -0.001 -12"><span class='ocrx_word' id='word_1_12' title='bbox 164 359 243 385; x_wconf 90' lang='lat' dir='ltr'>rem</span> <span class='ocrx_word' id='word_1_13' title='bbox 262 350 299 383; x_wconf 86' lang='lat' dir='ltr'>et</span> <span class='ocrx_word' id='word_1_14' title='bbox 320 341 371 381; x_wconf 87' lang='lat' dir='ltr'>L.</span> <span class='ocrx_word' id='word_1_15' title='bbox 396 341 613 382; x_wconf 79' lang='lat' dir='ltr'><strong>Munatium</strong></span> <span class='ocrx_word' id='word_1_16' title='bbox 635 341 828 383; x_wconf 85' lang='lat' dir='ltr'>Plancum</span> <span class='ocrx_word' id='word_1_17' title='bbox 850 351 890 383; x_wconf 87' lang='lat' dir='ltr'>et</span> <span class='ocrx_word' id='word_1_18' title='bbox 912 340 961 383; x_wconf 90' lang='lat' dir='ltr'>C.</span> <span class='ocrx_word' id='word_1_19' title='bbox 982 340 1226 382; x_wconf 88' lang='lat' dir='ltr'>Trebonium</span> <span class='ocrx_word' id='word_1_20' title='bbox 1248 341 1400 393; x_wconf 86' lang='lat' dir='ltr'>legatos</span> <span class='ocrx_word' id='word_1_21' title='bbox 1422 345 1646 397; x_wconf 83' lang='lat' dir='ltr'>praefecit),</span> 
     </span>
     <span class='ocr_line' id='line_1_4' title="bbox 163 408 1649 463; baseline -0.001 -11"><span class='ocrx_word' id='word_1_22' title='bbox 163 426 293 459; x_wconf 89' lang='lat' dir='ltr'>unam,</span> <span class='ocrx_word' id='word_1_23' title='bbox 319 424 430 462; x_wconf 89' lang='lat' dir='ltr'>quam</span> <span class='ocrx_word' id='word_1_24' title='bbox 454 410 632 463; x_wconf 82' lang='lat' dir='ltr'><strong>proxime</strong></span> <span class='ocrx_word' id='word_1_25' title='bbox 655 417 764 450; x_wconf 90' lang='lat' dir='ltr'>trans</span> <span class='ocrx_word' id='word_1_26' title='bbox 781 409 929 450; x_wconf 91' lang='lat' dir='ltr'>Padum</span> <span class='ocrx_word' id='word_1_27' title='bbox 952 410 1257 461; x_wconf 80' lang='lat' dir='ltr'>conscripserat,</span> <span class='ocrx_word' id='word_1_28' title='bbox 1280 415 1318 447; x_wconf 91' lang='lat' dir='ltr'>et</span> <span class='ocrx_word' id='word_1_29' title='bbox 1339 408 1522 449; x_wconf 81' lang='lat' dir='ltr'>cohortes</span> <span class='ocrx_word' id='word_1_30' title='bbox 1540 411 1649 462; x_wconf 91' lang='lat' dir='ltr'>quiu-</span> 
     </span>
     <span class='ocr_line' id='line_1_5' title="bbox 163 473 1646 531; baseline -0.001 -13"><span class='ocrx_word' id='word_1_31' title='bbox 163 492 235 531; x_wconf 84' lang='lat' dir='ltr'>que</span> <span class='ocrx_word' id='word_1_32' title='bbox 256 478 297 517; x_wconf 89' lang='lat' dir='ltr'>in</span> <span class='ocrx_word' id='word_1_33' title='bbox 318 476 529 518; x_wconf 86' lang='lat' dir='ltr'>Eburones</span> <span class='ocrx_word' id='word_1_34' title='bbox 551 478 678 517; x_wconf 87' lang='lat' dir='ltr'>misit:</span> <span class='ocrx_word' id='word_1_35' title='bbox 713 478 771 518; x_wconf 89' lang='lat' dir='ltr'>his</span> <span class='ocrx_word' id='word_1_36' title='bbox 802 478 986 518; x_wconf 85' lang='lat' dir='ltr'>militibus</span> <span class='ocrx_word' id='word_1_37' title='bbox 1009 476 1060 529; x_wconf 88' lang='lat' dir='ltr'>Q.</span> <span class='ocrx_word' id='word_1_38' title='bbox 1085 475 1280 516; x_wconf 87' lang='lat' dir='ltr'>Titurium</span> <span class='ocrx_word' id='word_1_39' title='bbox 1311 473 1500 516; x_wconf 88' lang='lat' dir='ltr'>Sabinum</span> <span class='ocrx_word' id='word_1_40' title='bbox 1535 485 1576 516; x_wconf 90' lang='lat' dir='ltr'>et</span> <span class='ocrx_word' id='word_1_41' title='bbox 1598 477 1646 517; x_wconf 65' lang='lat' dir='ltr'>L.</span> 
     </span>
     <span class='ocr_line' id='line_1_6' title="bbox 163 541 1650 599; baseline -0.001 -14"><span class='ocrx_word' id='word_1_42' title='bbox 163 545 477 585; x_wconf 81' lang='lat' dir='ltr'>Aurunculeium</span> <span class='ocrx_word' id='word_1_43' title='bbox 501 542 659 585; x_wconf 82' lang='lat' dir='ltr'>Cottam</span> <span class='ocrx_word' id='word_1_44' title='bbox 680 545 832 598; x_wconf 86' lang='lat' dir='ltr'>legatos</span> <span class='ocrx_word' id='word_1_45' title='bbox 855 559 1040 599; x_wconf 88' lang='lat' dir='ltr'>praeesse</span> <span class='ocrx_word' id='word_1_46' title='bbox 1061 543 1204 584; x_wconf 82' lang='lat' dir='ltr'>iussit&#39;.</span> <span class='ocrx_word' id='word_1_47' title='bbox 1240 541 1352 595; x_wconf 84' lang='lat' dir='ltr'>Quae</span> <span class='ocrx_word' id='word_1_48' title='bbox 1375 543 1496 583; x_wconf 89' lang='lat' dir='ltr'>uerba</span> <span class='ocrx_word' id='word_1_49' title='bbox 1520 548 1650 596; x_wconf 77' lang='lat' dir='ltr'>‘quam</span> 
     </span>
     <span class='ocr_line' id='line_1_7' title="bbox 164 610 1648 666; baseline -0.001 -14"><span class='ocrx_word' id='word_1_50' title='bbox 164 614 343 666; x_wconf 78' lang='lat' dir='ltr'>proxime</span> <span class='ocrx_word' id='word_1_51' title='bbox 374 621 482 653; x_wconf 89' lang='lat' dir='ltr'>trans</span> <span class='ocrx_word' id='word_1_52' title='bbox 513 611 660 653; x_wconf 91' lang='lat' dir='ltr'>Padum</span> <span class='ocrx_word' id='word_1_53' title='bbox 695 611 1000 666; x_wconf 86' lang='lat' dir='ltr'>conscripserat&#39;</span> <span class='ocrx_word' id='word_1_54' title='bbox 1038 626 1116 651; x_wconf 92' lang='lat' dir='ltr'>non</span> <span class='ocrx_word' id='word_1_55' title='bbox 1157 611 1211 651; x_wconf 90' lang='lat' dir='ltr'>ita</span> <span class='ocrx_word' id='word_1_56' title='bbox 1245 610 1510 664; x_wconf 87' lang='lat' dir='ltr'>intellegenda</span> <span class='ocrx_word' id='word_1_57' title='bbox 1539 619 1648 662; x_wconf 87' lang='lat' dir='ltr'>sunt,</span> 
     </span>
     <span class='ocr_line' id='line_1_8' title="bbox 163 675 1651 735; baseline -0.001 -15"><span class='ocrx_word' id='word_1_58' title='bbox 163 681 276 733; x_wconf 87' lang='lat' dir='ltr'>quasi</span> <span class='ocrx_word' id='word_1_59' title='bbox 298 695 345 721; x_wconf 91' lang='lat' dir='ltr'>ea</span> <span class='ocrx_word' id='word_1_60' title='bbox 365 680 468 734; x_wconf 84' lang='lat' dir='ltr'>legio</span> <span class='ocrx_word' id='word_1_61' title='bbox 491 681 563 720; x_wconf 89' lang='lat' dir='ltr'>hoc</span> <span class='ocrx_word' id='word_1_62' title='bbox 585 695 688 721; x_wconf 90' lang='lat' dir='ltr'>anno</span> <span class='ocrx_word' id='word_1_63' title='bbox 712 682 934 735; x_wconf 87' lang='lat' dir='ltr'>conscripta</span> <span class='ocrx_word' id='word_1_64' title='bbox 957 687 1063 721; x_wconf 85' lang='lat' dir='ltr'>esset</span> <span class='ocrx_word' id='word_1_65' title='bbox 1093 681 1201 732; x_wconf 91' lang='lat' dir='ltr'>(octo</span> <span class='ocrx_word' id='word_1_66' title='bbox 1223 678 1325 718; x_wconf 89' lang='lat' dir='ltr'>enim</span> <span class='ocrx_word' id='word_1_67' title='bbox 1348 679 1527 732; x_wconf 85' lang='lat' dir='ltr'>legiones</span> <span class='ocrx_word' id='word_1_68' title='bbox 1550 675 1651 719; x_wconf 90' lang='lat' dir='ltr'>Cae·</span> 
     </span>
     <span class='ocr_line' id='line_1_9' title="bbox 163 746 1653 799; baseline -0.001 -11"><span class='ocrx_word' id='word_1_69' title='bbox 163 762 290 788; x_wconf 88' lang='lat' dir='ltr'>sarem</span> <span class='ocrx_word' id='word_1_70' title='bbox 323 748 397 788; x_wconf 90' lang='lat' dir='ltr'>iam</span> <span class='ocrx_word' id='word_1_71' title='bbox 431 749 605 788; x_wconf 90' lang='lat' dir='ltr'>secundo</span> <span class='ocrx_word' id='word_1_72' title='bbox 637 762 740 789; x_wconf 88' lang='lat' dir='ltr'>auno</span> <span class='ocrx_word' id='word_1_73' title='bbox 773 748 958 789; x_wconf 86' lang='lat' dir='ltr'>habuisse</span> <span class='ocrx_word' id='word_1_74' title='bbox 989 747 1195 797; x_wconf 87' lang='lat' dir='ltr'>uidimus),</span> <span class='ocrx_word' id='word_1_75' title='bbox 1229 746 1298 786; x_wconf 89' lang='lat' dir='ltr'>sed</span> <span class='ocrx_word' id='word_1_76' title='bbox 1328 746 1577 799; x_wconf 85' lang='lat' dir='ltr'>significatur</span> <span class='ocrx_word' id='word_1_77' title='bbox 1607 760 1653 787; x_wconf 91' lang='lat' dir='ltr'>ea</span> 
     </span>
     <span class='ocr_line' id='line_1_10' title="bbox 163 814 1649 870; baseline -0.002 -14"><span class='ocrx_word' id='word_1_78' title='bbox 163 817 289 870; x_wconf 87' lang='lat' dir='ltr'>legio,</span> <span class='ocrx_word' id='word_1_79' title='bbox 323 830 420 868; x_wconf 88' lang='lat' dir='ltr'>quae</span> <span class='ocrx_word' id='word_1_80' title='bbox 452 816 624 856; x_wconf 91' lang='lat' dir='ltr'>secundo</span> <span class='ocrx_word' id='word_1_81' title='bbox 655 831 760 857; x_wconf 88' lang='lat' dir='ltr'>anno</span> <span class='ocrx_word' id='word_1_82' title='bbox 792 817 925 856; x_wconf 87' lang='lat' dir='ltr'>ultima</span> <span class='ocrx_word' id='word_1_83' title='bbox 949 816 1166 856; x_wconf 85' lang='lat' dir='ltr'>constituta</span> <span class='ocrx_word' id='word_1_84' title='bbox 1188 820 1298 861; x_wconf 84' lang='lat' dir='ltr'>erat,</span> <span class='ocrx_word' id='word_1_85' title='bbox 1324 820 1460 866; x_wconf 84' lang='lat' dir='ltr'>quarta</span> <span class='ocrx_word' id='word_1_86' title='bbox 1484 814 1649 854; x_wconf 84' lang='lat' dir='ltr'>decima.</span> 
     </span>
     <span class='ocr_line' id='line_1_11' title="bbox 164 880 1654 937; baseline -0.002 -13"><span class='ocrx_word' id='word_1_87' title='bbox 164 883 397 937; x_wconf 82' lang='lat' dir='ltr'>Quindecim</span> <span class='ocrx_word' id='word_1_88' title='bbox 420 891 553 924; x_wconf 89' lang='lat' dir='ltr'>autem</span> <span class='ocrx_word' id='word_1_89' title='bbox 576 885 760 924; x_wconf 84' lang='lat' dir='ltr'>cohortes</span> <span class='ocrx_word' id='word_1_90' title='bbox 783 882 919 924; x_wconf 90' lang='lat' dir='ltr'>Sabini</span> <span class='ocrx_word' id='word_1_91' title='bbox 942 891 981 924; x_wconf 88' lang='lat' dir='ltr'>et</span> <span class='ocrx_word' id='word_1_92' title='bbox 1004 881 1148 924; x_wconf 88' lang='lat' dir='ltr'>Cottae</span> <span class='ocrx_word' id='word_1_93' title='bbox 1170 881 1314 935; x_wconf 82' lang='lat' dir='ltr'>insigni</span> <span class='ocrx_word' id='word_1_94' title='bbox 1346 882 1456 922; x_wconf 89' lang='lat' dir='ltr'>clade</span> <span class='ocrx_word' id='word_1_95' title='bbox 1488 881 1535 921; x_wconf 87' lang='lat' dir='ltr'>ab</span> <span class='ocrx_word' id='word_1_96' title='bbox 1557 880 1654 922; x_wconf 87' lang='lat' dir='ltr'>Am-</span> 
     </span>
     <span class='ocr_line' id='line_1_12' title="bbox 162 949 1653 1006; baseline -0.001 -14"><span class='ocrx_word' id='word_1_97' title='bbox 162 952 341 1005; x_wconf 85' lang='lat' dir='ltr'>biorige,</span> <span class='ocrx_word' id='word_1_98' title='bbox 374 965 467 1006; x_wconf 86' lang='lat' dir='ltr'>rege</span> <span class='ocrx_word' id='word_1_99' title='bbox 501 950 732 991; x_wconf 90' lang='lat' dir='ltr'>Eburonum</span> <span class='ocrx_word' id='word_1_100' title='bbox 749 983 760 1002; x_wconf 94' lang='lat'>,</span> <span class='ocrx_word' id='word_1_101' title='bbox 794 955 832 992; x_wconf 91' lang='lat' dir='ltr'>in</span> <span class='ocrx_word' id='word_1_102' title='bbox 855 951 1030 993; x_wconf 88' lang='lat' dir='ltr'>hibernis</span> <span class='ocrx_word' id='word_1_103' title='bbox 1054 951 1205 991; x_wconf 80' lang='lat' dir='ltr'>deletae</span> <span class='ocrx_word' id='word_1_104' title='bbox 1237 956 1349 999; x_wconf 87' lang='lat' dir='ltr'>sunt,</span> <span class='ocrx_word' id='word_1_105' title='bbox 1387 949 1455 990; x_wconf 85' lang='lat' dir='ltr'>uix</span> <span class='ocrx_word' id='word_1_106' title='bbox 1476 957 1519 990; x_wconf 89' lang='lat' dir='ltr'>ut</span> <span class='ocrx_word' id='word_1_107' title='bbox 1539 950 1653 1004; x_wconf 89' lang='lat' dir='ltr'>pauci</span> 
     </span>
     <span class='ocr_line' id='line_1_13' title="bbox 162 1016 1653 1073; baseline -0.001 -14"><span class='ocrx_word' id='word_1_108' title='bbox 162 1020 399 1073; x_wconf 86' lang='lat' dir='ltr'>effugerent,</span> <span class='ocrx_word' id='word_1_109' title='bbox 424 1033 522 1071; x_wconf 87' lang='lat' dir='ltr'>quae</span> <span class='ocrx_word' id='word_1_110' title='bbox 544 1033 609 1059; x_wconf 88' lang='lat' dir='ltr'>res</span> <span class='ocrx_word' id='word_1_111' title='bbox 632 1027 819 1060; x_wconf 81' lang='lat' dir='ltr'>narratur</span> <span class='ocrx_word' id='word_1_112' title='bbox 839 1020 929 1060; x_wconf 91' lang='lat' dir='ltr'>inde</span> <span class='ocrx_word' id='word_1_113' title='bbox 953 1034 976 1059; x_wconf 89' lang='lat' dir='ltr'>a</span> <span class='ocrx_word' id='word_1_114' title='bbox 998 1033 1033 1059; x_wconf 92' lang='lat' dir='ltr'>c.</span> <span class='ocrx_word' id='word_1_115' title='bbox 1059 1018 1112 1059; x_wconf 86' lang='grc'>26</span> <span class='ocrx_word' id='word_1_116' title='bbox 1134 1032 1256 1071; x_wconf 90' lang='lat' dir='ltr'>usque</span> <span class='ocrx_word' id='word_1_117' title='bbox 1279 1018 1325 1058; x_wconf 90' lang='lat' dir='ltr'>ad</span> <span class='ocrx_word' id='word_1_118' title='bbox 1349 1032 1384 1058; x_wconf 91' lang='lat' dir='ltr'>c.</span> <span class='ocrx_word' id='word_1_119' title='bbox 1410 1016 1479 1057; x_wconf 84' lang='lat'>38.</span> <span class='ocrx_word' id='word_1_120' title='bbox 1514 1016 1653 1071; x_wconf 84' lang='lat' dir='ltr'>Itaque</span> 
     </span>
     <span class='ocr_line' id='line_1_14' title="bbox 161 1083 1652 1140; baseline -0.001 -13"><span class='ocrx_word' id='word_1_121' title='bbox 161 1087 273 1128; x_wconf 86' lang='lat' dir='ltr'>initio</span> <span class='ocrx_word' id='word_1_122' title='bbox 297 1087 401 1127; x_wconf 81' lang='lat' dir='ltr'>sexti</span> <span class='ocrx_word' id='word_1_123' title='bbox 425 1087 516 1127; x_wconf 87' lang='lat' dir='ltr'>anni</span> <span class='ocrx_word' id='word_1_124' title='bbox 539 1084 694 1127; x_wconf 80' lang='lat' dir='ltr'>Caesar</span> <span class='ocrx_word' id='word_1_125' title='bbox 715 1095 754 1128; x_wconf 90' lang='lat' dir='ltr'>et</span> <span class='ocrx_word' id='word_1_126' title='bbox 775 1088 858 1140; x_wconf 91' lang='lat' dir='ltr'>ipse</span> <span class='ocrx_word' id='word_1_127' title='bbox 881 1087 1075 1127; x_wconf 87' lang='lat' dir='ltr'>delectum</span> <span class='ocrx_word' id='word_1_128' title='bbox 1098 1086 1233 1125; x_wconf 80' lang='lat' dir='ltr'>habuit</span> <span class='ocrx_word' id='word_1_129' title='bbox 1255 1093 1294 1126; x_wconf 87' lang='lat' dir='ltr'>et</span> <span class='ocrx_word' id='word_1_130' title='bbox 1316 1100 1337 1125; x_wconf 91' lang='lat' dir='ltr'>a</span> <span class='ocrx_word' id='word_1_131' title='bbox 1360 1083 1438 1125; x_wconf 87' lang='lat' dir='ltr'>Cn.</span> <span class='ocrx_word' id='word_1_132' title='bbox 1463 1083 1652 1139; x_wconf 90' lang='lat' dir='ltr'>Pompeio</span> 
     </span>
     <span class='ocr_line' id='line_1_15' title="bbox 161 1153 1654 1209; baseline -0.002 -14"><span class='ocrx_word' id='word_1_133' title='bbox 161 1155 409 1209; x_wconf 85' lang='lat' dir='ltr'>impetrauit,</span> <span class='ocrx_word' id='word_1_134' title='bbox 434 1162 491 1203; x_wconf 85' lang='lat' dir='ltr'>ut,</span> <span class='ocrx_word' id='word_1_135' title='bbox 517 1169 612 1208; x_wconf 89' lang='lat' dir='ltr'>quos</span> <span class='ocrx_word' id='word_1_136' title='bbox 634 1155 698 1196; x_wconf 89' lang='lat' dir='ltr'>ille</span> <span class='ocrx_word' id='word_1_137' title='bbox 721 1156 859 1196; x_wconf 89' lang='lat' dir='ltr'>consul</span> <span class='ocrx_word' id='word_1_138' title='bbox 881 1169 933 1196; x_wconf 78' lang='lat' dir='ltr'>ex</span> <span class='ocrx_word' id='word_1_139' title='bbox 955 1153 1086 1195; x_wconf 87' lang='lat' dir='ltr'>Gallia</span> <span class='ocrx_word' id='word_1_140' title='bbox 1107 1154 1295 1208; x_wconf 88' lang='lat' dir='ltr'>cisalpina</span> <span class='ocrx_word' id='word_1_141' title='bbox 1318 1160 1567 1193; x_wconf 87' lang='lat' dir='ltr'>sacramento</span> <span class='ocrx_word' id='word_1_142' title='bbox 1589 1167 1654 1193; x_wconf 94' lang='lat' dir='ltr'>ro-</span> 
     </span>
     <span class='ocr_line' id='line_1_16' title="bbox 162 1219 1655 1276; baseline -0.003 -13"><span class='ocrx_word' id='word_1_143' title='bbox 162 1224 352 1276; x_wconf 87' lang='lat' dir='ltr'>gauisset,</span> <span class='ocrx_word' id='word_1_144' title='bbox 386 1223 435 1262; x_wconf 90' lang='lat' dir='ltr'>ad</span> <span class='ocrx_word' id='word_1_145' title='bbox 457 1223 570 1276; x_wconf 85' lang='lat' dir='ltr'>signa</span> <span class='ocrx_word' id='word_1_146' title='bbox 593 1223 807 1263; x_wconf 88' lang='lat' dir='ltr'>conuenire</span> <span class='ocrx_word' id='word_1_147' title='bbox 829 1230 867 1263; x_wconf 91' lang='lat' dir='ltr'>et</span> <span class='ocrx_word' id='word_1_148' title='bbox 888 1223 961 1263; x_wconf 89' lang='lat' dir='ltr'>sibi</span> <span class='ocrx_word' id='word_1_149' title='bbox 983 1223 1086 1263; x_wconf 86' lang='lat' dir='ltr'>tradi</span> <span class='ocrx_word' id='word_1_150' title='bbox 1107 1222 1279 1263; x_wconf 87' lang='lat' dir='ltr'>iuberet.</span> <span class='ocrx_word' id='word_1_151' title='bbox 1312 1219 1408 1261; x_wconf 90' lang='lat' dir='ltr'>Inde</span> <span class='ocrx_word' id='word_1_152' title='bbox 1431 1227 1511 1260; x_wconf 91' lang='lat' dir='ltr'>tres</span> <span class='ocrx_word' id='word_1_153' title='bbox 1533 1219 1655 1272; x_wconf 86' lang='lat' dir='ltr'>legio-</span> 
     </span>
     <span class='ocr_line' id='line_1_17' title="bbox 164 1287 1655 1340; baseline -0.003 -10"><span class='ocrx_word' id='word_1_154' title='bbox 164 1305 235 1331; x_wconf 90' lang='lat' dir='ltr'>nes</span> <span class='ocrx_word' id='word_1_155' title='bbox 259 1292 420 1331; x_wconf 80' lang='lat' dir='ltr'>effectas</span> <span class='ocrx_word' id='word_1_156' title='bbox 442 1304 555 1339; x_wconf 89' lang='lat' dir='ltr'>esse,</span> <span class='ocrx_word' id='word_1_157' title='bbox 591 1291 645 1330; x_wconf 86' lang='lat' dir='ltr'>ita</span> <span class='ocrx_word' id='word_1_158' title='bbox 668 1298 711 1330; x_wconf 89' lang='lat' dir='ltr'>ut</span> <span class='ocrx_word' id='word_1_159' title='bbox 732 1292 964 1331; x_wconf 90' lang='lat' dir='ltr'>amissarum</span> <span class='ocrx_word' id='word_1_160' title='bbox 988 1291 1206 1331; x_wconf 83' lang='lat' dir='ltr'>cohortium</span> <span class='ocrx_word' id='word_1_161' title='bbox 1231 1302 1416 1330; x_wconf 85' lang='lat' dir='ltr'>numerus</span> <span class='ocrx_word' id='word_1_162' title='bbox 1439 1287 1655 1340; x_wconf 84' lang='lat' dir='ltr'>duplicare—</span> 
     </span>
     <span class='ocr_line' id='line_1_18' title="bbox 164 1355 1654 1410; baseline -0.002 -13"><span class='ocrx_word' id='word_1_163' title='bbox 164 1365 244 1407; x_wconf 92' lang='lat' dir='ltr'>tur,</span> <span class='ocrx_word' id='word_1_164' title='bbox 268 1356 342 1405; x_wconf 52' lang='lat' dir='ltr'>tl,</span> <span class='ocrx_word' id='word_1_165' title='bbox 373 1357 408 1408; x_wconf 81' lang='lat'>1,</span> <span class='ocrx_word' id='word_1_166' title='bbox 432 1358 458 1396; x_wconf 88' lang='lat'><strong>4</strong></span> <span class='ocrx_word' id='word_1_167' title='bbox 482 1364 521 1397; x_wconf 89' lang='lat' dir='ltr'>et</span> <span class='ocrx_word' id='word_1_168' title='bbox 542 1356 611 1406; x_wconf 96' lang='grc'>32,</span> <span class='ocrx_word' id='word_1_169' title='bbox 637 1357 660 1396; x_wconf 81' lang='lat'>5</span> <span class='ocrx_word' id='word_1_170' title='bbox 695 1359 933 1398; x_wconf 87' lang='lat' dir='ltr'>declaratur.</span> <span class='ocrx_word' id='word_1_171' title='bbox 985 1358 1055 1399; x_wconf 82' lang='lat' dir='ltr'>Ex</span> <span class='ocrx_word' id='word_1_172' title='bbox 1080 1359 1141 1399; x_wconf 92' lang='lat' dir='ltr'>his</span> <span class='ocrx_word' id='word_1_173' title='bbox 1171 1358 1298 1398; x_wconf 91' lang='lat' dir='ltr'>tribus</span> <span class='ocrx_word' id='word_1_174' title='bbox 1327 1355 1546 1410; x_wconf 82' lang='lat' dir='ltr'>legionibus</span> <span class='ocrx_word' id='word_1_175' title='bbox 1569 1369 1654 1395; x_wconf 90' lang='lat' dir='ltr'>cum</span> 
     </span>
     <span class='ocr_line' id='line_1_19' title="bbox 166 1424 1655 1478; baseline 0.001 -15"><span class='ocrx_word' id='word_1_176' title='bbox 166 1440 241 1464; x_wconf 87' lang='lat' dir='ltr'>una</span> <span class='ocrx_word' id='word_1_177' title='bbox 264 1440 299 1464; x_wconf 91' lang='lat' dir='ltr'>c.</span> <span class='ocrx_word' id='word_1_178' title='bbox 324 1424 394 1473; x_wconf 87' lang='grc'>32,</span> <span class='ocrx_word' id='word_1_179' title='bbox 419 1424 442 1464; x_wconf 81' lang='lat'>5</span> <span class='ocrx_word' id='word_1_180' title='bbox 465 1431 602 1477; x_wconf 87' lang='lat' dir='ltr'>quarta</span> <span class='ocrx_word' id='word_1_181' title='bbox 626 1425 774 1464; x_wconf 86' lang='lat' dir='ltr'>decima</span> <span class='ocrx_word' id='word_1_182' title='bbox 796 1426 1037 1478; x_wconf 84' lang='lat' dir='ltr'>appelletur,</span> <span class='ocrx_word' id='word_1_183' title='bbox 1073 1426 1173 1466; x_wconf 89' lang='lat' dir='ltr'>hanc</span> <span class='ocrx_word' id='word_1_184' title='bbox 1193 1426 1232 1465; x_wconf 91' lang='lat' dir='ltr'>in</span> <span class='ocrx_word' id='word_1_185' title='bbox 1255 1426 1381 1465; x_wconf 90' lang='lat' dir='ltr'>locum</span> <span class='ocrx_word' id='word_1_186' title='bbox 1405 1432 1566 1477; x_wconf 86' lang='lat' dir='ltr'>quartae</span> <span class='ocrx_word' id='word_1_187' title='bbox 1590 1426 1655 1465; x_wconf 88' lang='lat' dir='ltr'>de-</span> 
     </span>
     <span class='ocr_line' id='line_1_20' title="bbox 166 1490 1652 1542; baseline 0.001 -11"><span class='ocrx_word' id='word_1_188' title='bbox 166 1494 288 1532; x_wconf 82' lang='lat' dir='ltr'>cimae</span> <span class='ocrx_word' id='word_1_189' title='bbox 312 1507 396 1532; x_wconf 89' lang='lat' dir='ltr'>cum</span> <span class='ocrx_word' id='word_1_190' title='bbox 420 1490 537 1532; x_wconf 85' lang='lat' dir='ltr'>Cotta</span> <span class='ocrx_word' id='word_1_191' title='bbox 562 1499 601 1532; x_wconf 89' lang='lat' dir='ltr'>et</span> <span class='ocrx_word' id='word_1_192' title='bbox 624 1491 773 1533; x_wconf 79' lang='lat' dir='ltr'>Sabino</span> <span class='ocrx_word' id='word_1_193' title='bbox 797 1493 966 1533; x_wconf 88' lang='lat' dir='ltr'>amissae</span> <span class='ocrx_word' id='word_1_194' title='bbox 997 1493 1269 1542; x_wconf 88' lang='lat' dir='ltr'>successisse,</span> <span class='ocrx_word' id='word_1_195' title='bbox 1308 1493 1472 1532; x_wconf 87' lang='lat' dir='ltr'>alteram</span> <span class='ocrx_word' id='word_1_196' title='bbox 1505 1500 1652 1542; x_wconf 88' lang='lat' dir='ltr'>autem,</span> 
     </span>
     <span class='ocr_line' id='line_1_21' title="bbox 165 1557 1654 1614; baseline 0.001 -16"><span class='ocrx_word' id='word_1_197' title='bbox 165 1574 278 1611; x_wconf 89' lang='lat' dir='ltr'>quam</span> <span class='ocrx_word' id='word_1_198' title='bbox 300 1559 392 1599; x_wconf 88' lang='lat' dir='ltr'>item</span> <span class='ocrx_word' id='word_1_199' title='bbox 414 1560 497 1612; x_wconf 88' lang='lat' dir='ltr'>ipse</span> <span class='ocrx_word' id='word_1_200' title='bbox 518 1557 670 1598; x_wconf 81' lang='lat' dir='ltr'>Caesar</span> <span class='ocrx_word' id='word_1_201' title='bbox 692 1560 997 1613; x_wconf 87' lang='lat' dir='ltr'>conscripserat,</span> <span class='ocrx_word' id='word_1_202' title='bbox 1024 1561 1197 1612; x_wconf 87' lang='lat' dir='ltr'>quintam</span> <span class='ocrx_word' id='word_1_203' title='bbox 1216 1561 1402 1600; x_wconf 83' lang='lat' dir='ltr'>decimam</span> <span class='ocrx_word' id='word_1_204' title='bbox 1422 1561 1654 1614; x_wconf 84' lang='lat' dir='ltr'>appellatam</span> 
     </span>
     <span class='ocr_line' id='line_1_22' title="bbox 165 1625 1656 1680; baseline 0.001 -14"><span class='ocrx_word' id='word_1_205' title='bbox 165 1627 286 1666; x_wconf 89' lang='lat' dir='ltr'>fuisse</span> <span class='ocrx_word' id='word_1_206' title='bbox 318 1634 494 1680; x_wconf 85' lang='lat' dir='ltr'>apparet.</span> <span class='ocrx_word' id='word_1_207' title='bbox 546 1626 722 1666; x_wconf 86' lang='lat' dir='ltr'>Tertiam</span> <span class='ocrx_word' id='word_1_208' title='bbox 752 1641 873 1675; x_wconf 90' lang='lat' dir='ltr'>uero,</span> <span class='ocrx_word' id='word_1_209' title='bbox 909 1641 1021 1679; x_wconf 92' lang='lat' dir='ltr'>quam</span> <span class='ocrx_word' id='word_1_210' title='bbox 1047 1625 1123 1667; x_wconf 89' lang='lat' dir='ltr'>Cn.</span> <span class='ocrx_word' id='word_1_211' title='bbox 1148 1626 1359 1680; x_wconf 90' lang='lat' dir='ltr'>Pompeius</span> <span class='ocrx_word' id='word_1_212' title='bbox 1383 1628 1568 1676; x_wconf 80' lang='lat' dir='ltr'>dederat,</span> <span class='ocrx_word' id='word_1_213' title='bbox 1593 1641 1656 1667; x_wconf 89' lang='lat' dir='ltr'>re-</span> 
     </span>
     <span class='ocr_line' id='line_1_23' title="bbox 166 1692 1654 1747; baseline -0.001 -13"><span class='ocrx_word' id='word_1_214' title='bbox 166 1701 273 1734; x_wconf 88' lang='lat' dir='ltr'>tento</span> <span class='ocrx_word' id='word_1_215' title='bbox 296 1708 342 1734; x_wconf 89' lang='lat' dir='ltr'>eo</span> <span class='ocrx_word' id='word_1_216' title='bbox 364 1694 536 1745; x_wconf 86' lang='lat' dir='ltr'>nomine,</span> <span class='ocrx_word' id='word_1_217' title='bbox 563 1694 665 1747; x_wconf 90' lang='lat' dir='ltr'>quod</span> <span class='ocrx_word' id='word_1_218' title='bbox 687 1694 721 1733; x_wconf 91' lang='lat' dir='ltr'>is</span> <span class='ocrx_word' id='word_1_219' title='bbox 745 1693 955 1743; x_wconf 82' lang='lat' dir='ltr'>indiderat,</span> <span class='ocrx_word' id='word_1_220' title='bbox 976 1696 1138 1747; x_wconf 85' lang='lat' dir='ltr'>primam</span> <span class='ocrx_word' id='word_1_221' title='bbox 1156 1695 1296 1735; x_wconf 88' lang='lat' dir='ltr'>dictam</span> <span class='ocrx_word' id='word_1_222' title='bbox 1316 1708 1403 1735; x_wconf 88' lang='lat' dir='ltr'>esse</span> <span class='ocrx_word' id='word_1_223' title='bbox 1418 1692 1654 1744; x_wconf 82' lang='lat' dir='ltr'>Hirt.VIII,</span> 
     </span>
     <span class='ocr_line' id='line_1_24' title="bbox 166 1759 1658 1816; baseline 0 -14"><span class='ocrx_word' id='word_1_224' title='bbox 166 1761 236 1813; x_wconf 84' lang='lat'>54,</span> <span class='ocrx_word' id='word_1_225' title='bbox 258 1762 287 1804; x_wconf 85' lang='grc'>2</span> <span class='ocrx_word' id='word_1_226' title='bbox 319 1763 578 1802; x_wconf 89' lang='lat' dir='ltr'>demonstrat.</span> <span class='ocrx_word' id='word_1_227' title='bbox 632 1759 770 1814; x_wconf 88' lang='lat' dir='ltr'>Itaque</span> <span class='ocrx_word' id='word_1_228' title='bbox 800 1768 917 1801; x_wconf 75' lang='lat' dir='ltr'>sexto</span> <span class='ocrx_word' id='word_1_229' title='bbox 949 1775 1052 1801; x_wconf 89' lang='lat' dir='ltr'>anno</span> <span class='ocrx_word' id='word_1_230' title='bbox 1085 1759 1239 1802; x_wconf 87' lang='lat' dir='ltr'>Caesar</span> <span class='ocrx_word' id='word_1_231' title='bbox 1260 1763 1392 1802; x_wconf 87' lang='lat' dir='ltr'>decem</span> <span class='ocrx_word' id='word_1_232' title='bbox 1420 1762 1596 1816; x_wconf 85' lang='lat' dir='ltr'>legiones</span> <span class='ocrx_word' id='word_1_233' title='bbox 1617 1763 1658 1802; x_wconf 91' lang='lat' dir='ltr'>in</span> 
     </span>
     <span class='ocr_line' id='line_1_25' title="bbox 166 1829 1657 1883; baseline -0.001 -12"><span class='ocrx_word' id='word_1_234' title='bbox 166 1831 346 1871; x_wconf 76' lang='lat' dir='ltr'>exercitu</span> <span class='ocrx_word' id='word_1_235' title='bbox 368 1830 517 1879; x_wconf 89' lang='lat' dir='ltr'>habuit,</span> <span class='ocrx_word' id='word_1_236' title='bbox 542 1835 692 1883; x_wconf 88' lang='lat' dir='ltr'>septem</span> <span class='ocrx_word' id='word_1_237' title='bbox 716 1836 942 1879; x_wconf 80' lang='lat' dir='ltr'>ueterauaS,</span> <span class='ocrx_word' id='word_1_238' title='bbox 966 1837 1046 1869; x_wconf 88' lang='lat' dir='ltr'>tres</span> <span class='ocrx_word' id='word_1_239' title='bbox 1070 1843 1208 1870; x_wconf 89' lang='lat' dir='ltr'>nouas.</span> <span class='ocrx_word' id='word_1_240' title='bbox 1259 1829 1391 1882; x_wconf 85' lang='lat' dir='ltr'>Atque</span> <span class='ocrx_word' id='word_1_241' title='bbox 1413 1830 1447 1870; x_wconf 91' lang='lat' dir='ltr'>is</span> <span class='ocrx_word' id='word_1_242' title='bbox 1470 1843 1657 1870; x_wconf 91' lang='lat' dir='ltr'>numerus</span> 
     </span>
     <span class='ocr_line' id='line_1_26' title="bbox 167 1897 1658 1950; baseline 0 -12"><span class='ocrx_word' id='word_1_243' title='bbox 167 1905 205 1938; x_wconf 89' lang='lat' dir='ltr'>et</span> <span class='ocrx_word' id='word_1_244' title='bbox 228 1897 301 1947; x_wconf 64' lang='lat' dir='ltr'>VI,</span> <span class='ocrx_word' id='word_1_245' title='bbox 327 1897 380 1937; x_wconf 88' lang='grc'>32</span> <span class='ocrx_word' id='word_1_246' title='bbox 403 1904 441 1938; x_wconf 84' lang='lat' dir='ltr'>et</span> <span class='ocrx_word' id='word_1_247' title='bbox 464 1897 515 1937; x_wconf 84' lang='lat'>33</span> <span class='ocrx_word' id='word_1_248' title='bbox 538 1899 684 1950; x_wconf 86' lang='lat' dir='ltr'>legitur</span> <span class='ocrx_word' id='word_1_249' title='bbox 705 1904 744 1937; x_wconf 92' lang='lat' dir='ltr'>et</span> <span class='ocrx_word' id='word_1_250' title='bbox 765 1905 945 1937; x_wconf 76' lang='lat' dir='ltr'>extremo</span> <span class='ocrx_word' id='word_1_251' title='bbox 968 1904 1085 1937; x_wconf 78' lang='lat' dir='ltr'>sexto</span> <span class='ocrx_word' id='word_1_252' title='bbox 1109 1898 1392 1938; x_wconf 86' lang='lat' dir='ltr'>commentario</span> <span class='ocrx_word' id='word_1_253' title='bbox 1423 1897 1463 1937; x_wconf 89' lang='lat' dir='ltr'>in</span> <span class='ocrx_word' id='word_1_254' title='bbox 1494 1898 1658 1938; x_wconf 89' lang='lat' dir='ltr'>hiberna</span> 
     </span>
     <span class='ocr_line' id='line_1_27' title="bbox 168 1963 1658 2019; baseline 0 -13"><span class='ocrx_word' id='word_1_255' title='bbox 168 1966 395 2006; x_wconf 88' lang='lat' dir='ltr'>distributus</span> <span class='ocrx_word' id='word_1_256' title='bbox 427 1966 584 2006; x_wconf 91' lang='lat' dir='ltr'>dicitur.</span> <span class='ocrx_word' id='word_1_257' title='bbox 639 1963 806 2019; x_wconf 87' lang='lat' dir='ltr'>Septimi</span> <span class='ocrx_word' id='word_1_258' title='bbox 837 1966 930 2005; x_wconf 91' lang='lat' dir='ltr'>anni</span> <span class='ocrx_word' id='word_1_259' title='bbox 960 1965 1072 2005; x_wconf 91' lang='lat' dir='ltr'>initio</span> <span class='ocrx_word' id='word_1_260' title='bbox 1105 1963 1260 2006; x_wconf 86' lang='lat' dir='ltr'>Caesar</span> <span class='ocrx_word' id='word_1_261' title='bbox 1291 1965 1482 2005; x_wconf 85' lang='lat' dir='ltr'>delectum</span> <span class='ocrx_word' id='word_1_262' title='bbox 1506 1967 1658 2018; x_wconf 88' lang='lat' dir='ltr'>quidem</span> 
     </span>
     <span class='ocr_line' id='line_1_28' title="bbox 168 2031 1656 2087; baseline 0.001 -15"><span class='ocrx_word' id='word_1_263' title='bbox 168 2040 250 2074; x_wconf 87' lang='lat' dir='ltr'>tota</span> <span class='ocrx_word' id='word_1_264' title='bbox 281 2033 463 2074; x_wconf 80' lang='lat' dir='ltr'>citerior-e</span> <span class='ocrx_word' id='word_1_265' title='bbox 493 2033 695 2086; x_wconf 88' lang='lat' dir='ltr'>prouincia</span> <span class='ocrx_word' id='word_1_266' title='bbox 738 2033 874 2074; x_wconf 91' lang='lat' dir='ltr'>habuit</span> <span class='ocrx_word' id='word_1_267' title='bbox 906 2031 1019 2084; x_wconf 85' lang='lat' dir='ltr'>(VII,</span> <span class='ocrx_word' id='word_1_268' title='bbox 1049 2032 1087 2083; x_wconf 86' lang='lat' dir='ltr'>l,</span> <span class='ocrx_word' id='word_1_269' title='bbox 1116 2033 1156 2084; x_wconf 80' lang='lat' dir='ltr'>l)</span> <span class='ocrx_word' id='word_1_270' title='bbox 1190 2032 1578 2087; x_wconf 85' lang='lat' dir='ltr'>supplementumque</span> <span class='ocrx_word' id='word_1_271' title='bbox 1616 2034 1656 2074; x_wconf 90' lang='lat' dir='ltr'>in</span> 
     </span>
     <span class='ocr_line' id='line_1_29' title="bbox 167 2099 1656 2155; baseline -0.001 -13"><span class='ocrx_word' id='word_1_272' title='bbox 167 2100 334 2142; x_wconf 89' lang='lat' dir='ltr'>Galliam</span> <span class='ocrx_word' id='word_1_273' title='bbox 357 2101 583 2142; x_wconf 84' lang='lat' dir='ltr'>ulteriorem</span> <span class='ocrx_word' id='word_1_274' title='bbox 605 2101 771 2141; x_wconf 79' lang='lat' dir='ltr'>adduxit</span> <span class='ocrx_word' id='word_1_275' title='bbox 793 2101 928 2154; x_wconf 55' lang='lat'>(25),</span> <span class='ocrx_word' id='word_1_276' title='bbox 955 2101 1055 2154; x_wconf 92' lang='lat' dir='ltr'>quod</span> <span class='ocrx_word' id='word_1_277' title='bbox 1078 2107 1215 2155; x_wconf 90' lang='lat' dir='ltr'>postea</span> <span class='ocrx_word' id='word_1_278' title='bbox 1238 2099 1436 2151; x_wconf 78' lang='lat' dir='ltr'>Labieno,</span> <span class='ocrx_word' id='word_1_279' title='bbox 1461 2115 1547 2141; x_wconf 92' lang='lat' dir='ltr'>cum</span> <span class='ocrx_word' id='word_1_280' title='bbox 1571 2115 1656 2141; x_wconf 91' lang='lat' dir='ltr'>eum</span> 
     </span>
     <span class='ocr_line' id='line_1_30' title="bbox 163 2167 1658 2223; baseline -0.001 -14"><span class='ocrx_word' id='word_1_281' title='bbox 163 2170 205 2209; x_wconf 93' lang='lat' dir='ltr'>in</span> <span class='ocrx_word' id='word_1_282' title='bbox 227 2169 342 2209; x_wconf 91' lang='lat' dir='ltr'>aliam</span> <span class='ocrx_word' id='word_1_283' title='bbox 365 2176 516 2223; x_wconf 89' lang='lat' dir='ltr'>partem</span> <span class='ocrx_word' id='word_1_284' title='bbox 539 2168 769 2219; x_wconf 85' lang='lat' dir='ltr'>dimitteret,</span> <span class='ocrx_word' id='word_1_285' title='bbox 794 2169 973 2209; x_wconf 86' lang='lat' dir='ltr'>attribuit</span> <span class='ocrx_word' id='word_1_286' title='bbox 994 2167 1173 2222; x_wconf 84' lang='lat' dir='ltr'>(57in.)‚</span> <span class='ocrx_word' id='word_1_287' title='bbox 1199 2169 1267 2208; x_wconf 90' lang='lat' dir='ltr'>sed</span> <span class='ocrx_word' id='word_1_288' title='bbox 1290 2176 1383 2208; x_wconf 89' lang='lat' dir='ltr'>ante</span> <span class='ocrx_word' id='word_1_289' title='bbox 1397 2168 1658 2208; x_wconf 88' lang='lat' dir='ltr'>defectionem</span> 
     </span>
     <span class='ocr_line' id='line_1_31' title="bbox 167 2235 1658 2291; baseline -0.001 -15"><span class='ocrx_word' id='word_1_290' title='bbox 167 2236 422 2278; x_wconf 89' lang='lat' dir='ltr'>Haeduorum</span> <span class='ocrx_word' id='word_1_291' title='bbox 446 2244 553 2277; x_wconf 90' lang='lat' dir='ltr'>certe</span> <span class='ocrx_word' id='word_1_292' title='bbox 576 2251 680 2277; x_wconf 92' lang='lat' dir='ltr'>noua</span> <span class='ocrx_word' id='word_1_293' title='bbox 702 2237 804 2291; x_wconf 85' lang='lat' dir='ltr'>legio</span> <span class='ocrx_word' id='word_1_294' title='bbox 827 2251 905 2277; x_wconf 90' lang='lat' dir='ltr'>non</span> <span class='ocrx_word' id='word_1_295' title='bbox 926 2236 1113 2277; x_wconf 86' lang='lat' dir='ltr'>accessit.</span> <span class='ocrx_word' id='word_1_296' title='bbox 1166 2235 1270 2276; x_wconf 90' lang='lat' dir='ltr'>Nam</span> <span class='ocrx_word' id='word_1_297' title='bbox 1297 2235 1466 2286; x_wconf 86' lang='lat' dir='ltr'>Caesar,</span> <span class='ocrx_word' id='word_1_298' title='bbox 1491 2250 1576 2276; x_wconf 91' lang='lat' dir='ltr'>cum</span> <span class='ocrx_word' id='word_1_299' title='bbox 1601 2236 1658 2275; x_wconf 91' lang='lat' dir='ltr'>hi-</span> 
     </span>
     <span class='ocr_line' id='line_1_32' title="bbox 165 2302 1660 2358; baseline -0.002 -13"><span class='ocrx_word' id='word_1_300' title='bbox 165 2305 288 2346; x_wconf 87' lang='lat' dir='ltr'>berno</span> <span class='ocrx_word' id='word_1_301' title='bbox 311 2306 521 2346; x_wconf 89' lang='lat' dir='ltr'>etiamtum</span> <span class='ocrx_word' id='word_1_302' title='bbox 543 2312 719 2358; x_wconf 88' lang='lat' dir='ltr'>tempore</span> <span class='ocrx_word' id='word_1_303' title='bbox 741 2305 834 2345; x_wconf 90' lang='lat' dir='ltr'>anui</span> <span class='ocrx_word' id='word_1_304' title='bbox 857 2306 904 2347; x_wconf 91' lang='lat' dir='ltr'>ob</span> <span class='ocrx_word' id='word_1_305' title='bbox 922 2305 1176 2345; x_wconf 87' lang='lat' dir='ltr'>rebellionem</span> <span class='ocrx_word' id='word_1_306' title='bbox 1191 2302 1409 2344; x_wconf 84' lang='lat' dir='ltr'>Galliarum</span> <span class='ocrx_word' id='word_1_307' title='bbox 1432 2305 1480 2344; x_wconf 92' lang='lat' dir='ltr'>ad</span> <span class='ocrx_word' id='word_1_308' title='bbox 1503 2303 1660 2344; x_wconf 77' lang='lat' dir='ltr'>exerci-</span> 
     </span>
     <span class='ocr_line' id='line_1_33' title="bbox 167 2371 1660 2426; baseline -0.001 -14"><span class='ocrx_word' id='word_1_309' title='bbox 167 2379 245 2412; x_wconf 89' lang='lat' dir='ltr'>tum</span> <span class='ocrx_word' id='word_1_310' title='bbox 277 2373 455 2413; x_wconf 87' lang='lat' dir='ltr'>uenisset</span> <span class='ocrx_word' id='word_1_311' title='bbox 486 2380 525 2412; x_wconf 87' lang='lat' dir='ltr'>et</span> <span class='ocrx_word' id='word_1_312' title='bbox 555 2379 692 2412; x_wconf 86' lang='lat' dir='ltr'>contra</span> <span class='ocrx_word' id='word_1_313' title='bbox 723 2371 1094 2426; x_wconf 82' lang='lat' dir='ltr'>Vercingetorigem</span> <span class='ocrx_word' id='word_1_314' title='bbox 1118 2372 1461 2425; x_wconf 86' lang='lat' dir='ltr'>proficisceretur,</span> <span class='ocrx_word' id='word_1_315' title='bbox 1488 2372 1583 2411; x_wconf 86' lang='lat' dir='ltr'>duas</span> <span class='ocrx_word' id='word_1_316' title='bbox 1605 2372 1660 2411; x_wconf 90' lang='lat' dir='ltr'>le-</span> 
     </span>
     <span class='ocr_line' id='line_1_34' title="bbox 167 2437 1661 2495; baseline -0.002 -15"><span class='ocrx_word' id='word_1_317' title='bbox 167 2440 304 2494; x_wconf 86' lang='lat' dir='ltr'>giones</span> <span class='ocrx_word' id='word_1_318' title='bbox 325 2440 493 2495; x_wconf 82' lang='lat' dir='ltr'>Agedici</span> <span class='ocrx_word' id='word_1_319' title='bbox 513 2440 802 2493; x_wconf 88' lang='lat' dir='ltr'>impedimentis</span> <span class='ocrx_word' id='word_1_320' title='bbox 824 2441 1020 2494; x_wconf 90' lang='lat' dir='ltr'>praesidio</span> <span class='ocrx_word' id='word_1_321' title='bbox 1042 2439 1202 2493; x_wconf 89' lang='lat' dir='ltr'>reliquit</span> <span class='ocrx_word' id='word_1_322' title='bbox 1225 2437 1311 2490; x_wconf 85' lang='lat'>(10,</span> <span class='ocrx_word' id='word_1_323' title='bbox 1338 2438 1399 2491; x_wconf 79' lang='lat'>4).</span> <span class='ocrx_word' id='word_1_324' title='bbox 1441 2438 1527 2479; x_wconf 91' lang='lat' dir='ltr'>Has</span> <span class='ocrx_word' id='word_1_325' title='bbox 1549 2439 1661 2478; x_wconf 89' lang='lat' dir='ltr'>initio</span> 
     </span>
     <span class='ocr_line' id='line_1_35' title="bbox 169 2505 1662 2561; baseline -0.001 -15"><span class='ocrx_word' id='word_1_326' title='bbox 169 2507 289 2554; x_wconf 86' lang='lat' dir='ltr'>ueris,</span> <span class='ocrx_word' id='word_1_327' title='bbox 314 2521 400 2547; x_wconf 89' lang='lat' dir='ltr'>cum</span> <span class='ocrx_word' id='word_1_328' title='bbox 423 2505 576 2548; x_wconf 87' lang='lat' dir='ltr'>Caesar</span> <span class='ocrx_word' id='word_1_329' title='bbox 605 2508 718 2560; x_wconf 91' lang='lat' dir='ltr'>quasi</span> <span class='ocrx_word' id='word_1_330' title='bbox 740 2522 886 2548; x_wconf 92' lang='lat' dir='ltr'>nouum</span> <span class='ocrx_word' id='word_1_331' title='bbox 907 2509 1000 2549; x_wconf 90' lang='lat' dir='ltr'>belli</span> <span class='ocrx_word' id='word_1_332' title='bbox 1023 2508 1176 2548; x_wconf 91' lang='lat' dir='ltr'>initium</span> <span class='ocrx_word' id='word_1_333' title='bbox 1200 2514 1360 2561; x_wconf 90' lang='lat' dir='ltr'>caperet</span> <span class='ocrx_word' id='word_1_334' title='bbox 1381 2505 1470 2557; x_wconf 82' lang='grc'>(32,</span> <span class='ocrx_word' id='word_1_335' title='bbox 1495 2506 1558 2558; x_wconf 83' lang='grc'>2),</span> <span class='ocrx_word' id='word_1_336' title='bbox 1592 2520 1662 2546; x_wconf 80' lang='lat' dir='ltr'>ex-</span> 
     </span>
     <span class='ocr_line' id='line_1_36' title="bbox 171 2572 1662 2629; baseline -0.001 -16"><span class='ocrx_word' id='word_1_337' title='bbox 171 2574 309 2614; x_wconf 89' lang='lat' dir='ltr'>ercitui</span> <span class='ocrx_word' id='word_1_338' title='bbox 337 2589 477 2615; x_wconf 88' lang='lat' dir='ltr'>rursus</span> <span class='ocrx_word' id='word_1_339' title='bbox 511 2575 718 2615; x_wconf 82' lang='lat' dir='ltr'>adiunctas</span> <span class='ocrx_word' id='word_1_340' title='bbox 751 2590 841 2616; x_wconf 90' lang='lat' dir='ltr'>esse</span> <span class='ocrx_word' id='word_1_341' title='bbox 873 2577 963 2616; x_wconf 88' lang='lat' dir='ltr'>iude</span> <span class='ocrx_word' id='word_1_342' title='bbox 985 2582 1173 2629; x_wconf 87' lang='lat' dir='ltr'>apparet,</span> <span class='ocrx_word' id='word_1_343' title='bbox 1198 2575 1299 2627; x_wconf 90' lang='lat' dir='ltr'>quod</span> <span class='ocrx_word' id='word_1_344' title='bbox 1321 2573 1523 2615; x_wconf 88' lang='lat' dir='ltr'>Labienus</span> <span class='ocrx_word' id='word_1_345' title='bbox 1547 2589 1583 2614; x_wconf 91' lang='lat' dir='ltr'>c.</span> <span class='ocrx_word' id='word_1_346' title='bbox 1609 2572 1662 2612; x_wconf 84' lang='lat'>57</span> 
     </span>
     <span class='ocr_line' id='line_1_37' title="bbox 172 2640 1659 2697; baseline 0 -18"><span class='ocrx_word' id='word_1_347' title='bbox 172 2640 336 2693; x_wconf 84' lang='lat' dir='ltr'>Agedici</span> <span class='ocrx_word' id='word_1_348' title='bbox 357 2643 669 2696; x_wconf 87' lang='lat' dir='ltr'>supplementum</span> <span class='ocrx_word' id='word_1_349' title='bbox 691 2642 807 2693; x_wconf 90' lang='lat' dir='ltr'>illud,</span> <span class='ocrx_word' id='word_1_350' title='bbox 835 2644 880 2684; x_wconf 91' lang='lat' dir='ltr'>de</span> <span class='ocrx_word' id='word_1_351' title='bbox 903 2659 977 2697; x_wconf 93' lang='lat' dir='ltr'>quo</span> <span class='ocrx_word' id='word_1_352' title='bbox 1001 2644 1114 2684; x_wconf 90' lang='lat' dir='ltr'>modo</span> <span class='ocrx_word' id='word_1_353' title='bbox 1137 2643 1220 2682; x_wconf 70' lang='lat' dir='ltr'>dixi</span> <span class='ocrx_word' id='word_1_354' title='bbox 1236 2673 1246 2692; x_wconf 93' lang='lat'>,</span> <span class='ocrx_word' id='word_1_355' title='bbox 1270 2642 1482 2696; x_wconf 87' lang='lat' dir='ltr'>reliquisse</span> <span class='ocrx_word' id='word_1_356' title='bbox 1504 2641 1659 2681; x_wconf 88' lang='lat' dir='ltr'>dieitur.</span> 
     </span>
     <span class='ocr_line' id='line_1_38' title="bbox 175 2706 1663 2764; baseline 0 -18"><span class='ocrx_word' id='word_1_357' title='bbox 175 2706 312 2760; x_wconf 86' lang='lat' dir='ltr'>Itaque</span> <span class='ocrx_word' id='word_1_358' title='bbox 332 2709 444 2750; x_wconf 87' lang='lat' dir='ltr'>initio</span> <span class='ocrx_word' id='word_1_359' title='bbox 465 2711 573 2751; x_wconf 90' lang='lat' dir='ltr'>ueris</span> <span class='ocrx_word' id='word_1_360' title='bbox 595 2708 749 2751; x_wconf 90' lang='lat' dir='ltr'>Caesar</span> <span class='ocrx_word' id='word_1_361' title='bbox 771 2711 994 2751; x_wconf 76' lang='lat' dir='ltr'>exercitum</span> <span class='ocrx_word' id='word_1_362' title='bbox 1016 2712 1056 2751; x_wconf 91' lang='lat' dir='ltr'>in</span> <span class='ocrx_word' id='word_1_363' title='bbox 1080 2711 1175 2751; x_wconf 88' lang='lat' dir='ltr'>duas</span> <span class='ocrx_word' id='word_1_364' title='bbox 1207 2717 1339 2764; x_wconf 86' lang='lat' dir='ltr'>partes</span> <span class='ocrx_word' id='word_1_365' title='bbox 1369 2709 1528 2750; x_wconf 83' lang='lat' dir='ltr'>diuisit:</span> <span class='ocrx_word' id='word_1_366' title='bbox 1554 2714 1663 2760; x_wconf 88' lang='lat' dir='ltr'>quat-</span> 
     </span>
     <span class='ocr_line' id='line_1_39' title="bbox 176 2776 1663 2831; baseline -0.002 -17"><span class='ocrx_word' id='word_1_367' title='bbox 176 2782 266 2815; x_wconf 90' lang='lat' dir='ltr'>tuor</span> <span class='ocrx_word' id='word_1_368' title='bbox 285 2777 460 2829; x_wconf 88' lang='lat' dir='ltr'>legiones</span> <span class='ocrx_word' id='word_1_369' title='bbox 482 2777 661 2818; x_wconf 88' lang='lat' dir='ltr'>Labieno</span> <span class='ocrx_word' id='word_1_370' title='bbox 682 2779 724 2819; x_wconf 92' lang='lat' dir='ltr'>in</span> <span class='ocrx_word' id='word_1_371' title='bbox 746 2777 928 2819; x_wconf 91' lang='lat' dir='ltr'>Senones</span> <span class='ocrx_word' id='word_1_372' title='bbox 948 2777 1203 2831; x_wconf 86' lang='lat' dir='ltr'>Parisiosque</span> <span class='ocrx_word' id='word_1_373' title='bbox 1226 2778 1422 2818; x_wconf 86' lang='lat' dir='ltr'>ducendas</span> <span class='ocrx_word' id='word_1_374' title='bbox 1445 2776 1564 2822; x_wconf 89' lang='lat' dir='ltr'>dedit,</span> <span class='ocrx_word' id='word_1_375' title='bbox 1590 2787 1663 2813; x_wconf 68' lang='lat' dir='ltr'>sex</span> 
     </span>
     <span class='ocr_line' id='line_1_40' title="bbox 176 2842 1663 2899; baseline -0.001 -18"><span class='ocrx_word' id='word_1_376' title='bbox 176 2842 258 2896; x_wconf 90' lang='lat' dir='ltr'>ipsc</span> <span class='ocrx_word' id='word_1_377' title='bbox 280 2843 320 2882; x_wconf 91' lang='lat' dir='ltr'>in</span> <span class='ocrx_word' id='word_1_378' title='bbox 342 2842 547 2886; x_wconf 82' lang='lat' dir='ltr'>Aruernos</span> <span class='ocrx_word' id='word_1_379' title='bbox 568 2846 682 2887; x_wconf 76' lang='lat' dir='ltr'>duxit</span> <span class='ocrx_word' id='word_1_380' title='bbox 703 2845 793 2899; x_wconf 88' lang='grc'>(34,</span> <span class='ocrx_word' id='word_1_381' title='bbox 816 2846 878 2899; x_wconf 82' lang='grc'>2),</span> <span class='ocrx_word' id='word_1_382' title='bbox 902 2847 957 2887; x_wconf 87' lang='lat' dir='ltr'>ita</span> <span class='ocrx_word' id='word_1_383' title='bbox 985 2854 1028 2887; x_wconf 90' lang='lat' dir='ltr'>ut</span> <span class='ocrx_word' id='word_1_384' title='bbox 1049 2853 1172 2887; x_wconf 87' lang='lat' dir='ltr'>totum</span> <span class='ocrx_word' id='word_1_385' title='bbox 1194 2847 1415 2889; x_wconf 71' lang='lat' dir='ltr'>exercitum</span> <span class='ocrx_word' id='word_1_386' title='bbox 1445 2843 1561 2884; x_wconf 86' lang='lat' dir='ltr'>etiam</span> <span class='ocrx_word' id='word_1_387' title='bbox 1585 2848 1663 2881; x_wconf 89' lang='lat' dir='ltr'>tum</span> 
     </span>
    </p>
   </div>
  </div>
 </body>
</html>
