1835 3240
699 173 1104 215 ---13—-

156 295 390 346 scriptorum
412 288 593 344 proprius
616 294 691 328 est.
736 285 912 328 Sublatis
935 287 1038 328 enim
1061 285 1289 341 quibusdam
1310 288 1558 333 librariorum
1581 307 1643 335 er-

154 361 334 409 roribus,
368 358 505 412 quibus
535 356 685 397 relictis
717 356 848 396 nullus
881 356 1050 410 scriptor
1080 357 1143 396 sui
1174 356 1312 396 similis
1344 357 1444 405 erit,
1478 360 1574 400 nihil
1601 362 1642 401 in

153 429 226 468 hoc
247 440 394 480 genere
416 425 620 466 inuenitur
641 424 680 464 in
704 424 762 464 his
786 424 1097 474 commentariis,
1120 425 1223 477 quod
1245 424 1459 466 abhorrere
1481 440 1504 465 a
1526 425 1643 469 Cice-

153 495 262 535 ronis
293 501 333 534 et
355 491 542 534 Caesaris
572 492 856 532 consuetudine
885 492 1010 532 uideri
1031 493 1172 546 possit.
1216 492 1273 533 At
1292 493 1458 546 reliquis
1482 508 1534 535 ex
1557 510 1645 549 par-

156 563 255 603 tibus
285 563 318 603 si
351 561 421 602 hos
450 561 573 601 libros
603 574 690 600 cum
723 558 911 600 Caesaris
948 561 1242 601 commentariis
1275 575 1571 615 comparamus,
1603 564 1644 603 in

153 637 292 670 octauo
322 628 423 669 libro
455 629 501 668 de
522 627 624 668 bello
648 626 802 668 Gallico
826 628 1094 668 desideramus
1119 636 1158 669 et
1180 629 1400 682 elegantem
1421 630 1526 670 illam
1550 631 1645 671 faci-

153 698 303 738 litatem
335 703 373 737 et
404 697 582 750 uigorem
615 702 732 748 atque
763 696 1031 745 alacritatem,
1066 710 1140 749 qua
1162 697 1196 736 is
1219 698 1336 738 nullis
1359 698 1534 738 artificiis
1557 713 1645 739 ora-

154 766 266 805 toriis
298 764 481 804 adhibitis
504 763 675 804 naturali
696 764 845 818 ingenii
868 763 1056 804 felicitate
1082 771 1276 818 tamquam
1299 773 1550 820 praesentem
1574 781 1645 807 ex-

152 832 298 887 pressit
328 846 460 872 rerum
495 839 696 885 gestarum
727 832 954 885 imaginem.
998 830 1293 874 Lentitudinem
1327 835 1428 875 euim
1452 836 1645 888 quandam

152 908 192 941 et
218 900 526 940 mediocritatem
558 901 808 953 agnoscimus
838 900 924 939 siue
956 907 1063 940 motu
1085 907 1148 951 et,
1183 902 1284 954 quod
1315 902 1488 943 maxime
1509 916 1646 956 repre-

151 969 325 1018 hendas,
360 968 445 1009 sine
477 968 685 1009 uarietate.
729 967 834 1008 Nam
860 967 1068 1008 immodice
1093 983 1137 1008 ea
1161 970 1446 1023 compositione
1468 984 1562 1010 usus
1585 978 1646 1011 est

151 1035 332 1085 Hirtius,
366 1040 409 1075 ut
450 1036 625 1089 protasin
666 1050 737 1089 per
770 1035 886 1075 ‘cum'
928 1036 1161 1090 particulam
1191 1037 1444 1091 incipientem
1481 1039 1644 1092 apodosi

150 1104 441 1157 praemitteret,
487 1104 748 1157 coniungeret
779 1111 909 1144 autem
940 1105 1161 1145 sententias
1193 1119 1264 1158 per
1295 1120 1512 1159 pronomen
1542 1108 1645 1147 rela-

150 1172 297 1222 tiuum,
332 1186 497 1224 quarum
538 1186 671 1212 rerum
712 1172 779 1212 illa
811 1172 927 1226 longa
959 1173 1041 1212 fere
1073 1173 1272 1212 enuntiata
1305 1175 1442 1225 efficit,
1477 1183 1644 1230 utraque

150 1239 301 1280 tardam
331 1248 370 1278 ct
400 1246 508 1279 motu
532 1247 732 1281 carentem
755 1241 990 1281 orationem.
1035 1240 1166 1294 Atque
1191 1249 1233 1281 ut
1254 1243 1378 1283 forma
1401 1244 1644 1298 complexio-

151 1322 242 1348 num
283 1308 478 1348 uarietate
511 1314 642 1358 caret,
686 1308 742 1348 ita
773 1310 869 1349 ordo
900 1322 1054 1362 quoque
1087 1310 1300 1350 uerborum
1332 1312 1493 1352 nimium
1525 1326 1643 1366 saepe

152 1376 250 1415 idem
280 1376 477 1424 recurrit,
512 1375 613 1414 hunc
646 1376 754 1425 dico,
789 1384 832 1416 ut
862 1391 985 1430 pauca
1016 1378 1187 1431 exempli
1216 1392 1336 1419 causa
1359 1394 1524 1434 ponam:
1562 1382 1644 1434 ‘qui

153 1444 317 1496 primum
341 1443 552 1482 aduentum
577 1450 786 1496 potuerant
812 1444 982 1498 effugere
1004 1443 1290 1485 Romanorum'
1315 1447 1375 1499 (¹3,
1402 1447 1466 1498 3),
1505 1448 1645 1501 ‘legio-

152 1524 238 1550 nem
274 1525 326 1551 ex
357 1511 531 1551 hibernis
564 1519 704 1552 euocat
724 1526 862 1552 rursus
886 1513 1142 1552 undecimam*
1166 1512 1225 1563 (6,
1251 1511 1321 1568 3),
1359 1516 1515 1556 ‘stultas
1538 1517 1646 1570 cogi-

152 1579 318 1618 tationes
342 1578 529 1618 incitabat
550 1579 820 1619 barbarorum'
846 1580 934 1629 (10,
959 1579 1002 1631 4)
1022 1609 1031 1627 ,
1068 1584 1139 1619 ‘ex
1162 1580 1273 1621 siluis
1295 1582 1491 1624 instructa
1512 1585 1644 1624 multi-

151 1646 242 1685 tudo
273 1646 449 1699 procedit
483 1646 678 1699 peditum,
713 1660 811 1699 quae
844 1654 1004 1687 nostros
1039 1648 1169 1702 coegit
1191 1650 1330 1690 cedere
1361 1651 1526 1704 equites⁷
1552 1652 1641 1702 (19,

146 1712 207 1765 2).
253 1711 340 1765 Quo
375 1727 428 1754 ex
454 1728 602 1767 genere
625 1715 699 1754 etsi
722 1714 889 1768 plurima
911 1716 987 1755 iam
1010 1715 1245 1769 legebantur
1260 1747 1269 1764 ,
1305 1718 1415 1772 plura
1439 1726 1568 1760 tamen
1591 1734 1642 1761 ex

149 1780 347 1821 codicibus
389 1783 570 1836 ponenda
610 1783 783 1822 fuerunt.
835 1782 1054 1834 Taedium,
1097 1784 1197 1837 quod
1231 1785 1348 1826 affert
1379 1788 1519 1828 creber
1550 1803 1645 1829 usus

149 1849 367 1903 particulae
401 1850 540 1900 ‘cum',
575 1850 689 1891 leniri
723 1858 899 1905 poterat,
930 1850 962 1890 si
993 1851 1093 1891 aliae
1126 1867 1205 1892 non
1232 1862 1368 1894 essent
1389 1869 1553 1908 prorsus
1576 1871 1645 1898 ne-

148 1917 324 1971 glectae:
367 1918 422 1957 ita
457 1918 693 1972 ‘postquam’
727 1931 776 1958 ne
816 1919 938 1959 semel
969 1920 1123 1972 quidem
1157 1921 1324 1975 positum
1359 1929 1444 1973 est,
1491 1925 1563 1965 ‘ut’
1597 1926 1643 1966 de

148 1993 325 2039 tempore
346 1985 406 2025 bis
429 1984 525 2036 (30,
564 1986 585 2026 1
610 1993 647 2027 et
669 1984 746 2037 35,
782 1985 849 2039 5),
886 1987 977 2027 ‘ubi'
1002 1994 1062 2027 ter
1084 1988 1154 2040 (15
1171 2020 1181 2038 ,
1216 1989 1258 2030 7.
1304 1987 1381 2039 36,
1405 1990 1446 2030 4.
1481 1991 1550 2043 48,
1576 1991 1640 2046 6),

149 2054 218 2094 sed
256 2053 335 2102 ita,
378 2061 421 2094 ut
460 2067 616 2108 semper
657 2055 792 2095 eadem
835 2056 953 2095 uerba
993 2063 1188 2110 ponantur
1222 2059 1340 2111 ‘quod
1372 2059 1437 2099 ubi
1469 2061 1642 2101 accidit'.

148 2120 252 2162 Nam
276 2136 310 2162 c.
335 2121 414 2172 48,
449 2121 499 2171 7,
534 2122 599 2162 ubi
629 2122 759 2162 editur
790 2124 908 2176 ‘quod
940 2124 1003 2164 ubi
1032 2125 1176 2164 malum
1208 2126 1288 2165 dux
1323 2127 1409 2179 equi
1433 2128 1646 2170 uelocitate

149 2189 334 2239 euitauit,
366 2190 544 2243 grauiter
574 2190 807 2231 uulneratus
837 2193 1086 2245 praefectus,
1121 2200 1165 2233 ut
1195 2194 1301 2234 uitae
1323 2195 1539 2248 periculum
1562 2196 1644 2237 adi-

149 2265 261 2298 turus
283 2259 508 2308 uideretur,
541 2259 711 2298 refertur
741 2259 782 2299 in
812 2259 979 2310 castra',
1013 2274 1065 2300 ex
1087 2262 1319 2314 optimorum
1345 2263 1521 2303 codicum
1545 2265 1644 2304 scri-

149 2333 257 2380 ptura
284 2327 469 2367 efficitur:
508 2324 640 2378 ‘Quod
669 2327 812 2366 malum
844 2328 925 2368 dux
949 2329 1037 2381 equi
1061 2329 1270 2370 uelocitate
1293 2331 1483 2371 euitauit:
1518 2346 1563 2372 ac
1586 2333 1644 2373 sic

149 2395 297 2447 proelio
320 2395 493 2435 secundo
516 2394 695 2448 grauiter
717 2394 763 2434 ab
786 2409 832 2435 eo
850 2395 1080 2436 uulneratus
1095 2398 1331 2451 praefectus’
1355 2407 1469 2450 cett„
1490 2400 1528 2440 id
1542 2402 1644 2454 quod

150 2475 202 2501 cx
233 2469 343 2515 parte
374 2462 451 2502 iam
483 2476 503 2502 a
527 2461 691 2502 Dauisio
718 2470 758 2503 et
780 2460 1062 2518 Oudendorpio
1085 2466 1400 2507 animaduersum
1426 2475 1500 2508 est.
1545 2467 1644 2509 Fre-

151 2536 315 2581 quenter
344 2530 529 2584 leguntur
560 2530 776 2584 particulae
801 2531 905 2571 ‘etsi'
932 2532 995 2572 uel
1029 2535 1215 2574 ‘tametsi'
1238 2559 1294 2565 ——-
1327 2536 1488 2576 ‘tamen’
1513 2535 1575 2587 (9,
1598 2536 1639 2577 2.

153 2594 221 2646 10,
245 2596 363 2638 4bis.
401 2598 467 2648 16,
503 2598 540 2639 1.
579 2597 646 2647 19,
670 2599 711 2639 7.
744 2596 814 2648 20,
843 2598 882 2639 1.
916 2599 986 2648 27,
1012 2598 1051 2639 3.
1086 2600 1156 2651 28,
1180 2601 1221 2641 4.
1256 2601 1327 2652 29,
1355 2604 1393 2643 1,
1430 2602 1500 2652 50,
1526 2603 1570 2658 3)
1603 2612 1644 2645 et

156 2667 414 2718 ‘quamquam'
447 2692 502 2696 —
534 2666 694 2707 ‘tamen'
727 2668 865 2720 (praef.
889 2665 930 2707 8.
963 2666 1034 2718 42,
1068 2667 1108 2708 3.
1144 2668 1213 2720 52,
1246 2669 1288 2710 3.
1322 2670 1392 2719 55,
1416 2671 1485 2720 2);
1529 2687 1642 2712 num-

156 2745 269 2783 quam
301 2733 419 2774 ‘licet'
453 2741 518 2774 aut
551 2733 777 2788 ‘quamuis'.
824 2733 1090 2789 ‘Priusquam'
1120 2738 1306 2792 scriptum
1337 2746 1398 2780 est
1429 2738 1468 2790 3,
1495 2739 1534 2780 1.
1570 2738 1638 2790 13,

156 2797 196 2837 3.
233 2798 299 2849 14,
323 2801 364 2840 2.
400 2800 468 2852 50,
493 2800 541 2842 3:
575 2816 784 2855 numquam
809 2805 1063 2857 ‘antequam'.
1109 2804 1319 2859 ‘Repente'
1341 2807 1508 2860 legimus
1531 2807 1571 2855 5,
1597 2807 1637 2848 1.

155 2864 197 2914 9,
233 2865 272 2905 1.
308 2865 375 2918 12,
400 2867 438 2908 3.
472 2869 538 2920 15,
563 2869 603 2911 7.
638 2869 708 2921 20,
732 2871 760 2913 2
781 2870 854 2911 his.
886 2871 956 2923 27,
980 2872 1023 2914 2.
1055 2872 1126 2924 29,
1160 2873 1197 2915 1.
1229 2872 1298 2924 36,
1322 2874 1363 2914 4.
1398 2874 1468 2926 42,
1492 2875 1534 2916 2.
1566 2874 1637 2927 43,
