1835 3240
77 164 161 205 472
597 163 678 206 DE
710 164 900 206 BELLO
932 162 1187 206 GALLICO
1241 186 1245 190 -

106 276 133 316 2
157 274 376 331 Explorato
401 277 567 317 bostium
590 278 755 317 consilio
778 276 903 317 nostri
926 277 974 316 ad
996 277 1262 330 proeliandum
1285 278 1413 318 animo
1437 285 1553 331 atque
1576 292 1638 319 ar-

155 345 226 384 mis
258 345 408 398 parati,
442 354 527 384 c'um
561 344 890 396 subsequentibus
920 344 1141 398 legionibus
1173 345 1317 385 nullam
1350 346 1637 386 dimicationem

107 412 131 453 3
154 419 402 460 recusarent,
428 412 624 452 turmatim
649 412 686 450 in
710 425 795 451 euni
818 411 943 451 locum
968 412 1230 452 deuenerunt.
1269 409 1446 464 Quorum
1469 414 1639 454 aduentu

155 494 241 520 cum
273 480 345 520 sibi
370 477 547 520 Correus
579 477 748 518 oblatam
778 480 1025 520 occasionem
1056 479 1115 519 rei
1145 479 1343 534 gerendae
1373 480 1635 529 existimaret,

155 549 319 602 primuni
342 561 428 586 cuni
452 545 586 599 paucis
608 559 651 586 se
673 547 845 587 ostendit
866 555 981 600 atque
1003 547 1042 587 in
1060 560 1274 601 proxumas
1285 548 1633 602 turmasimpetum

106 616 132 655 4
156 618 262 656 fecit.
315 613 458 654 Nostri
488 620 720 654 constanter
750 615 951 655 incursum
981 615 1181 656 sustinent
1208 614 1481 654 insidiatorum
1513 630 1638 669 neque

156 684 285 738 plures
316 683 353 722 in
386 695 502 721 unum
536 681 662 721 locum
696 682 963 733 conueniunt3
1000 684 1101 736 quod
1133 683 1360 737 plerumque
1391 683 1639 734 equestribus

151 750 308 804 proeliis
323 763 407 789 cum
422 750 756 804 propteraliquem
782 751 959 791 timorem
984 751 1142 801 accidit,
1168 758 1246 790 tum
1271 749 1518 790 multitudine
1535 750 1641 804 ipso-

75 819 128 862 19
150 833 235 858 rum
258 817 534 857 detrimentum
557 818 761 871 accipitur.
807 816 908 859 Cum
941 818 1140 872 dispositis
1173 818 1311 858 turmis
1342 817 1381 857 in
1411 817 1533 857 uicem
1557 818 1640 858 rari

154 886 445 939 proeliarentur
477 898 602 938 neque
632 886 679 926 ab
711 886 901 927 lateribus
933 886 1210 926 circumueniri
1254 899 1347 926 suos
1389 891 1636 939 paterentur,

105 954 131 992 2
153 960 360 1007 erumpunt
382 953 504 993 ceteri
529 950 682 994 Correo
714 955 931 1008 proeliante
954 968 1006 994 ex
1028 954 1154 995 siluis.
1208 952 1274 993 Fit
1303 968 1446 1008 magna
1477 960 1639 994 conten-

155 1022 260 1061 tione
284 1021 480 1062 diuersum
504 1022 710 1076 proelium.
758 1020 873 1075 Quod
896 1037 983 1063 cum
1006 1022 1151 1063 diutius
1184 1021 1267 1075 pari
1290 1020 1422 1062 Marte
1453 1022 1635 1070 iniretur,

153 1089 337 1143 paulatim
363 1103 416 1129 ex
437 1090 549 1131 siluis
572 1090 766 1130 instructa
788 1091 992 1131 multitudo
1016 1090 1193 1144 procedit
1215 1090 1407 1143 peditum,
1448 1103 1545 1142 quae
1569 1103 1639 1129 no-

152 1164 256 1197 stros
278 1158 409 1211 coe‘git
431 1159 570 1198 cedere
592 1158 761 1211 equites.
816 1156 969 1210 Quibus
993 1158 1175 1198 celeriter
1196 1157 1434 1197 subueniuut
1455 1157 1553 1197 lenis
1575 1171 1638 1196 ar-

153 1232 331 1265 maturae
355 1226 503 1278 pedites
518 1256 527 1273 ,
567 1240 663 1279 quos
686 1233 778 1265 ante
801 1226 977 1279 legiones
1000 1226 1142 1265 missos
1165 1224 1305 1273 docui,
1330 1224 1549 1277 turmisque
1570 1238 1640 1264 no·

103 1291 128 1332 3
150 1300 320 1332 strorum
344 1294 567 1346 interpositi
599 1300 829 1333 constanter
857 1293 1118 1347 proeliantur.
1169 1290 1374 1345 Pugnatur
1403 1290 1641 1343 aliquamdiu

151 1360 232 1413 pari
256 1362 534 1411 contentione3
560 1361 722 1410 deinde,
747 1368 789 1401 ut
810 1361 913 1402 ratio
935 1360 1157 1415 postulabat
1177 1359 1332 1413 proelii,
1358 1358 1421 1411 qui
1444 1358 1640 1398 sustinue-

150 1435 241 1468 rant
263 1429 407 1482 primos
430 1429 597 1483 impetus
620 1429 874 1479 insidiarum,
908 1430 981 1470 hoc
1012 1429 1096 1483 ipso
1130 1429 1227 1468 fiunt
1256 1426 1504 1481 superiores,
1539 1426 1639 1479 quod

102 1495 129 1536 4
152 1495 295 1536 nullum
320 1496 367 1536 ab
389 1497 664 1537 insidiantibus
686 1498 941 1551 inprudentes
964 1503 1201 1550 acceperant
1222 1495 1514 1535 detrimentum.
1558 1493 1639 1534 Ac-

152 1565 295 1604 cedunt
316 1565 475 1618 propius
498 1565 653 1605 interim
677 1565 852 1617 legiones
870 1596 879 1613 ,
913 1565 1117 1618 crebrique
1152 1564 1287 1605 eodem
1311 1570 1495 1616 tempore,
1512 1569 1550 1602 et
1572 1575 1642 1602 no-

150 1632 244 1672 stris
269 1640 307 1673 et
330 1633 507 1673 hostibus
531 1633 656 1674 nuntii
679 1634 934 1684 adferuntur,
973 1633 1249 1687 imperatorem
1281 1630 1485 1671 instructis
1517 1629 1639 1683 copiis

103 1699 126 1739 5
149 1701 304 1741 adesse.
342 1699 430 1754 Qua
444 1701 657 1755 recognita
679 1702 875 1755 praesidio
899 1701 1117 1742 cohortium
1141 1699 1279 1740 confisi
1302 1698 1428 1739 nostri
1449 1697 1640 1738 acerrime

151 1769 408 1821 proeliantur,
434 1783 499 1819 ne,
524 1769 557 1809 si
582 1769 730 1809 tardius
752 1783 833 1809 rem
857 1769 1104 1823 gessissent,
1130 1769 1323 1809 uictoriae
1345 1766 1511 1819 gloriam
1533 1778 1639 1804 com-

102 1835 128 1876 6
151 1836 373 1877 municasse
395 1850 479 1876 cum
504 1836 725 1891 legionibus
748 1838 1005 1888 uiderentur3
1030 1838 1162 1877 hostes
1184 1835 1395 1876 concidunt
1416 1832 1556 1873 animis
1579 1838 1637 1872 at—

151 1919 224 1957 que
247 1904 455 1945 itineribus
479 1905 647 1945 diuersis
670 1906 799 1960 fugam
825 1912 1031 1959 quaerunt.
1076 1904 1351 1957 Nequiquam:
1388 1916 1476 1942 nam
1499 1899 1638 1953 quibus

150 1972 442 2012 difficultatibus
466 1973 638 2013 locorum
661 1972 865 2014 Romanos
889 1974 1072 2014 claudere
1094 1973 1327 2021 uoluerant,
1359 1971 1407 2010 iis
1429 1968 1505 2024 ipsi
1529 1975 1638 2008 tene-

102 2039 127 2079 7
150 2039 306 2081 bantur.
352 2039 459 2082 Victi
484 2048 613 2082 tamen
636 2041 883 2095 perculsique
914 2042 1062 2082 maiore
1096 2049 1206 2095 parte
1228 2039 1373 2080 amissa
1396 2037 1639 2079 consternati

297 2190 308 2221 1
333 2191 422 2232 expl.
444 2191 533 2222 bost.
554 2202 649 2223 cons.
680 2193 786 2224 nostri
812 2192 983 2232 ABCD,
1017 2191 1125 2222 nostri
1152 2189 1242 2232 expl.
1274 2189 1351 2220 host
1392 2195 1485 2217 cons.
1515 2182 1635 2215 bede.

292 2241 313 2274 2
332 2241 591 2273 demicationem
610 2243 652 2275 B.
818 2243 836 2275 3
856 2246 1094 2275 conuenerunt
1113 2242 1143 2273 b.
1319 2234 1484 2277 aduentu]
1508 2235 1602 2266 aditu
1622 2244 1638 2264 e

151 2291 243 2323 And.
267 2292 383 2324 Oaron.
527 2295 542 2325 4
564 2292 717 2325 Gorbeus
738 2304 780 2326 m.
800 2304 858 2336 pr,
879 2294 921 2325 B.
1079 2294 1096 2324 5
1119 2292 1259 2335 primum
1277 2288 1438 2328 Abcde,
1461 2287 1588 2329 primus
1608 2285 1638 2317 B

152 2343 332 2385 ‘relz‘quz'’.
474 2355 655 2387 proxumas
675 2346 717 2377 B.
862 2346 879 2377 Γ)
900 2346 1073 2377 incursum
1093 2346 1123 2376 B
1142 2347 1178 2376 et
1192 2343 1343 2384 reliqui,
1364 2342 1523 2382 impetum
1544 2349 1563 2370 α
1579 2340 1635 2370 be-

293 2395 313 2426 8
333 2395 486 2426 timoren·
508 2406 577 2427 om.
599 2397 658 2427 be.
800 2396 927 2428 accidit
946 2406 1015 2427 om.
1038 2396 1069 2427 b.
1234 2393 1316 2435 tum]
1337 2403 1411 2424 cum
1432 2393 1449 2423 b
1463 2401 1492 2422 c.

150 2445 168 2476 9
189 2455 265 2477 rare
287 2446 373 2477 boe.
520 2448 557 2478 10
577 2457 595 2477 a
616 2448 646 2478 b.
788 2448 1039 2480 circumuenire
1060 2448 1119 2479 he.
1276 2447 1311 2478 11
1336 2443 1456 2486 ceteri]
1476 2443 1639 2475 celeriter

149 2498 233 2530 add.
254 2508 283 2529 e.
429 2498 468 2530 12
487 2499 658 2531 inin-ntur
680 2500 716 2531 B.
862 2500 901 2532 13
922 2499 978 2542 ex]
999 2500 1030 2531 in
1051 2500 1093 2530 24.
1237 2498 1277 2530 14
1298 2496 1411 2538 coegit
1428 2496 1459 2527 B
1479 2496 1574 2526 ‘mss.
1598 2493 1639 2526 14

148 2549 337 2590 meliores,
359 2550 451 2590 cogit
471 2561 500 2582 e.
647 2552 684 2583 15
703 2551 840 2594 missos]
861 2563 937 2584 esse
957 2552 1036 2583 add.
1061 2553 1078 2583 b
1092 2562 1121 2583 e.
1267 2551 1303 2582 16
1324 2547 1518 2590 interpositi
1537 2557 1566 2587 e,
1588 2546 1637 2577 in-

151 2600 328 2643 terpositis
347 2600 377 2631 B
398 2600 493 2632 ζηιεε.
510 2600 703 2643 plerique&
850 2603 889 2635 10
910 2603 1132 2645 inprudentes
1151 2602 1193 2634 B.
1357 2600 1399 2632 20
1419 2599 1575 2641 proprius
1594 2597 1637 2629 B.

294 2651 494 2693 crebrisque
515 2653 533 2683 b
547 2663 575 2683 e.
733 2658 884 2695 tempore
905 2654 1031 2685 nostris
1051 2664 1067 2684 e
1086 2653 1179 2684 And.
1343 2651 1379 2682 21
1406 2650 1523 2682 nuntia
1544 2649 1640 2681 defe-

151 2707 273 2735 runtur
290 2713 307 2734 e
324 2702 417 2735 And.
443 2702 558 2734 Ooeon.
580 2703 798 2744 (adferuntur
816 2704 871 2744 B).
1051 2704 1094 2736 24
1113 2708 1215 2745 atque
1234 2702 1265 2734 in
1287 2702 1470 2733 itineribus
1490 2701 1520 2732 B
1541 2701 1635 2731 ‘mssu

150 2753 215 2786 10’.
357 2755 398 2788 25
418 2755 621 2797 nequiquam
640 2754 712 2785 AB
727 2754 810 2786 CD.
950 2753 993 2786 26
1012 2754 1054 2786 iis
1073 2765 1141 2786 om.
1161 2764 1178 2785 e
1197 2753 1290 2785 And.
1439 2752 1483 2787 27
1502 2762 1639 2794 percus-

149 2806 244 2847 sique
259 2807 288 2838 b.
429 2807 553 2839 amissa
573 2805 783 2838 consternati
798 2806 1059 2848 AB‘1·el1·qm·’;
1079 2806 1218 2847 amissa,
1239 2816 1302 2848 quo
1318 2804 1386 2837 fors
1398 2805 1538 2845 tulerat,
1560 2813 1638 2836 con-

150 2860 294 2891 sternati
315 2859 429 2891 bede.

1673 892 1713 925 10

1674 1232 1713 1264 15

1671 1567 1714 1602 20

1669 1906 1712 1940 25
