1835 3240
105 166 189 208 478
631 164 706 207 DE
736 164 927 207 BELLO
959 163 1212 209 GALLICO

105 347 161 392 29

183 279 283 333 plius
307 278 508 333 copiarum
529 292 781 319 accessurum
804 278 1034 328 credentes,
1058 285 1103 319 ut
1124 279 1248 333 pridie
1269 287 1565 335 cognouerant,
1600 281 1665 322 de-

184 346 288 388 lendi
309 347 507 400 equitatus
530 346 655 386 nostri
673 346 807 386 nancti
820 346 1068 387 occasionem
1081 346 1328 388 uidebantur.
1366 346 1466 389 Cum
1479 350 1666 402 aliquam-

181 415 245 455 diu
275 428 425 455 summa
457 413 714 454 contentione
747 413 1026 464 dimicaretur,
1059 412 1290 455 Dumnacus
1320 416 1484 457 instruit
1513 417 1663 466 aciem,

182 496 280 539 quae
303 482 385 521 suis
409 487 514 521 esset
535 480 730 533 equitibus
752 481 793 522 in
817 482 943 522 uicem
966 482 1190 536 praesidioz
1215 497 1303 523 cum
1324 491 1486 537 repente
1509 486 1665 525 confer-

133 551 159 592 2
180 557 244 591 tae
266 549 442 602 legiones
464 548 505 587 in
526 555 780 602 conspectum
803 550 973 591 hostium
994 550 1173 591 ueniunt.
1220 548 1372 603 Quibus
1394 550 1491 591 uisis
1513 551 1665 605 percul-
1695 560 1713 590 5

136 753 161 795 3

134 1024 160 1064 4

181 632 250 658 sae
278 616 534 657 barbarorum
565 623 718 657 turmae
749 631 795 658 ac
827 618 1064 671 perterritae
1091 618 1197 659 acies
1231 618 1401 659 hostium
1439 620 1668 673 perturbato

181 685 546 739 impedimentorum
569 685 726 737 agmine
747 699 890 740 magno
913 687 1085 727 clamore
1107 687 1366 739 discursuque
1388 686 1532 740 passim
1555 688 1668 741 fugae

183 767 226 794 se
248 752 450 792 mandant.
492 751 547 791 At
570 752 696 793 nostri
719 753 869 806 equites
885 784 896 803 ,
933 754 996 807 qni
1029 755 1145 808 paulo
1165 761 1258 795 ante
1280 768 1367 795 cum
1389 754 1668 795 resistentibus

183 820 398 861 fortissime
421 819 686 860 conflixerant
701 852 710 870 ,
736 821 885 862 laetitia
905 822 1100 863 uictoriae
1121 822 1213 864 elati
1228 824 1378 876 'magno
1399 822 1571 876 undique
1593 823 1670 863 cla-

183 902 293 928 more
315 887 470 928 sublato
501 888 732 929 cedentibus
764 889 1014 941 circumfusi,
1049 898 1234 944 quantum
1268 904 1455 944 equorum
1484 891 1592 931 uires
1623 890 1671 930 ad

183 956 500 1011 persequendum
522 957 766 1009 dextraeque
787 957 835 997 ad
858 958 1096 999 caedendum
1120 959 1268 1007 ualent,
1293 965 1443 999 tantum
1454 972 1500 999 eo
1521 957 1668 1012 proelio

181 1023 439 1064 interficiunt.
482 1023 620 1078 Itaque
643 1026 808 1078 amplius
831 1026 985 1067 milibus
996 1033 1061 1067 XII
1083 1034 1152 1068 aut
1172 1034 1412 1068 armatorum
1435 1033 1503 1066 aut
1515 1039 1666 1075 eorum,

182 1092 248 1145 qui
271 1106 318 1132 eo
336 1092 475 1133 timore
488 1107 597 1134 arma
613 1094 879 1147 proiecerant,
903 1095 1124 1135 interfectis
1147 1095 1273 1135 omnis
1296 1095 1498 1135 multitudo
1520 1093 1670 1148 capitur

106 1160 167 1205 30
184 1160 568 1214 impedimentorum.
613 1159 702 1213 Qua
734 1176 787 1202 ex
819 1163 908 1216 fuga
941 1176 1028 1202 cum
1058 1170 1260 1203 constaret
1281 1162 1519 1216 Drappetem
1543 1159 1671 1202 Seno-

135 1634 161 1675 (Φ

183 1242 271 1268 nem
288 1259 298 1277 ,
333 1229 423 1281 qui,
462 1236 505 1267 ut
527 1228 690 1282 primum
715 1229 916 1270 defecerat
938 1228 1092 1281 Gallia,
1119 1231 1295 1271 collectis
1318 1230 1486 1282 undique
1509 1229 1671 1282 perditis

184 1296 405 1335 hominibus
420 1325 430 1343 ,
456 1296 584 1336 seruis
608 1297 655 1336 ad
677 1296 899 1337 libertatem
921 1299 1095 1348 uocatis,
1131 1297 1314 1338 exulibus
1337 1298 1506 1337 omnium
1531 1295 1671 1336 ciuita-

185 1371 263 1403 tum
286 1363 436 1409 ascitis,
462 1363 633 1417 receptis
655 1363 876 1405 latronibus
899 1366 1178 1420 impedimenta
1200 1373 1240 1406 et
1261 1371 1501 1406 commeatus
1523 1362 1671 1404 Roma-

184 1445 323 1472 norum
345 1431 626 1485 interceperat,
652 1446 729 1472 non
753 1433 918 1487 amplius
943 1434 1138 1474 hominum
1154 1433 1308 1474 milibus
1324 1447 1376 1473 ex
1398 1433 1487 1486 fuga
1501 1432 1670 1485 quinque

184 1499 361 1539 collectis
395 1500 638 1553 prouinciam
670 1507 806 1554 petere
839 1515 991 1555 unaque
1028 1502 1235 1542 consilium
1258 1516 1345 1541 cum
1368 1515 1415 1541 eo
1437 1498 1670 1540 Lucterium

184 1566 408 1608 Cadurcum
433 1568 610 1621 cepisse,
635 1582 747 1621 quem
772 1570 978 1623 superiore
1001 1570 1285 1611 commentario
1308 1570 1432 1623 prima
1453 1567 1673 1609 defectione

184 1633 338 1676 Galliae
361 1636 491 1675 facere
525 1636 566 1675 in
588 1637 833 1689 prouinciam
857 1638 1031 1678 uoluisse
1053 1638 1236 1692 impetum
1260 1638 1458 1692 cognitum
1481 1643 1568 1686 est,
1593 1631 1672 1675 Ca-

182 1703 312 1744 ninius
334 1704 489 1756 legatus
512 1718 598 1744 cum
621 1704 843 1758 legionibus
866 1706 1014 1747 duabus
1037 1707 1084 1746 ad
1107 1720 1175 1747 eos
1198 1705 1490 1760 persequendos
1508 1710 1672 1744 conten-

182 1771 253 1821 dit,
279 1785 328 1811 ne
351 1772 587 1812 detrimento
610 1779 677 1812 aut
698 1773 839 1814 timore
850 1775 1079 1828 prouinciae
1097 1788 1238 1828 magna
1258 1773 1419 1814 infamia
1430 1772 1671 1827 perditorum

328 1886 341 1917 1
365 1885 544 1917 credentes
565 1897 632 1918 ont.
653 1887 698 1918 A.
840 1894 1076 1930 cognouerunt
1095 1889 1135 1920 B.
1275 1889 1296 1923 2
1316 1887 1386 1919 nati
1404 1887 1454 1928 A,
1476 1885 1568 1917 nacti
1586 1884 1672 1917 relc-

180 1938 255 1978 quz'.
399 1935 417 1966 3
438 1947 565 1968 summe
584 1947 629 1968 m.
647 1947 705 1978 pr.
726 1938 768 1968 B.
911 1940 931 1971 4
951 1949 1025 1971 cum
1044 1940 1075 1971 B
1093 1943 1129 1970 et
1144 1939 1296 1980 reliqui,
1318 1943 1387 1969 tum
1408 1937 1526 1969 bede.

183 1991 200 2022 5
218 1993 403 2031 conspectu
424 1999 452 2019 c.
595 1994 765 2021 uenerunt
779 1990 796 2021 b
810 2000 838 2030 c,
861 2001 931 2022 non
951 2001 981 2022 e.
1124 1991 1141 2023 6
1154 2001 1192 2023 ac
1208 1991 1268 2033 (B)
1280 1994 1317 2022 et
1331 1990 1476 2031 reliqui,
1497 2000 1564 2021 om.
1582 1988 1671 2020 bde.
1693 2023 1697 2025 ,

324 2039 510 2081 perterrita
532 2039 622 2071 bde.
767 2041 783 2073 7
798 2041 1038 2083 impeditorum
1057 2042 1190 2082 agmine
1211 2042 1241 2082 b,
1263 2043 1397 2083 agmine
1416 2040 1673 2083 impedimento-

182 2100 254 2122 rum
275 2100 304 2121 e.
470 2100 590 2131 magno
610 2101 679 2123 om.
701 2091 762 2123 de.
920 2093 940 2125 8
959 2093 1118 2124 mendant
1137 2103 1181 2125 m.
1195 2103 1255 2135 pr.
1274 2093 1317 2124 B.
1461 2092 1501 2125 12
1520 2090 1672 2133 milibus]

180 2151 341 2184 passuum
359 2140 442 2173 add.
463 2141 493 2173 B
514 2142 610 2173 ‘ms-s.
632 2142 675 2173 9'.
842 2142 1021 2175 duodecim
1040 2142 1114 2185 (B).
1287 2146 1445 2175 nutante
1464 2147 1672 2174 armatorum

181 2202 250 2224 om.
272 2192 290 2222 b
304 2202 332 2223 e.
493 2192 532 2225 13
553 2203 591 2224 eo
612 2193 642 2224 B
664 2193 840 2235 ‘reliquz·’,
863 2204 932 2226 om.
955 2194 1075 2226 bede.
1233 2195 1354 2226 timore
1376 2195 1393 2226 b
1409 2194 1498 2234 cde,
1521 2199 1671 2236 tempore

182 2243 212 2276 B
233 2242 411 2284 ‘1·elz'quz“.
557 2243 598 2276 14
617 2244 694 2275 dum
715 2245 745 2276 b.
904 2244 1108 2287 Drappetem
1128 2246 1200 2277 AB
1215 2247 1306 2286 CD,·
1326 2245 1482 2288 Drappen
1503 2256 1542 2285 a,
1563 2245 1672 2287 Drap-

182 2299 282 2337 peten
303 2304 323 2325 u
342 2304 418 2326 cum
439 2294 507 2326 hac
525 2296 785 2327 annotatione:
820 2296 893 2328 ‘sic
909 2307 994 2328 mss.
1015 2300 1233 2338 constanter,
1262 2308 1332 2329 non
1351 2297 1531 2339 Drapetem
1545 2321 1553 2337 ,
1581 2300 1615 2328 et
1634 2299 1671 2328 in

178 2347 405 2377 nomz'natz'uo
424 2345 577 2387 Drappes
597 2349 680 2377 cett.
693 2371 703 2386 ‚
731 2349 804 2378 nisi
820 2347 917 2389 quod
948 2348 964 2379 b
979 2348 1045 2379 cd'
1065 2347 1239 2390 (itemque
1258 2358 1274 2379 e
1292 2351 1328 2379 et
1347 2348 1493 2380 Orosius
1512 2347 1580 2387 VJ,
1615 2347 1670 2389 ll)

183 2398 364 2439 ‘Draptes‚
394 2397 531 2440 Draptis
551 2400 586 2429 in
603 2408 687 2439 gen.
709 2402 746 2429 et
770 2401 807 2430 in
833 2410 951 2431 accus.
974 2399 1124 2442 Drapten
1147 2403 1342 2441 perpetuo;
1370 2402 1407 2431 z'n
1428 2400 1445 2430 b
1466 2402 1583 2430 tamen
1604 2399 1673 2430 ali-

180 2448 522 2491 quandoDiraptes’.
667 2450 705 2481 16
726 2449 886 2481 exulibus
906 2451 1058 2482 omnibus
1079 2451 1224 2482 omnium
1244 2451 1337 2482 abe.
1479 2450 1672 2482 ciuitatium

179 2510 226 2530 εω-
243 2509 314 2531 uno
332 2499 426 2531 And.
448 2510 483 2531 ιι.
643 2500 681 2532 17
703 2500 821 2531 ascitis
841 2500 930 2532 Abc
943 2500 1004 2541 de,
1026 2511 1094 2532 om.
1115 2501 1145 2532 B
1158 2500 1241 2532 CD.
1399 2500 1589 2532 latronibus
1607 2501 1670 2532 Ab

181 2552 270 2592 cde,
292 2551 485 2583 latrociniis
506 2552 534 2583 B
549 2552 628 2584 CD.
772 2552 952 2584 comitatus
972 2562 992 2583 α
1006 2552 1056 2583 de
1075 2555 1110 2583 et
1127 2554 1195 2583 int.
1216 2562 1309 2583 vers.
1332 2552 1364 2584 b.
1507 2552 1547 2584 18
1567 2553 1671 2584 homi-

181 2604 280 2636 nibus
301 2603 357 2643 bc,
378 2613 448 2634 non
467 2614 496 2634 e.
670 2603 808 2635 milibus
828 2614 869 2635 ex
890 2602 969 2644 fuga
988 2604 1135 2646 quinque
1154 2604 1184 2635 B
1203 2603 1282 2636 edd.
1303 2607 1386 2636 ante
1403 2604 1489 2636 Ald.
1511 2604 1593 2646 (liae
1610 2606 1669 2646 v);

184 2654 314 2687 duobus
334 2653 470 2685 milibus
491 2664 534 2686 ex
554 2653 633 2695 fuga
661 2655 808 2696 quinque
825 2656 877 2695 A,
910 2656 1039 2687 duobus
1066 2655 1202 2687 milibus
1230 2666 1271 2687 ex
1300 2656 1381 2697 fuga
1406 2667 1422 2687 e
1441 2655 1531 2688 And.
1556 2657 1669 2689 Otr-on.

327 2706 367 2739 21
387 2706 540 2739 uoluisse
571 2706 730 2749 impetum
750 2707 779 2738 B
797 2706 876 2738 edd.
897 2710 980 2738 ante
999 2707 1104 2748 Ald„
1134 2708 1295 2750 impetum
1322 2708 1474 2740 uoluisse
1493 2708 1608 2740 Aldus
1633 2719 1668 2741 u.

327 2757 371 2792 23
391 2768 431 2789 ue
451 2758 657 2790 detrimento
676 2762 735 2789 aut
753 2758 874 2790 timore
894 2758 968 2791 AB
982 2769 999 2789 c
1020 2759 1293 2791 ‘uetustissimi'
1312 2763 1349 2791 et
1366 2769 1444 2791 cum
1459 2759 1575 2791 litura
1588 2763 1674 2803 post

185 2822 225 2844 ne
246 2822 262 2843 e
274 2811 410 2853 (timore
423 2815 481 2842 aut
494 2811 629 2842 detrim.
642 2809 712 2842 aliz·
724 2809 842 2851 0ud.),
863 2819 903 2841 ne
918 2809 958 2842 de
971 2810 1172 2844 detrimento
1191 2817 1250 2844 aut
1267 2811 1387 2844 timore
1398 2811 1491 2844 And.
1508 2811 1622 2845 Ooeon.
1636 2821 1669 2843 u.

328 2862 537 2904 proditorum
563 2861 593 2894 b.

1703 896 1743 929 10

1704 1234 1744 1268 15

1702 1572 1745 1607 20
