1835 3240
88 157 170 200 536
650 157 725 199 DE
757 155 946 198 BELLO
979 154 1157 199 ClVILI

164 284 239 327 que
260 277 410 325 partem
431 269 563 311 uerbis
587 270 821 324 disputatum
839 299 850 318 ‚
888 283 953 309 res
976 269 1050 309 huc
1073 269 1277 310 deducitur
1291 300 1301 320 ,
1334 277 1377 311 ut
1398 270 1433 311 ei
1447 302 1457 320 ‚
1488 270 1554 324 qui
1575 269 1643 309 ha-

167 340 287 378 beant
308 339 542 379 domicilium
568 344 634 376 aut
656 336 945 389 possessionem
968 337 1007 375 in
1031 335 1237 389 Hispania,
1261 337 1408 388 statim,
1432 338 1573 390 reliqui
1595 337 1643 377 ad

115 408 142 448 4
162 406 311 449 Varum
335 407 476 447 flumen
500 404 766 453 dimittantur3
791 417 839 442 ne
862 403 951 455 quid
974 404 1030 443 eis
1053 410 1265 454 noceatur,
1290 418 1365 444 neu
1387 405 1472 457 quis
1493 405 1642 445 inuitus

85 475 146 519 87
162 481 450 516 sacramentum
475 472 605 511 dicere
627 477 816 523 cogatur,
850 484 872 509 a
896 467 1073 510 Caesare
1103 477 1284 510 cauetur.
1347 468 1500 512 Caesar
1521 487 1572 512 ex
1595 487 1642 513 eo

163 550 338 596 tempore
358 572 368 591 ‚
394 542 479 580 dum
504 539 550 578 ad
574 537 714 577 flumen
737 536 887 578 Varum
913 538 1117 587 ueniatur‚
1142 551 1185 577 se
1206 538 1438 577 frumentum
1463 540 1639 580 daturum

163 611 383 665 pollicetur.
416 606 540 646 Addit
561 605 693 652 etiam,
718 611 774 654 ut,
801 605 901 657 quod
924 605 1086 658 quisque
1109 618 1243 644 eorum
1266 605 1306 644 in
1327 604 1428 644 bello
1450 607 1640 656 amiserit,

164 692 261 732 qnae
283 678 362 717 sint
383 687 502 728 penes
524 672 665 713 milites
688 686 796 722 suos,
820 672 885 722 iis,
911 673 975 725 qui
997 672 1227 719 amiserant,
1252 672 1511 723 restituatur3
1545 674 1645 714 mili-

160 746 262 786 tibus
285 756 407 796 aequa
440 743 543 781 facta
574 740 848 780 aestimatione
876 739 1081 793 pecuniam
1113 754 1182 793 pro
1206 740 1264 779 his
1297 739 1415 779 rebus
1446 740 1641 780 dissoluit.

114 814 142 854 2
164 811 438 865 Quascumque
461 815 596 863 postea
618 807 915 847 controuersias
936 807 1041 847 inter
1063 820 1105 847 se
1127 807 1270 846 milites
1294 806 1515 847 habuerunt
1530 839 1539 857 ‚
1573 821 1644 848 sua

114 880 139 919 3
162 886 304 933 sponte
326 878 373 918 ad
396 874 609 917 Caesarem
634 876 674 916 in
696 876 756 916 ius
780 875 975 915 adierunt.
1010 873 1192 915 Petreius
1216 881 1332 926 atque
1345 874 1536 914 Afranius
1559 889 1645 914 eum

160 945 394 1000 stipendium
417 945 463 984 ab
486 943 706 997 legionibus
729 956 853 996 paene
875 942 1069 982 seditione
1092 943 1194 982 facta
1217 942 1504 995 ssagitarentur,
1534 942 1644 982 cuius

160 1015 217 1054 illi
240 1014 338 1054 diem
361 1013 532 1052 nondum
554 1011 713 1051 uenisse
736 1011 928 1059 dicerent,
955 1006 1108 1049 Caesar
1131 1016 1170 1048 ut
1193 1016 1476 1063 cognosceret,
1510 1016 1643 1062 postu-

114 1082 139 1122 4
162 1083 282 1122 latum
305 1088 389 1129 est,
425 1093 548 1133 eoque
570 1079 749 1132 utrique,
785 1079 885 1131 quod
907 1077 1068 1124 statuit,
1108 1078 1281 1117 contenti
1306 1078 1476 1116 fuerunt.
1521 1074 1643 1116 Parte

160 1150 320 1190 circiter
342 1148 458 1188 tertia
481 1146 686 1187 exercitus
709 1160 755 1186 eo
778 1146 893 1185 biduo
917 1145 1074 1184 dimissa
1098 1145 1193 1184 duas
1215 1144 1391 1198 legiones
1414 1158 1506 1184 suas
1533 1151 1644 1183 ante-

160 1218 300 1257 cedere
315 1247 325 1266 ,
358 1215 530 1268 reliquas
552 1213 737 1265 subsequi
759 1212 899 1260 iussit,
932 1219 971 1250 ut
1002 1225 1080 1250 non
1100 1212 1219 1263 longo
1241 1212 1346 1251 inter
1367 1224 1410 1250 se
1432 1211 1558 1264 spatio
1581 1224 1645 1250 ca-

159 1291 241 1324 stra
265 1285 457 1331 facerent,
483 1282 594 1334 eique
617 1279 774 1333 negotio
799 1277 849 1331 Q.
875 1277 1026 1318 Fufium
1049 1275 1239 1318 Calenum
1261 1278 1432 1331 legatum
1452 1277 1640 1331 praeficit.

112 1350 135 1390 5
158 1350 245 1390 Hoc
258 1351 339 1390 eius
362 1349 605 1404 praescripto
629 1362 679 1388 ex
693 1346 888 1400 Hispania
910 1346 957 1386 ad
974 1345 1122 1386 Varum
1146 1346 1290 1386 flumen
1312 1352 1374 1386 est
1393 1345 1468 1385 iter
1481 1345 1640 1395 factum,

160 1425 276 1471 atque
298 1418 349 1458 ibi
372 1417 520 1470 reliqua
542 1429 634 1470 pars
657 1414 857 1456 exercitus
880 1414 1038 1454 dimissa
1062 1420 1136 1454 est.

305 1532 317 1564 1
342 1532 371 1565 ei
391 1532 454 1571 ab,
477 1531 546 1562 iiu.
686 1529 706 1561 2
726 1530 976 1571 possessionem
996 1539 1015 1560 α
1030 1529 1059 1568 b,
1081 1528 1363 1570 possessionesu.
1501 1527 1646 1559 4sacra-

159 1590 306 1617 mentum
325 1585 374 1616 ab
388 1583 451 1623 cd,
473 1586 687 1614 sacramento
706 1592 742 1612 n.
898 1582 916 1613 6
937 1582 1024 1623 quod
1044 1591 1120 1622 ega,
1142 1581 1222 1621 quid
1242 1580 1344 1612 codd.
1501 1580 1519 1611 7
1540 1579 1590 1610 bis
1609 1589 1644 1610 α.

303 1635 490 1667 amiserant
509 1633 622 1673 codd„
645 1632 824 1664 amiserint
841 1643 876 1663 τι.
1018 1632 1223 1663 restituatur
1241 1631 1461 1673 Stephanus,
1484 1631 1647 1662 restituat

161 1688 261 1721 codd.
425 1686 445 1718 8
464 1686 515 1717 his
535 1696 555 1716 α
573 1685 653 1717 edd.
670 1687 823 1726 priores,
846 1684 887 1715 iis
907 1683 946 1715 P.
968 1683 1154 1714 Manutius
1174 1693 1208 1714 ιι.
1375 1682 1393 1714 9
1413 1692 1643 1724 quascumque

161 1740 225 1780 (a),
246 1749 315 1770 non
333 1756 377 1760 —
396 1746 540 1778 cunque.
683 1735 877 1766 habuerunt
895 1744 914 1764 α
930 1734 987 1773 bc,
1010 1733 1192 1764 habuerint
1209 1743 1245 1764 u.
1388 1733 1428 1764 10
1448 1732 1545 1763 iuius
1561 1731 1644 1763 Gui-

161 1790 324 1829 ΖιέΙιηαε,ι
345 1789 435 1819 intus
454 1798 473 1819 α
494 1791 527 1818 et
545 1787 680 1827 reliqui
698 1787 792 1826 boni,
814 1785 937 1817 iustius
959 1786 989 1816 b.
1182 1783 1351 1825 Petreius]
1372 1789 1485 1816 autem
1504 1784 1586 1816 add.
1607 1795 1641 1816 a.

305 1840 341 1872 11
366 1849 449 1881 pene
468 1848 502 1870 a.
643 1838 880 1877 flagitarentur
896 1836 1030 1875 Aldus,
1050 1836 1266 1876 flagitaretur
1286 1835 1385 1867 codd.
1528 1836 1568 1870 12
1586 1846 1644 1878 po-

160 1892 323 1924 stulatum
343 1895 396 1922 est
417 1888 594 1930 ‘1·el2'quz'',
616 1889 820 1930 postulatum
841 1899 861 1920 α
880 1898 1040 1929 unusque
1058 1892 1152 1927 clet.,·
1174 1887 1347 1930 postulant
1364 1889 1384 1921 2
1399 1887 1536 1919 dett.u.

160 1943 200 1975 16
219 1941 348 1975 Fufium
368 1941 444 1973 cod.
466 1941 569 1979 l'rs.‚·
599 1939 759 1971 Fuseium
779 1950 799 1970 a
817 1942 853 1970 ct
868 1941 920 1970 sic
941 1939 1012 1970 ‘nel
1028 1938 1187 1970 Fuscium
1206 1938 1393 1979 meliores'‚
1416 1938 1588 1971 Fusenum
1610 1939 1640 1971 b.

302 1993 463 2024 Calenum
484 1990 536 2033 (a)
558 1990 715 2030 ‘om72es',
738 1989 904 2021 Halenum
924 2000 959 2023 v.
1104 1990 1144 2022 17
1164 1989 1335 2032 Hyspania
1353 2000 1388 2022 a.
1535 1990 1576 2023 18
1594 1990 1644 2021 di-

157 2043 262 2076 missa
282 2049 335 2076 est
353 2054 374 2075 a
393 2046 429 2075 et
445 2043 585 2084 reliqui,
608 2041 748 2073 dimissa
767 2051 813 2072 m.
830 2050 888 2082 pr.
914 2040 945 2072 b.
1138 2039 1288 2082 Explicit
1307 2040 1394 2072 liber
1411 2041 1539 2083 primus
1559 2041 1641 2073 belli

159 2095 273 2128 ciuilis
292 2105 325 2126 a.

1679 882 1718 914 10

1678 1218 1718 1250 15
