<?xml version="1.0" encoding="UTF-8"?>
<!DOCTYPE html PUBLIC "-//W3C//DTD XHTML 1.0 Transitional//EN"
    "http://www.w3.org/TR/xhtml1/DTD/xhtml1-transitional.dtd">
<html xmlns="http://www.w3.org/1999/xhtml" xml:lang="en" lang="en">
 <head>
  <title>
</title>
<meta http-equiv="Content-Type" content="text/html;charset=utf-8" />
  <meta name='ocr-system' content='tesseract 3.04.00' />
  <meta name='ocr-capabilities' content='ocr_page ocr_carea ocr_par ocr_line ocrx_word'/>
</head>
<body>
  <div class='ocr_page' id='page_1' title='image "./commentarii00caesuoft_0195.png"; bbox 0 0 1835 3240; ppageno 0'>
   <div class='ocr_carea' id='block_1_1' title="bbox 668 184 1095 232">
    <p class='ocr_par' dir='ltr' id='par_1_1' title="bbox 668 184 1095 232">
     <span class='ocr_line' id='line_1_1' title="bbox 668 184 1095 232; baseline 0.002 -1"><span class='ocrx_word' id='word_1_1' title='bbox 668 216 779 222; x_wconf 78' lang='lat'>—-</span> <span class='ocrx_word' id='word_1_2' title='bbox 844 191 921 232; x_wconf 68' lang='lat'>185</span> <span class='ocrx_word' id='word_1_3' title='bbox 966 184 1095 219; x_wconf 82' lang='lat'>&#39;-—</span> 
     </span>
    </p>
   </div>
   <div class='ocr_carea' id='block_1_2' title="bbox 131 302 1638 2935">
    <p class='ocr_par' dir='ltr' id='par_1_2' title="bbox 131 302 1638 2935">
     <span class='ocr_line' id='line_1_2' title="bbox 246 302 1618 359; baseline -0.001 -13"><span class='ocrx_word' id='word_1_4' title='bbox 246 305 294 347; x_wconf 90' lang='lat' dir='ltr'>C.</span> <span class='ocrx_word' id='word_1_5' title='bbox 320 304 389 356; x_wconf 81' lang='grc'>85,</span> <span class='ocrx_word' id='word_1_6' title='bbox 414 307 439 346; x_wconf 81' lang='lat'>2</span> <span class='ocrx_word' id='word_1_7' title='bbox 462 306 557 346; x_wconf 86' lang='lat' dir='ltr'>haec</span> <span class='ocrx_word' id='word_1_8' title='bbox 581 305 820 345; x_wconf 75' lang='lat' dir='ltr'>edebantur:</span> <span class='ocrx_word' id='word_1_9' title='bbox 859 302 1031 345; x_wconf 81' lang='lat' dir='ltr'>‘Caesar</span> <span class='ocrx_word' id='word_1_10' title='bbox 1062 304 1167 344; x_wconf 87' lang='lat' dir='ltr'>nulla</span> <span class='ocrx_word' id='word_1_11' title='bbox 1199 304 1351 343; x_wconf 87' lang='lat' dir='ltr'>ratione</span> <span class='ocrx_word' id='word_1_12' title='bbox 1384 306 1429 344; x_wconf 92' lang='lat' dir='ltr'>ad</span> <span class='ocrx_word' id='word_1_13' title='bbox 1453 320 1618 359; x_wconf 83' lang='lat' dir='ltr'>pugnam</span> 
     </span>
     <span class='ocr_line' id='line_1_3' title="bbox 135 372 1621 428; baseline -0.002 -12"><span class='ocrx_word' id='word_1_14' title='bbox 135 376 220 417; x_wconf 89' lang='lat' dir='ltr'>elici</span> <span class='ocrx_word' id='word_1_15' title='bbox 251 388 364 428; x_wconf 90' lang='lat' dir='ltr'>posse</span> <span class='ocrx_word' id='word_1_16' title='bbox 386 373 614 426; x_wconf 90' lang='lat' dir='ltr'>Pompeium</span> <span class='ocrx_word' id='word_1_17' title='bbox 650 373 884 413; x_wconf 73' lang='lat' dir='ltr'>existimans</span> <span class='ocrx_word' id='word_1_18' title='bbox 917 372 1016 412; x_wconf 88' lang='lat' dir='ltr'>hanc</span> <span class='ocrx_word' id='word_1_19' title='bbox 1048 372 1121 412; x_wconf 87' lang='lat' dir='ltr'>sibi</span> <span class='ocrx_word' id='word_1_20' title='bbox 1151 372 1503 411; x_wconf 76' lang='lat' dir='ltr'>commodissimam</span> <span class='ocrx_word' id='word_1_21' title='bbox 1533 375 1621 413; x_wconf 76' lang='lat' dir='ltr'>betti</span> 
     </span>
     <span class='ocr_line' id='line_1_4' title="bbox 131 440 1623 493; baseline -0.003 -10"><span class='ocrx_word' id='word_1_22' title='bbox 131 443 323 484; x_wconf 85' lang='lat' dir='ltr'>rationem</span> <span class='ocrx_word' id='word_1_23' title='bbox 345 442 555 491; x_wconf 85' lang='lat' dir='ltr'>iudicauit,</span> <span class='ocrx_word' id='word_1_24' title='bbox 590 441 645 481; x_wconf 92' lang='lat' dir='ltr'>uti</span> <span class='ocrx_word' id='word_1_25' title='bbox 667 455 719 480; x_wconf 79' lang='lat' dir='ltr'>ex</span> <span class='ocrx_word' id='word_1_26' title='bbox 742 454 787 479; x_wconf 90' lang='lat' dir='ltr'>eo</span> <span class='ocrx_word' id='word_1_27' title='bbox 810 442 897 480; x_wconf 88' lang='lat' dir='ltr'>loco</span> <span class='ocrx_word' id='word_1_28' title='bbox 919 447 1098 480; x_wconf 87' lang='lat' dir='ltr'>moueret</span> <span class='ocrx_word' id='word_1_29' title='bbox 1120 453 1353 493; x_wconf 78' lang='lat' dir='ltr'>semperque</span> <span class='ocrx_word' id='word_1_30' title='bbox 1372 447 1479 479; x_wconf 88' lang='lat' dir='ltr'>esset</span> <span class='ocrx_word' id='word_1_31' title='bbox 1500 440 1538 479; x_wconf 90' lang='lat' dir='ltr'>in</span> <span class='ocrx_word' id='word_1_32' title='bbox 1561 441 1623 479; x_wconf 86' lang='lat' dir='ltr'>iti-</span> 
     </span>
     <span class='ocr_line' id='line_1_5' title="bbox 133 507 1623 563; baseline -0.003 -13"><span class='ocrx_word' id='word_1_33' title='bbox 133 511 316 559; x_wconf 80' lang='lat' dir='ltr'>neribus,</span> <span class='ocrx_word' id='word_1_34' title='bbox 352 511 424 549; x_wconf 92' lang='lat' dir='ltr'>hoc</span> <span class='ocrx_word' id='word_1_35' title='bbox 456 522 647 563; x_wconf 88' lang='lat' dir='ltr'>sperans,</span> <span class='ocrx_word' id='word_1_36' title='bbox 682 515 724 547; x_wconf 92' lang='grc' dir='ltr'>ιιι</span> <span class='ocrx_word' id='word_1_37' title='bbox 752 507 956 547; x_wconf 88' lang='lat' dir='ltr'>mouendis</span> <span class='ocrx_word' id='word_1_38' title='bbox 990 508 1133 547; x_wconf 89' lang='lat' dir='ltr'>castris</span> <span class='ocrx_word' id='word_1_39' title='bbox 1159 507 1409 561; x_wconf 82' lang='lat' dir='ltr'>pluribusque</span> <span class='ocrx_word' id='word_1_40' title='bbox 1434 507 1623 546; x_wconf 80' lang='lat' dir='ltr'>adeundis</span> 
     </span>
     <span class='ocr_line' id='line_1_6' title="bbox 132 574 1626 627; baseline -0.003 -9"><span class='ocrx_word' id='word_1_41' title='bbox 132 579 230 618; x_wconf 90' lang='lat' dir='ltr'>locis</span> <span class='ocrx_word' id='word_1_42' title='bbox 263 578 527 618; x_wconf 79' lang='lat' dir='ltr'>commodiore</span> <span class='ocrx_word' id='word_1_43' title='bbox 560 574 814 615; x_wconf 85' lang='lat' dir='ltr'>frumentaria</span> <span class='ocrx_word' id='word_1_44' title='bbox 848 589 891 614; x_wconf 87' lang='lat' dir='ltr'>re</span> <span class='ocrx_word' id='word_1_45' title='bbox 914 582 1106 625; x_wconf 89' lang='lat' dir='ltr'>uteretur,</span> <span class='ocrx_word' id='word_1_46' title='bbox 1143 576 1334 627; x_wconf 91' lang='lat' dir='ltr'>simulque</span> <span class='ocrx_word' id='word_1_47' title='bbox 1357 575 1397 614; x_wconf 91' lang='lat' dir='ltr'>in</span> <span class='ocrx_word' id='word_1_48' title='bbox 1420 575 1562 615; x_wconf 91' lang='lat' dir='ltr'>itinere</span> <span class='ocrx_word' id='word_1_49' title='bbox 1586 581 1626 613; x_wconf 90' lang='grc' dir='ltr'>ιιι</span> 
     </span>
     <span class='ocr_line' id='line_1_7' title="bbox 132 642 1626 698; baseline -0.004 -12"><span class='ocrx_word' id='word_1_50' title='bbox 132 646 299 698; x_wconf 75' lang='lat' dir='ltr'>aliquam</span> <span class='ocrx_word' id='word_1_51' title='bbox 323 645 570 685; x_wconf 78' lang='lat' dir='ltr'>occasionem</span> <span class='ocrx_word' id='word_1_52' title='bbox 594 643 799 683; x_wconf 88' lang='lat' dir='ltr'>dimicandi</span> <span class='ocrx_word' id='word_1_53' title='bbox 824 642 1120 682; x_wconf 70' lang='lat' dir='ltr'>nancisceretur</span> <span class='ocrx_word' id='word_1_54' title='bbox 1152 649 1190 682; x_wconf 86' lang='lat' dir='ltr'>et</span> <span class='ocrx_word' id='word_1_55' title='bbox 1218 642 1419 682; x_wconf 88' lang='lat' dir='ltr'>insolitum</span> <span class='ocrx_word' id='word_1_56' title='bbox 1449 643 1496 683; x_wconf 86' lang='lat' dir='ltr'>ad</span> <span class='ocrx_word' id='word_1_57' title='bbox 1518 642 1626 682; x_wconf 86' lang='lat' dir='ltr'>labo-</span> 
     </span>
     <span class='ocr_line' id='line_1_8' title="bbox 133 707 1626 766; baseline -0.003 -13"><span class='ocrx_word' id='word_1_58' title='bbox 133 726 214 753; x_wconf 85' lang='lat' dir='ltr'>rem</span> <span class='ocrx_word' id='word_1_59' title='bbox 246 712 425 766; x_wconf 90' lang='lat' dir='ltr'>Pompeii</span> <span class='ocrx_word' id='word_1_60' title='bbox 458 711 676 751; x_wconf 83' lang='lat' dir='ltr'>exercitum</span> <span class='ocrx_word' id='word_1_61' title='bbox 710 710 916 750; x_wconf 83' lang='lat' dir='ltr'>cotidianis</span> <span class='ocrx_word' id='word_1_62' title='bbox 955 710 1162 750; x_wconf 85' lang='lat' dir='ltr'>itineribus</span> <span class='ocrx_word' id='word_1_63' title='bbox 1194 710 1454 760; x_wconf 40' lang='lat' dir='ltr'>defatigaret&amp;</span> <span class='ocrx_word' id='word_1_64' title='bbox 1502 707 1626 762; x_wconf 79' lang='lat' dir='ltr'>‘Spe-</span> 
     </span>
     <span class='ocr_line' id='line_1_9' title="bbox 134 776 1625 832; baseline -0.003 -13"><span class='ocrx_word' id='word_1_65' title='bbox 134 780 238 821; x_wconf 79' lang='lat' dir='ltr'>rans&#39;</span> <span class='ocrx_word' id='word_1_66' title='bbox 264 778 564 832; x_wconf 86' lang='lat' dir='ltr'>Oudendorpius</span> <span class='ocrx_word' id='word_1_67' title='bbox 588 792 641 818; x_wconf 74' lang='lat' dir='ltr'>ex</span> <span class='ocrx_word' id='word_1_68' title='bbox 662 778 841 817; x_wconf 88' lang='lat' dir='ltr'>omnibus</span> <span class='ocrx_word' id='word_1_69' title='bbox 865 778 975 817; x_wconf 78' lang='lat' dir='ltr'>codd.</span> <span class='ocrx_word' id='word_1_70' title='bbox 1002 779 1186 818; x_wconf 87' lang='lat' dir='ltr'>restituit.</span> <span class='ocrx_word' id='word_1_71' title='bbox 1218 777 1368 818; x_wconf 89' lang='lat' dir='ltr'>Verum</span> <span class='ocrx_word' id='word_1_72' title='bbox 1399 778 1435 817; x_wconf 93' lang='lat' dir='ltr'>id</span> <span class='ocrx_word' id='word_1_73' title='bbox 1467 776 1625 817; x_wconf 85' lang='lat' dir='ltr'>uerbum</span> 
     </span>
     <span class='ocr_line' id='line_1_10' title="bbox 134 845 1625 901; baseline -0.003 -13"><span class='ocrx_word' id='word_1_74' title='bbox 134 862 192 897; x_wconf 91' lang='lat' dir='ltr'>re,</span> <span class='ocrx_word' id='word_1_75' title='bbox 228 861 327 900; x_wconf 88' lang='lat' dir='ltr'>quae</span> <span class='ocrx_word' id='word_1_76' title='bbox 352 854 555 901; x_wconf 83' lang='lat' dir='ltr'>speratur,</span> <span class='ocrx_word' id='word_1_77' title='bbox 591 860 659 899; x_wconf 87' lang='lat' dir='ltr'>per</span> <span class='ocrx_word' id='word_1_78' title='bbox 693 846 776 884; x_wconf 75' lang='lat' dir='ltr'>‘ut&#39;</span> <span class='ocrx_word' id='word_1_79' title='bbox 801 846 1033 898; x_wconf 73' lang='lat' dir='ltr'>particulam</span> <span class='ocrx_word' id='word_1_80' title='bbox 1055 845 1237 885; x_wconf 87' lang='lat' dir='ltr'>adiuncta</span> <span class='ocrx_word' id='word_1_81' title='bbox 1259 847 1359 899; x_wconf 88' lang='lat' dir='ltr'>apud</span> <span class='ocrx_word' id='word_1_82' title='bbox 1383 845 1625 897; x_wconf 73' lang='lat' dir='ltr'>antiquiores</span> 
     </span>
     <span class='ocr_line' id='line_1_11' title="bbox 133 910 1627 969; baseline -0.003 -14"><span class='ocrx_word' id='word_1_83' title='bbox 133 930 209 955; x_wconf 90' lang='lat' dir='ltr'>non</span> <span class='ocrx_word' id='word_1_84' title='bbox 243 915 412 969; x_wconf 88' lang='lat' dir='ltr'>ponitur.</span> <span class='ocrx_word' id='word_1_85' title='bbox 456 913 561 954; x_wconf 88' lang='lat' dir='ltr'>Nam</span> <span class='ocrx_word' id='word_1_86' title='bbox 592 914 690 967; x_wconf 89' lang='lat' dir='ltr'>apud</span> <span class='ocrx_word' id='word_1_87' title='bbox 715 910 766 964; x_wconf 83' lang='lat' dir='ltr'>Q.</span> <span class='ocrx_word' id='word_1_88' title='bbox 793 911 881 953; x_wconf 87' lang='lat' dir='ltr'>Cic.</span> <span class='ocrx_word' id='word_1_89' title='bbox 908 914 954 953; x_wconf 88' lang='lat' dir='ltr'>de</span> <span class='ocrx_word' id='word_1_90' title='bbox 987 921 1065 967; x_wconf 88' lang='lat' dir='ltr'>pet.</span> <span class='ocrx_word' id='word_1_91' title='bbox 1097 927 1208 953; x_wconf 90' lang='lat' dir='ltr'>cons.</span> <span class='ocrx_word' id='word_1_92' title='bbox 1235 913 1282 962; x_wconf 73' lang='grc' dir='ltr'>ἶ),</span> <span class='ocrx_word' id='word_1_93' title='bbox 1320 914 1395 962; x_wconf 81' lang='grc'>18,</span> <span class='ocrx_word' id='word_1_94' title='bbox 1421 913 1486 953; x_wconf 93' lang='lat' dir='ltr'>ubi</span> <span class='ocrx_word' id='word_1_95' title='bbox 1508 920 1627 952; x_wconf 87' lang='lat' dir='ltr'>antea</span> 
     </span>
     <span class='ocr_line' id='line_1_12' title="bbox 133 981 1628 1034; baseline -0.002 -11"><span class='ocrx_word' id='word_1_96' title='bbox 133 983 190 1023; x_wconf 88' lang='lat' dir='ltr'>sic</span> <span class='ocrx_word' id='word_1_97' title='bbox 213 983 425 1023; x_wconf 84' lang='lat' dir='ltr'>edebatur:</span> <span class='ocrx_word' id='word_1_98' title='bbox 464 989 473 1005; x_wconf 74' lang='lat'>⁶</span> <span class='ocrx_word' id='word_1_99' title='bbox 490 981 552 1034; x_wconf 93' lang='lat' dir='ltr'>qui</span> <span class='ocrx_word' id='word_1_100' title='bbox 586 982 654 1021; x_wconf 90' lang='lat' dir='ltr'>abs</span> <span class='ocrx_word' id='word_1_101' title='bbox 687 989 725 1021; x_wconf 86' lang='lat' dir='ltr'>te</span> <span class='ocrx_word' id='word_1_102' title='bbox 749 981 890 1021; x_wconf 90' lang='lat' dir='ltr'>tribum</span> <span class='ocrx_word' id='word_1_103' title='bbox 914 988 981 1021; x_wconf 91' lang='lat' dir='ltr'>aut</span> <span class='ocrx_word' id='word_1_104' title='bbox 1003 983 1220 1022; x_wconf 88' lang='lat' dir='ltr'>centuriam</span> <span class='ocrx_word' id='word_1_105' title='bbox 1245 989 1312 1021; x_wconf 90' lang='lat' dir='ltr'>aut</span> <span class='ocrx_word' id='word_1_106' title='bbox 1334 981 1484 1034; x_wconf 84' lang='lat' dir='ltr'>aliquod</span> <span class='ocrx_word' id='word_1_107' title='bbox 1507 981 1628 1021; x_wconf 87' lang='lat' dir='ltr'>benc-</span> 
     </span>
     <span class='ocr_line' id='line_1_13' title="bbox 135 1047 1628 1103; baseline -0.003 -13"><span class='ocrx_word' id='word_1_108' title='bbox 135 1051 261 1090; x_wconf 87' lang='lat' dir='ltr'>ficium</span> <span class='ocrx_word' id='word_1_109' title='bbox 286 1057 351 1090; x_wconf 88' lang='lat' dir='ltr'>ant</span> <span class='ocrx_word' id='word_1_110' title='bbox 374 1049 542 1089; x_wconf 90' lang='lat' dir='ltr'>habeant</span> <span class='ocrx_word' id='word_1_111' title='bbox 563 1056 644 1097; x_wconf 87' lang='lat' dir='ltr'>aut,</span> <span class='ocrx_word' id='word_1_112' title='bbox 680 1055 724 1088; x_wconf 94' lang='lat' dir='ltr'>ut</span> <span class='ocrx_word' id='word_1_113' title='bbox 747 1049 930 1098; x_wconf 88' lang='lat' dir='ltr'>babeant,</span> <span class='ocrx_word' id='word_1_114' title='bbox 965 1049 1152 1103; x_wconf 72' lang='lat' dir='ltr'>sperent&#39;,</span> <span class='ocrx_word' id='word_1_115' title='bbox 1179 1047 1353 1090; x_wconf 85' lang='lat' dir='ltr'>Orellius</span> <span class='ocrx_word' id='word_1_116' title='bbox 1378 1064 1429 1089; x_wconf 83' lang='lat' dir='ltr'>ex</span> <span class='ocrx_word' id='word_1_117' title='bbox 1449 1048 1628 1089; x_wconf 85' lang='lat' dir='ltr'>Turnebi</span> 
     </span>
     <span class='ocr_line' id='line_1_14' title="bbox 136 1115 1628 1171; baseline -0.003 -13"><span class='ocrx_word' id='word_1_118' title='bbox 136 1119 268 1158; x_wconf 85' lang='lat' dir='ltr'>codice</span> <span class='ocrx_word' id='word_1_119' title='bbox 292 1118 419 1171; x_wconf 78' lang='lat' dir='ltr'>posuit</span> <span class='ocrx_word' id='word_1_120' title='bbox 443 1122 526 1157; x_wconf 88' lang='lat' dir='ltr'>‘aut</span> <span class='ocrx_word' id='word_1_121' title='bbox 547 1117 717 1157; x_wconf 88' lang='lat' dir='ltr'>habeant</span> <span class='ocrx_word' id='word_1_122' title='bbox 739 1124 806 1156; x_wconf 87' lang='lat' dir='ltr'>aut</span> <span class='ocrx_word' id='word_1_123' title='bbox 827 1117 971 1157; x_wconf 86' lang='lat' dir='ltr'>habere</span> <span class='ocrx_word' id='word_1_124' title='bbox 985 1119 1172 1171; x_wconf 82' lang='lat' dir='ltr'>sperent&#39;.</span> <span class='ocrx_word' id='word_1_125' title='bbox 1208 1115 1253 1156; x_wconf 90' lang='lat' dir='ltr'>In</span> <span class='ocrx_word' id='word_1_126' title='bbox 1268 1116 1628 1157; x_wconf 85' lang='lat' dir='ltr'>Erl&#39;urtcnsiuerba</span> 
     </span>
     <span class='ocr_line' id='line_1_15' title="bbox 139 1184 1629 1239; baseline -0.002 -13"><span class='ocrx_word' id='word_1_127' title='bbox 139 1192 223 1227; x_wconf 86' lang='lat' dir='ltr'>‘aut</span> <span class='ocrx_word' id='word_1_128' title='bbox 254 1186 444 1226; x_wconf 75' lang='lat' dir='ltr'>habeant&#39;</span> <span class='ocrx_word' id='word_1_129' title='bbox 477 1200 557 1225; x_wconf 91' lang='lat' dir='ltr'>non</span> <span class='ocrx_word' id='word_1_130' title='bbox 587 1187 796 1239; x_wconf 76' lang='lat' dir='ltr'>leguntur,</span> <span class='ocrx_word' id='word_1_131' title='bbox 830 1186 932 1225; x_wconf 89' lang='lat' dir='ltr'>unde</span> <span class='ocrx_word' id='word_1_132' title='bbox 964 1185 1018 1225; x_wconf 89' lang='lat' dir='ltr'>ita</span> <span class='ocrx_word' id='word_1_133' title='bbox 1051 1185 1302 1225; x_wconf 88' lang='lat' dir='ltr'>scribendum</span> <span class='ocrx_word' id='word_1_134' title='bbox 1335 1198 1424 1224; x_wconf 89' lang='lat' dir='ltr'>esse</span> <span class='ocrx_word' id='word_1_135' title='bbox 1447 1184 1629 1224; x_wconf 84' lang='lat' dir='ltr'>conicere</span> 
     </span>
     <span class='ocr_line' id='line_1_16' title="bbox 136 1250 1630 1306; baseline -0.003 -12"><span class='ocrx_word' id='word_1_136' title='bbox 136 1255 252 1294; x_wconf 85' lang='lat' dir='ltr'>licet:</span> <span class='ocrx_word' id='word_1_137' title='bbox 282 1258 374 1293; x_wconf 72' lang='lat' dir='ltr'>‘aut</span> <span class='ocrx_word' id='word_1_138' title='bbox 396 1254 566 1294; x_wconf 87' lang='lat' dir='ltr'>habeant</span> <span class='ocrx_word' id='word_1_139' title='bbox 595 1260 661 1292; x_wconf 89' lang='lat' dir='ltr'>aut</span> <span class='ocrx_word' id='word_1_140' title='bbox 686 1253 885 1306; x_wconf 85' lang='lat' dir='ltr'>sperent&#39;.</span> <span class='ocrx_word' id='word_1_141' title='bbox 926 1251 1089 1293; x_wconf 81' lang='lat' dir='ltr'>Marcus</span> <span class='ocrx_word' id='word_1_142' title='bbox 1119 1260 1249 1293; x_wconf 89' lang='lat' dir='ltr'>autem</span> <span class='ocrx_word' id='word_1_143' title='bbox 1281 1251 1385 1292; x_wconf 88' lang='lat' dir='ltr'>Phil.</span> <span class='ocrx_word' id='word_1_144' title='bbox 1413 1251 1463 1301; x_wconf 89' lang='lat' dir='ltr'>V,</span> <span class='ocrx_word' id='word_1_145' title='bbox 1496 1250 1537 1297; x_wconf 82' lang='lat'>8,</span> <span class='ocrx_word' id='word_1_146' title='bbox 1574 1250 1630 1290; x_wconf 75' lang='grc'>22</span> 
     </span>
     <span class='ocr_line' id='line_1_17' title="bbox 141 1318 1631 1374; baseline -0.003 -13"><span class='ocrx_word' id='word_1_147' title='bbox 141 1322 258 1374; x_wconf 86' lang='lat' dir='ltr'>‘quod</span> <span class='ocrx_word' id='word_1_148' title='bbox 280 1329 408 1361; x_wconf 85' lang='lat' dir='ltr'>autem</span> <span class='ocrx_word' id='word_1_149' title='bbox 432 1323 516 1362; x_wconf 90' lang='lat' dir='ltr'>eius</span> <span class='ocrx_word' id='word_1_150' title='bbox 538 1319 894 1371; x_wconf 89' lang='lat' dir='ltr'>iterBrundisium,</span> <span class='ocrx_word' id='word_1_151' title='bbox 920 1335 1019 1374; x_wconf 87' lang='lat' dir='ltr'>quae</span> <span class='ocrx_word' id='word_1_152' title='bbox 1044 1322 1269 1371; x_wconf 80' lang='lat' dir='ltr'>festinatio,</span> <span class='ocrx_word' id='word_1_153' title='bbox 1296 1334 1394 1373; x_wconf 87' lang='lat' dir='ltr'>quae</span> <span class='ocrx_word' id='word_1_154' title='bbox 1413 1333 1528 1373; x_wconf 83' lang='lat' dir='ltr'>speS,</span> <span class='ocrx_word' id='word_1_155' title='bbox 1554 1318 1631 1358; x_wconf 79' lang='lat' dir='ltr'>ulsi</span> 
     </span>
     <span class='ocr_line' id='line_1_18' title="bbox 141 1385 1628 1441; baseline -0.002 -13"><span class='ocrx_word' id='word_1_156' title='bbox 141 1396 181 1428; x_wconf 89' lang='lat' dir='ltr'>ut</span> <span class='ocrx_word' id='word_1_157' title='bbox 202 1389 249 1428; x_wconf 85' lang='lat' dir='ltr'>ad</span> <span class='ocrx_word' id='word_1_158' title='bbox 274 1389 405 1428; x_wconf 91' lang='lat' dir='ltr'>urbem</span> <span class='ocrx_word' id='word_1_159' title='bbox 429 1389 492 1429; x_wconf 90' lang='lat' dir='ltr'>uel</span> <span class='ocrx_word' id='word_1_160' title='bbox 513 1390 552 1428; x_wconf 92' lang='lat' dir='ltr'>in</span> <span class='ocrx_word' id='word_1_161' title='bbox 583 1389 716 1428; x_wconf 88' lang='lat' dir='ltr'>urbem</span> <span class='ocrx_word' id='word_1_162' title='bbox 750 1390 878 1441; x_wconf 90' lang='lat' dir='ltr'>potius</span> <span class='ocrx_word' id='word_1_163' title='bbox 911 1389 1128 1429; x_wconf 72' lang='lat' dir='ltr'>exercitum</span> <span class='ocrx_word' id='word_1_164' title='bbox 1160 1390 1373 1428; x_wconf 77' lang='lat' dir='ltr'>maximum</span> <span class='ocrx_word' id='word_1_165' title='bbox 1405 1385 1628 1426; x_wconf 81' lang='lat' dir='ltr'>adduceret&#39;</span> 
     </span>
     <span class='ocr_line' id='line_1_19' title="bbox 139 1454 1632 1510; baseline -0.003 -14"><span class='ocrx_word' id='word_1_166' title='bbox 139 1458 320 1509; x_wconf 80' lang='lat' dir='ltr'>neglecta</span> <span class='ocrx_word' id='word_1_167' title='bbox 343 1471 426 1510; x_wconf 86' lang='lat' dir='ltr'>spe,</span> <span class='ocrx_word' id='word_1_168' title='bbox 452 1456 541 1509; x_wconf 91' lang='lat' dir='ltr'>quid</span> <span class='ocrx_word' id='word_1_169' title='bbox 562 1456 704 1496; x_wconf 90' lang='lat' dir='ltr'>itinere</span> <span class='ocrx_word' id='word_1_170' title='bbox 727 1463 766 1495; x_wconf 88' lang='lat' dir='ltr'>et</span> <span class='ocrx_word' id='word_1_171' title='bbox 788 1456 1039 1496; x_wconf 87' lang='lat' dir='ltr'>festinatione</span> <span class='ocrx_word' id='word_1_172' title='bbox 1051 1454 1539 1509; x_wconf 86' lang='lat' dir='ltr'>spectauissetAntonius,</span> <span class='ocrx_word' id='word_1_173' title='bbox 1566 1454 1632 1493; x_wconf 90' lang='lat' dir='ltr'>de-</span> 
     </span>
     <span class='ocr_line' id='line_1_20' title="bbox 141 1523 1632 1577; baseline -0.001 -14"><span class='ocrx_word' id='word_1_174' title='bbox 141 1525 306 1564; x_wconf 82' lang='lat' dir='ltr'>clarauit</span> <span class='ocrx_word' id='word_1_175' title='bbox 328 1531 367 1564; x_wconf 90' lang='lat' dir='ltr'>et</span> <span class='ocrx_word' id='word_1_176' title='bbox 387 1523 502 1564; x_wconf 90' lang='lat' dir='ltr'>Lael.</span> <span class='ocrx_word' id='word_1_177' title='bbox 531 1524 598 1573; x_wconf 78' lang='grc'>19,</span> <span class='ocrx_word' id='word_1_178' title='bbox 626 1523 678 1563; x_wconf 89' lang='grc'>18</span> <span class='ocrx_word' id='word_1_179' title='bbox 712 1524 935 1563; x_wconf 84' lang='lat' dir='ltr'>‘nouitates</span> <span class='ocrx_word' id='word_1_180' title='bbox 959 1531 1115 1574; x_wconf 89' lang='lat' dir='ltr'>autem,</span> <span class='ocrx_word' id='word_1_181' title='bbox 1151 1524 1183 1564; x_wconf 91' lang='lat' dir='ltr'>si</span> <span class='ocrx_word' id='word_1_182' title='bbox 1216 1538 1322 1577; x_wconf 90' lang='lat' dir='ltr'>spem</span> <span class='ocrx_word' id='word_1_183' title='bbox 1356 1523 1549 1571; x_wconf 81' lang='lat' dir='ltr'>afferunt,</span> <span class='ocrx_word' id='word_1_184' title='bbox 1590 1529 1632 1561; x_wconf 91' lang='lat' dir='ltr'>ut</span> 
     </span>
     <span class='ocr_line' id='line_1_21' title="bbox 140 1589 1631 1645; baseline -0.001 -14"><span class='ocrx_word' id='word_1_185' title='bbox 140 1599 333 1644; x_wconf 86' lang='lat' dir='ltr'>tamquam</span> <span class='ocrx_word' id='word_1_186' title='bbox 355 1591 396 1631; x_wconf 92' lang='lat' dir='ltr'>in</span> <span class='ocrx_word' id='word_1_187' title='bbox 419 1591 548 1631; x_wconf 85' lang='lat' dir='ltr'>herbis</span> <span class='ocrx_word' id='word_1_188' title='bbox 573 1605 649 1629; x_wconf 91' lang='lat' dir='ltr'>nou</span> <span class='ocrx_word' id='word_1_189' title='bbox 673 1590 873 1630; x_wconf 87' lang='lat' dir='ltr'>fallacibus</span> <span class='ocrx_word' id='word_1_190' title='bbox 899 1592 1049 1631; x_wconf 81' lang='lat' dir='ltr'>fructus</span> <span class='ocrx_word' id='word_1_191' title='bbox 1071 1599 1285 1645; x_wconf 80' lang='lat' dir='ltr'>appareat,</span> <span class='ocrx_word' id='word_1_192' title='bbox 1321 1605 1399 1630; x_wconf 91' lang='lat' dir='ltr'>non</span> <span class='ocrx_word' id='word_1_193' title='bbox 1430 1597 1522 1629; x_wconf 92' lang='lat' dir='ltr'>sunt</span> <span class='ocrx_word' id='word_1_194' title='bbox 1542 1589 1631 1629; x_wconf 88' lang='lat' dir='ltr'>illae</span> 
     </span>
     <span class='ocr_line' id='line_1_22' title="bbox 139 1657 1634 1712; baseline -0.001 -14"><span class='ocrx_word' id='word_1_195' title='bbox 139 1660 292 1711; x_wconf 90' lang='lat' dir='ltr'>quidem</span> <span class='ocrx_word' id='word_1_196' title='bbox 315 1658 592 1712; x_wconf 81' lang='lat' dir='ltr'>repudiandae&#39;</span> <span class='ocrx_word' id='word_1_197' title='bbox 616 1672 694 1698; x_wconf 91' lang='lat' dir='ltr'>non</span> <span class='ocrx_word' id='word_1_198' title='bbox 717 1659 979 1711; x_wconf 84' lang='lat' dir='ltr'>significauit,</span> <span class='ocrx_word' id='word_1_199' title='bbox 1020 1673 1134 1712; x_wconf 89' lang='lat' dir='ltr'>quam</span> <span class='ocrx_word' id='word_1_200' title='bbox 1167 1672 1274 1712; x_wconf 88' lang='lat' dir='ltr'>spem</span> <span class='ocrx_word' id='word_1_201' title='bbox 1297 1658 1495 1698; x_wconf 87' lang='lat' dir='ltr'>nouitates</span> <span class='ocrx_word' id='word_1_202' title='bbox 1518 1657 1634 1697; x_wconf 82' lang='lat' dir='ltr'>affer-</span> 
     </span>
     <span class='ocr_line' id='line_1_23' title="bbox 139 1722 1634 1780; baseline -0.002 -14"><span class='ocrx_word' id='word_1_203' title='bbox 139 1733 244 1776; x_wconf 82' lang='lat' dir='ltr'>rent,</span> <span class='ocrx_word' id='word_1_204' title='bbox 270 1727 354 1776; x_wconf 91' lang='lat' dir='ltr'>sed,</span> <span class='ocrx_word' id='word_1_205' title='bbox 375 1726 465 1779; x_wconf 90' lang='lat' dir='ltr'>quid</span> <span class='ocrx_word' id='word_1_206' title='bbox 479 1726 702 1776; x_wconf 88' lang='lat' dir='ltr'>essetillud,</span> <span class='ocrx_word' id='word_1_207' title='bbox 733 1727 948 1767; x_wconf 82' lang='lat' dir='ltr'>‘nouitates</span> <span class='ocrx_word' id='word_1_208' title='bbox 971 1741 1077 1780; x_wconf 88' lang='lat' dir='ltr'>spem</span> <span class='ocrx_word' id='word_1_209' title='bbox 1102 1726 1272 1771; x_wconf 73' lang='lat' dir='ltr'>afferre&#39;,</span> <span class='ocrx_word' id='word_1_210' title='bbox 1299 1725 1528 1778; x_wconf 77' lang='lat' dir='ltr'>explicauit.</span> <span class='ocrx_word' id='word_1_211' title='bbox 1562 1722 1634 1764; x_wconf 90' lang='lat' dir='ltr'>Illa</span> 
     </span>
     <span class='ocr_line' id='line_1_24' title="bbox 138 1791 1631 1848; baseline -0.001 -15"><span class='ocrx_word' id='word_1_212' title='bbox 138 1795 288 1835; x_wconf 87' lang='lat' dir='ltr'>ratione</span> <span class='ocrx_word' id='word_1_213' title='bbox 311 1795 458 1848; x_wconf 87' lang='lat' dir='ltr'>primus</span> <span class='ocrx_word' id='word_1_214' title='bbox 480 1808 576 1834; x_wconf 89' lang='lat' dir='ltr'>usus</span> <span class='ocrx_word' id='word_1_215' title='bbox 600 1801 661 1834; x_wconf 92' lang='lat' dir='ltr'>est</span> <span class='ocrx_word' id='word_1_216' title='bbox 682 1791 837 1835; x_wconf 87' lang='lat' dir='ltr'>Seneca</span> <span class='ocrx_word' id='word_1_217' title='bbox 861 1801 974 1848; x_wconf 88' lang='lat' dir='ltr'>pater</span> <span class='ocrx_word' id='word_1_218' title='bbox 997 1802 1177 1835; x_wconf 88' lang='lat' dir='ltr'>controu.</span> <span class='ocrx_word' id='word_1_219' title='bbox 1203 1794 1277 1844; x_wconf 87' lang='lat' dir='ltr'>lV,</span> <span class='ocrx_word' id='word_1_220' title='bbox 1302 1792 1355 1833; x_wconf 77' lang='lat'>25</span> <span class='ocrx_word' id='word_1_221' title='bbox 1379 1809 1415 1847; x_wconf 87' lang='lat' dir='ltr'>p.</span> <span class='ocrx_word' id='word_1_222' title='bbox 1441 1792 1520 1833; x_wconf 73' lang='lat'>281</span> <span class='ocrx_word' id='word_1_223' title='bbox 1540 1791 1631 1846; x_wconf 86' lang='lat' dir='ltr'>Bip.</span> 
     </span>
     <span class='ocr_line' id='line_1_25' title="bbox 142 1860 1629 1917; baseline 0 -15"><span class='ocrx_word' id='word_1_224' title='bbox 142 1867 245 1902; x_wconf 76' lang='lat' dir='ltr'>‘non</span> <span class='ocrx_word' id='word_1_225' title='bbox 276 1876 504 1916; x_wconf 86' lang='lat' dir='ltr'>speramus,</span> <span class='ocrx_word' id='word_1_226' title='bbox 555 1869 598 1902; x_wconf 93' lang='lat' dir='ltr'>ut</span> <span class='ocrx_word' id='word_1_227' title='bbox 627 1860 889 1903; x_wconf 85' lang='lat' dir='ltr'>Flamininum</span> <span class='ocrx_word' id='word_1_228' title='bbox 926 1864 1044 1903; x_wconf 79' lang='lat' dir='ltr'>iudex</span> <span class='ocrx_word' id='word_1_229' title='bbox 1076 1863 1235 1917; x_wconf 88' lang='lat' dir='ltr'>probet,</span> <span class='ocrx_word' id='word_1_230' title='bbox 1261 1865 1331 1904; x_wconf 86' lang='lat' dir='ltr'>sed</span> <span class='ocrx_word' id='word_1_231' title='bbox 1354 1871 1396 1904; x_wconf 88' lang='lat' dir='ltr'>nt</span> <span class='ocrx_word' id='word_1_232' title='bbox 1418 1862 1629 1911; x_wconf 79' lang='lat' dir='ltr'>di111ittat&#39;,</span> 
     </span>
     <span class='ocr_line' id='line_1_26' title="bbox 142 1929 1631 1985; baseline -0.001 -16"><span class='ocrx_word' id='word_1_233' title='bbox 142 1930 280 1970; x_wconf 90' lang='lat' dir='ltr'>deinde</span> <span class='ocrx_word' id='word_1_234' title='bbox 311 1929 410 1970; x_wconf 86' lang='lat' dir='ltr'>filius</span> <span class='ocrx_word' id='word_1_235' title='bbox 444 1944 553 1970; x_wconf 89' lang='lat' dir='ltr'>cons.</span> <span class='ocrx_word' id='word_1_236' title='bbox 590 1931 637 1970; x_wconf 84' lang='lat' dir='ltr'>ad</span> <span class='ocrx_word' id='word_1_237' title='bbox 658 1930 799 1985; x_wconf 85' lang='lat' dir='ltr'>Polyb.</span> <span class='ocrx_word' id='word_1_238' title='bbox 827 1945 861 1970; x_wconf 93' lang='lat' dir='ltr'>c.</span> <span class='ocrx_word' id='word_1_239' title='bbox 889 1930 988 1983; x_wconf 83' lang='lat'><strong>(37)</strong></span> <span class='ocrx_word' id='word_1_240' title='bbox 1021 1930 1093 1981; x_wconf 83' lang='lat'>18,</span> <span class='ocrx_word' id='word_1_241' title='bbox 1127 1931 1154 1971; x_wconf 85' lang='lat'>4</span> <span class='ocrx_word' id='word_1_242' title='bbox 1197 1936 1266 1971; x_wconf 83' lang='lat' dir='ltr'>‘ut</span> <span class='ocrx_word' id='word_1_243' title='bbox 1296 1932 1448 1985; x_wconf 91' lang='lat' dir='ltr'>quidem</span> <span class='ocrx_word' id='word_1_244' title='bbox 1483 1931 1631 1970; x_wconf 90' lang='lat' dir='ltr'>nullum</span> 
     </span>
     <span class='ocr_line' id='line_1_27' title="bbox 141 1997 1635 2053; baseline 0.001 -17"><span class='ocrx_word' id='word_1_245' title='bbox 141 1997 299 2037; x_wconf 90' lang='lat' dir='ltr'>omnino</span> <span class='ocrx_word' id='word_1_246' title='bbox 332 2011 422 2037; x_wconf 88' lang='lat' dir='ltr'>esse</span> <span class='ocrx_word' id='word_1_247' title='bbox 454 2012 541 2038; x_wconf 88' lang='lat' dir='ltr'>eum</span> <span class='ocrx_word' id='word_1_248' title='bbox 574 1999 770 2052; x_wconf 85' lang='lat' dir='ltr'>patiatur,</span> <span class='ocrx_word' id='word_1_249' title='bbox 806 2013 877 2039; x_wconf 88' lang='lat' dir='ltr'>nec</span> <span class='ocrx_word' id='word_1_250' title='bbox 908 2000 1142 2053; x_wconf 83' lang='lat' dir='ltr'>sperandum</span> <span class='ocrx_word' id='word_1_251' title='bbox 1167 2000 1233 2040; x_wconf 89' lang='lat' dir='ltr'>ulli</span> <span class='ocrx_word' id='word_1_252' title='bbox 1256 2014 1328 2040; x_wconf 92' lang='lat' dir='ltr'>nec</span> <span class='ocrx_word' id='word_1_253' title='bbox 1352 1998 1635 2051; x_wconf 86' lang='lat' dir='ltr'>concupiscen-</span> 
     </span>
     <span class='ocr_line' id='line_1_28' title="bbox 142 2063 1635 2120; baseline -0.001 -15"><span class='ocrx_word' id='word_1_254' title='bbox 142 2065 228 2105; x_wconf 92' lang='lat' dir='ltr'>dum</span> <span class='ocrx_word' id='word_1_255' title='bbox 253 2065 334 2105; x_wconf 79' lang='lat' dir='ltr'>est⁷</span> <span class='ocrx_word' id='word_1_256' title='bbox 368 2073 408 2105; x_wconf 87' lang='lat' dir='ltr'>et</span> <span class='ocrx_word' id='word_1_257' title='bbox 428 2063 571 2106; x_wconf 89' lang='lat' dir='ltr'>lustin.</span> <span class='ocrx_word' id='word_1_258' title='bbox 596 2065 650 2115; x_wconf 89' lang='lat' dir='ltr'>V,</span> <span class='ocrx_word' id='word_1_259' title='bbox 676 2066 716 2117; x_wconf 82' lang='lat'>3,</span> <span class='ocrx_word' id='word_1_260' title='bbox 742 2066 766 2106; x_wconf 86' lang='lat'><strong>3</strong></span> <span class='ocrx_word' id='word_1_261' title='bbox 793 2071 997 2120; x_wconf 65' lang='lat' dir='ltr'>‘spei-ans,</span> <span class='ocrx_word' id='word_1_262' title='bbox 1031 2075 1073 2107; x_wconf 90' lang='lat' dir='ltr'>ut</span> <span class='ocrx_word' id='word_1_263' title='bbox 1094 2075 1161 2108; x_wconf 88' lang='lat' dir='ltr'>aut</span> <span class='ocrx_word' id='word_1_264' title='bbox 1183 2069 1452 2108; x_wconf 85' lang='lat' dir='ltr'>concordante</span> <span class='ocrx_word' id='word_1_265' title='bbox 1474 2066 1635 2106; x_wconf 88' lang='lat' dir='ltr'>ciuitate</span> 
     </span>
     <span class='ocr_line' id='line_1_29' title="bbox 143 2133 1635 2187; baseline -0.001 -15"><span class='ocrx_word' id='word_1_266' title='bbox 143 2133 220 2172; x_wconf 81' lang='lat' dir='ltr'>dux</span> <span class='ocrx_word' id='word_1_267' title='bbox 238 2133 326 2173; x_wconf 90' lang='lat' dir='ltr'>belli</span> <span class='ocrx_word' id='word_1_268' title='bbox 350 2133 396 2173; x_wconf 91' lang='lat' dir='ltr'>ab</span> <span class='ocrx_word' id='word_1_269' title='bbox 411 2134 590 2174; x_wconf 77' lang='lat' dir='ltr'>omnihus</span> <span class='ocrx_word' id='word_1_270' title='bbox 607 2135 822 2187; x_wconf 87' lang='lat' dir='ltr'>legeretur,</span> <span class='ocrx_word' id='word_1_271' title='bbox 848 2134 927 2175; x_wconf 83' lang='lat' dir='ltr'>aut&#39;</span> <span class='ocrx_word' id='word_1_272' title='bbox 951 2142 1044 2175; x_wconf 87' lang='lat' dir='ltr'>cett.</span> <span class='ocrx_word' id='word_1_273' title='bbox 1080 2133 1269 2176; x_wconf 86' lang='lat' dir='ltr'>Caesaris</span> <span class='ocrx_word' id='word_1_274' title='bbox 1283 2149 1376 2175; x_wconf 91' lang='lat' dir='ltr'>uero</span> <span class='ocrx_word' id='word_1_275' title='bbox 1394 2135 1495 2184; x_wconf 89' lang='lat' dir='ltr'>loco,</span> <span class='ocrx_word' id='word_1_276' title='bbox 1522 2147 1635 2186; x_wconf 89' lang='lat' dir='ltr'>quem</span> 
     </span>
     <span class='ocr_line' id='line_1_30' title="bbox 141 2199 1635 2257; baseline -0.001 -16"><span class='ocrx_word' id='word_1_277' title='bbox 141 2214 258 2253; x_wconf 87' lang='lat' dir='ltr'>supra</span> <span class='ocrx_word' id='word_1_278' title='bbox 282 2201 407 2254; x_wconf 87' lang='lat' dir='ltr'>posui,</span> <span class='ocrx_word' id='word_1_279' title='bbox 445 2215 491 2241; x_wconf 92' lang='lat' dir='ltr'>ne</span> <span class='ocrx_word' id='word_1_280' title='bbox 514 2202 711 2241; x_wconf 84' lang='lat' dir='ltr'>sententia</span> <span class='ocrx_word' id='word_1_281' title='bbox 734 2203 886 2255; x_wconf 89' lang='lat' dir='ltr'>quidem</span> <span class='ocrx_word' id='word_1_282' title='bbox 910 2203 1095 2257; x_wconf 85' lang='lat' dir='ltr'>sperandi</span> <span class='ocrx_word' id='word_1_283' title='bbox 1121 2204 1277 2243; x_wconf 80' lang='lat' dir='ltr'>uerbum</span> <span class='ocrx_word' id='word_1_284' title='bbox 1302 2203 1486 2242; x_wconf 87' lang='lat' dir='ltr'>admittit.</span> <span class='ocrx_word' id='word_1_285' title='bbox 1527 2199 1635 2241; x_wconf 84' lang='lat' dir='ltr'>Nam</span> 
     </span>
     <span class='ocr_line' id='line_1_31' title="bbox 143 2268 1638 2325; baseline -0.001 -17"><span class='ocrx_word' id='word_1_286' title='bbox 143 2270 407 2309; x_wconf 89' lang='lat' dir='ltr'>commodiore</span> <span class='ocrx_word' id='word_1_287' title='bbox 431 2283 474 2308; x_wconf 91' lang='lat' dir='ltr'>re</span> <span class='ocrx_word' id='word_1_288' title='bbox 495 2270 754 2310; x_wconf 88' lang='lat' dir='ltr'>frumentaria</span> <span class='ocrx_word' id='word_1_289' title='bbox 777 2285 819 2311; x_wconf 87' lang='lat' dir='ltr'>se</span> <span class='ocrx_word' id='word_1_290' title='bbox 842 2285 1019 2321; x_wconf 88' lang='lat' dir='ltr'>usurum,</span> <span class='ocrx_word' id='word_1_291' title='bbox 1045 2271 1137 2310; x_wconf 81' lang='lat' dir='ltr'>item</span> <span class='ocrx_word' id='word_1_292' title='bbox 1160 2270 1425 2325; x_wconf 88' lang='lat' dir='ltr'>Pompeianos</span> <span class='ocrx_word' id='word_1_293' title='bbox 1449 2268 1638 2322; x_wconf 86' lang='lat' dir='ltr'>defatiga-</span> 
     </span>
     <span class='ocr_line' id='line_1_32' title="bbox 143 2335 1638 2390; baseline -0.001 -14"><span class='ocrx_word' id='word_1_294' title='bbox 143 2344 268 2376; x_wconf 89' lang='lat' dir='ltr'>turum</span> <span class='ocrx_word' id='word_1_295' title='bbox 293 2351 371 2376; x_wconf 92' lang='lat' dir='ltr'>nou</span> <span class='ocrx_word' id='word_1_296' title='bbox 394 2338 576 2390; x_wconf 86' lang='lat' dir='ltr'>sperabat</span> <span class='ocrx_word' id='word_1_297' title='bbox 598 2335 764 2387; x_wconf 85' lang='lat' dir='ltr'>Caesar,</span> <span class='ocrx_word' id='word_1_298' title='bbox 800 2339 867 2379; x_wconf 92' lang='lat' dir='ltr'>sed</span> <span class='ocrx_word' id='word_1_299' title='bbox 901 2352 967 2380; x_wconf 85' lang='lat' dir='ltr'>eas</span> <span class='ocrx_word' id='word_1_300' title='bbox 989 2353 1053 2379; x_wconf 90' lang='lat' dir='ltr'>res</span> <span class='ocrx_word' id='word_1_301' title='bbox 1077 2339 1305 2380; x_wconf 80' lang='lat' dir='ltr'>necessario</span> <span class='ocrx_word' id='word_1_302' title='bbox 1328 2337 1513 2390; x_wconf 90' lang='lat' dir='ltr'>consequi</span> <span class='ocrx_word' id='word_1_303' title='bbox 1537 2336 1638 2376; x_wconf 87' lang='lat' dir='ltr'>scie-</span> 
     </span>
     <span class='ocr_line' id='line_1_33' title="bbox 143 2403 1638 2460; baseline 0 -17"><span class='ocrx_word' id='word_1_304' title='bbox 143 2404 223 2445; x_wconf 85' lang='lat' dir='ltr'>bat.</span> <span class='ocrx_word' id='word_1_305' title='bbox 270 2403 406 2457; x_wconf 82' lang='lat' dir='ltr'>Itaque</span> <span class='ocrx_word' id='word_1_306' title='bbox 430 2412 536 2446; x_wconf 89' lang='lat' dir='ltr'>recte</span> <span class='ocrx_word' id='word_1_307' title='bbox 559 2403 782 2459; x_wconf 88' lang='lat' dir='ltr'>Stephanus</span> <span class='ocrx_word' id='word_1_308' title='bbox 808 2407 1035 2460; x_wconf 72' lang='lat' dir='ltr'>‘spectans&#39;</span> <span class='ocrx_word' id='word_1_309' title='bbox 1059 2407 1194 2455; x_wconf 87' lang='lat' dir='ltr'>edidit,</span> <span class='ocrx_word' id='word_1_310' title='bbox 1230 2407 1303 2446; x_wconf 89' lang='lat' dir='ltr'>nisi</span> <span class='ocrx_word' id='word_1_311' title='bbox 1327 2406 1427 2459; x_wconf 87' lang='lat' dir='ltr'>quod</span> <span class='ocrx_word' id='word_1_312' title='bbox 1451 2404 1563 2445; x_wconf 91' lang='lat' dir='ltr'>nobis</span> <span class='ocrx_word' id='word_1_313' title='bbox 1586 2417 1638 2443; x_wconf 81' lang='lat' dir='ltr'>ex</span> 
     </span>
     <span class='ocr_line' id='line_1_34' title="bbox 146 2472 1635 2527; baseline 0.001 -16"><span class='ocrx_word' id='word_1_314' title='bbox 146 2472 299 2524; x_wconf 91' lang='lat' dir='ltr'>optimis</span> <span class='ocrx_word' id='word_1_315' title='bbox 332 2473 444 2513; x_wconf 90' lang='lat' dir='ltr'>codd.</span> <span class='ocrx_word' id='word_1_316' title='bbox 472 2481 675 2527; x_wconf 83' lang='lat' dir='ltr'>praeterea</span> <span class='ocrx_word' id='word_1_317' title='bbox 710 2473 858 2514; x_wconf 82' lang='lat' dir='ltr'>‘haec&#39;</span> <span class='ocrx_word' id='word_1_318' title='bbox 881 2475 1104 2527; x_wconf 84' lang='lat' dir='ltr'>ponendum</span> <span class='ocrx_word' id='word_1_319' title='bbox 1129 2475 1213 2515; x_wconf 89' lang='lat' dir='ltr'>fuit.</span> <span class='ocrx_word' id='word_1_320' title='bbox 1265 2473 1402 2515; x_wconf 85' lang='lat' dir='ltr'>Plures</span> <span class='ocrx_word' id='word_1_321' title='bbox 1436 2474 1539 2514; x_wconf 88' lang='lat' dir='ltr'>enim</span> <span class='ocrx_word' id='word_1_322' title='bbox 1571 2486 1635 2513; x_wconf 90' lang='lat' dir='ltr'>res</span> 
     </span>
     <span class='ocr_line' id='line_1_35' title="bbox 149 2536 1636 2594; baseline 0.002 -16"><span class='ocrx_word' id='word_1_323' title='bbox 149 2536 361 2580; x_wconf 86' lang='lat' dir='ltr'>Caesarem</span> <span class='ocrx_word' id='word_1_324' title='bbox 393 2542 638 2594; x_wconf 85' lang='lat' dir='ltr'>spectauisse</span> <span class='ocrx_word' id='word_1_325' title='bbox 670 2542 878 2594; x_wconf 88' lang='lat' dir='ltr'>sequentia</span> <span class='ocrx_word' id='word_1_326' title='bbox 907 2543 1063 2582; x_wconf 89' lang='lat' dir='ltr'>docent.</span> <span class='ocrx_word' id='word_1_327' title='bbox 1107 2540 1232 2582; x_wconf 91' lang='lat' dir='ltr'>Paulo</span> <span class='ocrx_word' id='word_1_328' title='bbox 1263 2543 1429 2583; x_wconf 87' lang='lat' dir='ltr'>inferius</span> <span class='ocrx_word' id='word_1_329' title='bbox 1460 2543 1636 2582; x_wconf 87' lang='lat' dir='ltr'>insolens</span> 
     </span>
     <span class='ocr_line' id='line_1_36' title="bbox 149 2608 1638 2651; baseline 0.002 -7"><span class='ocrx_word' id='word_1_330' title='bbox 149 2613 209 2644; x_wconf 90' lang='lat' dir='ltr'>est</span> <span class='ocrx_word' id='word_1_331' title='bbox 230 2608 324 2647; x_wconf 90' lang='lat' dir='ltr'>ordo</span> <span class='ocrx_word' id='word_1_332' title='bbox 347 2609 559 2649; x_wconf 88' lang='lat' dir='ltr'>uerborum</span> <span class='ocrx_word' id='word_1_333' title='bbox 584 2610 866 2650; x_wconf 80' lang='lat' dir='ltr'>‘commodiore</span> <span class='ocrx_word' id='word_1_334' title='bbox 891 2611 1147 2650; x_wconf 85' lang='lat' dir='ltr'>frumentaria</span> <span class='ocrx_word' id='word_1_335' title='bbox 1176 2611 1248 2650; x_wconf 83' lang='lat' dir='ltr'>re&#39;.</span> <span class='ocrx_word' id='word_1_336' title='bbox 1301 2609 1427 2651; x_wconf 84' lang='lat' dir='ltr'>Recte</span> <span class='ocrx_word' id='word_1_337' title='bbox 1460 2611 1554 2650; x_wconf 87' lang='lat' dir='ltr'>haec</span> <span class='ocrx_word' id='word_1_338' title='bbox 1583 2609 1638 2648; x_wconf 90' lang='lat' dir='ltr'>ita</span> 
     </span>
     <span class='ocr_line' id='line_1_37' title="bbox 151 2673 1638 2729; baseline 0.003 -19"><span class='ocrx_word' id='word_1_339' title='bbox 151 2673 458 2726; x_wconf 86' lang='lat' dir='ltr'>collocarentur,</span> <span class='ocrx_word' id='word_1_340' title='bbox 487 2678 522 2717; x_wconf 91' lang='lat' dir='ltr'>si</span> <span class='ocrx_word' id='word_1_341' title='bbox 552 2678 807 2718; x_wconf 84' lang='lat' dir='ltr'>frumentaria</span> <span class='ocrx_word' id='word_1_342' title='bbox 837 2692 901 2717; x_wconf 84' lang='lat' dir='ltr'>res</span> <span class='ocrx_word' id='word_1_343' title='bbox 936 2678 982 2718; x_wconf 85' lang='lat' dir='ltr'>ab</span> <span class='ocrx_word' id='word_1_344' title='bbox 1016 2678 1091 2718; x_wconf 86' lang='lat' dir='ltr'>alia</span> <span class='ocrx_word' id='word_1_345' title='bbox 1115 2679 1432 2728; x_wconf 87' lang='lat' dir='ltr'>discerneretur,</span> <span class='ocrx_word' id='word_1_346' title='bbox 1467 2685 1510 2717; x_wconf 92' lang='lat' dir='ltr'>ut</span> <span class='ocrx_word' id='word_1_347' title='bbox 1538 2676 1638 2729; x_wconf 89' lang='lat' dir='ltr'>apud</span> 
     </span>
     <span class='ocr_line' id='line_1_38' title="bbox 154 2736 1638 2800; baseline 0.003 -22"><span class='ocrx_word' id='word_1_348' title='bbox 154 2736 239 2779; x_wconf 88' lang='lat' dir='ltr'>Cic.</span> <span class='ocrx_word' id='word_1_349' title='bbox 265 2742 312 2781; x_wconf 84' lang='lat' dir='ltr'>ad</span> <span class='ocrx_word' id='word_1_350' title='bbox 334 2742 417 2783; x_wconf 87' lang='lat' dir='ltr'>Att.</span> <span class='ocrx_word' id='word_1_351' title='bbox 443 2743 476 2792; x_wconf 85' lang='lat' dir='ltr'>I,</span> <span class='ocrx_word' id='word_1_352' title='bbox 503 2744 570 2795; x_wconf 85' lang='lat'>18,</span> <span class='ocrx_word' id='word_1_353' title='bbox 608 2745 629 2785; x_wconf 85' lang='lat'>1</span> <span class='ocrx_word' id='word_1_354' title='bbox 665 2746 706 2785; x_wconf 87' lang='lat' dir='ltr'>fit</span> <span class='ocrx_word' id='word_1_355' title='bbox 726 2746 765 2785; x_wconf 90' lang='lat' dir='ltr'>iu</span> <span class='ocrx_word' id='word_1_356' title='bbox 789 2746 847 2786; x_wconf 91' lang='lat' dir='ltr'>his</span> <span class='ocrx_word' id='word_1_357' title='bbox 871 2745 1028 2786; x_wconf 88' lang='lat' dir='ltr'>uerbis:</span> <span class='ocrx_word' id='word_1_358' title='bbox 1064 2746 1179 2786; x_wconf 83' lang='lat' dir='ltr'>‘etin</span> <span class='ocrx_word' id='word_1_359' title='bbox 1202 2747 1355 2800; x_wconf 85' lang='lat' dir='ltr'>publica</span> <span class='ocrx_word' id='word_1_360' title='bbox 1378 2760 1419 2785; x_wconf 82' lang='lat' dir='ltr'>re</span> <span class='ocrx_word' id='word_1_361' title='bbox 1443 2745 1575 2785; x_wconf 86' lang='lat' dir='ltr'>socius</span> <span class='ocrx_word' id='word_1_362' title='bbox 1600 2750 1638 2784; x_wconf 84' lang='lat' dir='ltr'>et</span> 
     </span>
     <span class='ocr_line' id='line_1_39' title="bbox 150 2807 1638 2860; baseline 0.003 -15"><span class='ocrx_word' id='word_1_363' title='bbox 150 2807 189 2846; x_wconf 90' lang='lat' dir='ltr'>in</span> <span class='ocrx_word' id='word_1_364' title='bbox 213 2808 375 2860; x_wconf 89' lang='lat' dir='ltr'>priuatis</span> <span class='ocrx_word' id='word_1_365' title='bbox 397 2812 574 2852; x_wconf 90' lang='lat' dir='ltr'>omnibus</span> <span class='ocrx_word' id='word_1_366' title='bbox 597 2813 809 2854; x_wconf 69' lang='lat' dir='ltr'>conscius&#39;.</span> <span class='ocrx_word' id='word_1_367' title='bbox 855 2811 1069 2855; x_wconf 88' lang='lat' dir='ltr'>Caesarem</span> <span class='ocrx_word' id='word_1_368' title='bbox 1095 2815 1377 2854; x_wconf 87' lang='lat' dir='ltr'>‘commodiore</span> <span class='ocrx_word' id='word_1_369' title='bbox 1402 2827 1444 2853; x_wconf 90' lang='lat' dir='ltr'>re</span> <span class='ocrx_word' id='word_1_370' title='bbox 1466 2815 1638 2852; x_wconf 84' lang='lat' dir='ltr'>frumcn-</span> 
     </span>
     <span class='ocr_line' id='line_1_40' title="bbox 152 2876 1638 2935; baseline 0.003 -21"><span class='ocrx_word' id='word_1_371' title='bbox 152 2876 263 2915; x_wconf 80' lang='lat' dir='ltr'>taria&#39;</span> <span class='ocrx_word' id='word_1_372' title='bbox 287 2877 492 2930; x_wconf 87' lang='lat' dir='ltr'>scripsisse</span> <span class='ocrx_word' id='word_1_373' title='bbox 513 2880 656 2921; x_wconf 86' lang='lat' dir='ltr'>indicio</span> <span class='ocrx_word' id='word_1_374' title='bbox 679 2889 785 2932; x_wconf 86' lang='lat' dir='ltr'>sunt,</span> <span class='ocrx_word' id='word_1_375' title='bbox 812 2895 910 2935; x_wconf 88' lang='lat' dir='ltr'>quae</span> <span class='ocrx_word' id='word_1_376' title='bbox 931 2882 971 2922; x_wconf 89' lang='lat' dir='ltr'>in</span> <span class='ocrx_word' id='word_1_377' title='bbox 991 2880 1083 2921; x_wconf 89' lang='lat' dir='ltr'>Par.</span> <span class='ocrx_word' id='word_1_378' title='bbox 1109 2895 1190 2922; x_wconf 90' lang='lat' dir='ltr'>sec.</span> <span class='ocrx_word' id='word_1_379' title='bbox 1217 2889 1256 2921; x_wconf 91' lang='lat' dir='ltr'>et</span> <span class='ocrx_word' id='word_1_380' title='bbox 1276 2880 1392 2922; x_wconf 86' lang='lat' dir='ltr'>Leid.</span> <span class='ocrx_word' id='word_1_381' title='bbox 1418 2894 1476 2934; x_wconf 88' lang='lat' dir='ltr'>pr.</span> <span class='ocrx_word' id='word_1_382' title='bbox 1502 2880 1638 2933; x_wconf 82' lang='lat' dir='ltr'>legun-</span> 
     </span>
    </p>
   </div>
  </div>
 </body>
</html>
