1835 3240
906 155 991 197 216
1049 179 1162 185 ---

198 268 452 321 iungeremus
493 275 532 308 et
562 268 728 309 alterum
761 266 896 308 ‘siue'
928 281 1006 307 non
1035 268 1228 321 superiori
1257 270 1496 324 respondere
1526 270 1595 309 sed
1624 284 1689 310 se-

202 336 361 388 quentia
381 335 595 389 adiungere
617 342 903 382 statueremuS‚
939 342 1072 375 tamen
1093 335 1265 388 ineptum
1295 344 1380 376 erat
1410 337 1552 377 abusos
1575 350 1687 391 prae-

201 403 324 455 ceptis
354 403 454 452 dici,
498 403 562 455 qui
596 402 814 456 praeceptis
847 402 958 454 plane
991 404 1190 444 contraria
1222 404 1431 443 faciebant.
1484 403 1687 445 Daehnius

200 469 369 510 coniecit
401 477 411 493 ⁶
427 485 510 510 eum
535 471 582 509 ad
605 484 692 510 eum
714 469 838 508 locum
863 470 1035 510 uenisset
1059 470 1230 511 arbusti'
1260 471 1373 523 idque
1395 472 1597 511 arbustum
1619 473 1690 512 oli-

199 544 332 577 uetuni
366 538 439 577 dici
475 538 771 589 interpretatur.
827 536 979 578 Verum
1010 538 1082 578 hoc
1112 539 1299 578 oliuetum
1333 538 1434 577 ultra
1468 539 1687 579 conuallem

200 613 287 645 erat
318 607 374 658 (ξ.
402 605 469 656 1),
503 604 540 643 hi
561 604 736 644 homines
757 604 798 643 in
820 606 1014 645 conualle.
1062 604 1281 646 Praeterea
1313 606 1538 645 necessario
1561 606 1690 646 decla-

198 675 362 713 randum
386 679 494 722 erat,
538 671 601 724 qui
632 671 716 711 siue
739 671 849 711 obliti
872 680 1168 726 praeceptorum
1190 674 1274 714 siue
1297 673 1413 713 ueriti
1436 681 1595 724 essent,
1641 688 1690 714 ne

201 742 541 795 opprimerentur,
575 753 702 792 neque
720 739 757 779 id
781 740 877 780 satis
900 741 1104 794 perspicue
1133 742 1175 781 fit
1204 742 1434 795 pronomine
1459 748 1468 765 ‘
1484 741 1560 781 illi'
1585 742 1692 782 adie-

202 816 282 858 cto,
308 809 407 861 quod
430 807 611 848 Daelinio
633 807 853 847 faciendum
877 808 1106 859 uidebatur,
1133 810 1244 849 cuius
1267 816 1397 849 tamen
1419 809 1476 849 rei
1499 823 1548 849 ne
1569 810 1692 862 ipsius

212 877 363 929 quidem
379 876 455 915 ulla
478 883 537 916 est
558 875 826 929 probabilitas.
863 874 942 915 Pro
957 876 1090 916 abusis
1110 878 1186 918 illis
1210 878 1502 930 ponendierant
1526 877 1690 918 ‘abditi'.

313 942 409 983 Inde
433 957 452 982 a
476 944 552 983 fine
574 957 608 982 c.
635 942 685 983 51
711 944 806 983 haec
828 944 1035 998 leguntur:
1067 943 1182 985 ‘Dum
1206 946 1302 985 haec
1325 958 1459 998 opera,
1485 959 1582 997 quae
1602 952 1693 985 ante

202 1012 310 1061 dixi,
345 1011 492 1051 fiebant
513 1025 535 1051 a
555 1011 801 1064 legionibus,
834 1012 993 1052 interim
1024 1026 1113 1065 pars
1145 1013 1229 1052 acie
1260 1013 1454 1052 instructa
1486 1013 1557 1052 sub
1582 1013 1694 1053 hoste

202 1080 354 1127 stabat,
391 1079 544 1132 equites
575 1079 730 1119 barbari
758 1080 937 1132 leuisque
970 1086 1198 1119 armaturae
1227 1080 1385 1133 proeliis
1408 1080 1566 1119 minutis
1589 1094 1694 1120 com·

201 1147 330 1187 minus
354 1147 605 1187 dimicabant.
644 1145 796 1187 Caesar
817 1147 863 1185 ab
887 1161 934 1186 eo
958 1161 1074 1199 opere
1098 1161 1181 1186 eum
1204 1147 1280 1186 iam
1304 1148 1374 1187 sub
1398 1161 1606 1200 uesperum
1629 1162 1694 1187 co·

201 1216 284 1269 pias
306 1216 345 1255 in
369 1222 500 1255 castra
522 1216 743 1263 reduceret,
767 1228 908 1267 magno
930 1215 1090 1254 incursu
1112 1228 1198 1254 cum
1220 1215 1325 1253 omni
1347 1215 1521 1267 equitatu
1539 1216 1695 1268 leuique

202 1290 401 1323 armatura
421 1281 532 1331 Iuba,
559 1280 716 1335 Scipio,
742 1280 943 1321 Labienus
965 1282 1005 1321 in
1028 1281 1269 1335 legionarios
1292 1283 1476 1334 impetum
1501 1284 1692 1322 lecerunt.

201 1350 369 1403 Equites
392 1349 625 1389 Caesariani
655 1350 694 1389 ui
726 1349 938 1389 uniuersae
970 1349 1200 1400 subitaeque
1233 1349 1400 1388 hostium
1434 1349 1695 1390 multitudinis

204 1418 301 1471 pulsi
324 1430 532 1471 parumper
553 1417 790 1457 eesscrunt'.
826 1416 1121 1456 Animaduertit
1144 1416 1329 1457 Dauisius
1350 1417 1540 1457 extremis
1564 1417 1696 1458 uerbis

203 1493 242 1525 et
262 1487 326 1535 iis,
353 1499 451 1538 quae
475 1485 658 1538 deinceps
681 1484 883 1538 leguntur,
911 1485 1045 1525 hostes
1067 1485 1107 1524 in
1131 1485 1342 1537 equitatum
1366 1482 1553 1525 Caesaris
1577 1485 1697 1538 impe-

203 1560 284 1593 tum
310 1554 451 1594 fecisse
474 1552 753 1593 demonstrari.
787 1551 925 1604 Itaque
949 1552 1070 1592 uerba
1095 1552 1148 1592 ‘in
1172 1552 1411 1606 legionarios
1433 1553 1617 1605 impetum
1642 1554 1697 1594 fe-

203 1622 355 1661 ceruut'
378 1628 564 1675 corrupta
585 1620 787 1661 iudicauit.
822 1618 875 1658 Et
897 1633 991 1659 sane
1013 1619 1220 1673 legionarii
1245 1620 1462 1660 dicisolent
1481 1620 1628 1672 pedites
1642 1621 1697 1660 le-

205 1689 378 1742 gionum.
417 1688 566 1730 Verum
602 1689 662 1728 bic
695 1702 773 1727 non
796 1687 959 1726 moleste
980 1687 1263 1739 intelleguntur
1284 1688 1492 1741 legionarii
1525 1689 1694 1740 equiteS‚

203 1772 288 1797 cum
313 1757 502 1810 proximis
525 1755 794 1808 superioribus
818 1754 948 1794 uerbis
972 1763 1328 1795 commemorentur
1353 1755 1522 1808 ‘equites
1539 1756 1696 1796 barbari

203 1825 381 1878 leuisque
405 1824 657 1865 armaturae'.
697 1823 846 1863 Notum
871 1830 931 1864 est
953 1830 1081 1863 autem
1106 1823 1345 1875 aliquantum
1369 1830 1459 1863 ante
1483 1824 1578 1864 haee
1601 1831 1698 1864 tem-

205 1907 301 1947 pora
324 1893 500 1945 equitatu
522 1893 666 1932 ciuium
689 1891 957 1932 Romanorum
983 1905 1060 1930 non
1083 1905 1175 1930 usos
1200 1905 1288 1930 esse
1305 1889 1523 1931 Romanos.
1558 1891 1697 1932 Relin-

207 1962 338 2014 quitur
358 1962 494 2015 igitnr,
521 1967 562 2000 ut
585 1959 736 2012 equites
758 1959 975 1999 auxiliares
998 1958 1144 1998 diuisos
1163 1958 1512 2000 l'uissestatuamus
1526 1967 1698 2013 partem-

206 2043 279 2082 que
301 2029 378 2068 leui
402 2035 648 2076 armaturae,
683 2034 831 2080 partem
853 2027 970 2076 item,
1004 2033 1046 2066 ut
1068 2026 1281 2078 antiquitus
1304 2026 1442 2075 fiebat,
1476 2027 1697 2080 legionibus

208 2096 437 2136 attributam
459 2110 562 2136 esse.
611 2092 731 2147 quue
762 2094 819 2134 ita
848 2095 969 2135 fuisse
993 2108 1045 2134 ex
1065 2093 1164 2133 Tac.
1190 2107 1282 2133 ann.
1308 2092 1382 2142 IV,
1408 2093 1460 2133 73
1484 2102 1523 2134 et
1545 2095 1635 2135 bist.
1661 2095 1696 2146 Ι,

205 2164 258 2205 57
281 2165 474 2212 uidemus,
513 2164 576 2204 ubi
602 2168 769 2203 ‘turmae
791 2162 958 2202 sociales
983 2163 1213 2214 equitesque
1235 2161 1446 2213 legionum'
1471 2168 1508 2202 et
1533 2163 1698 2215 ‘equites

205 2232 372 2285 legionis
395 2231 722 2283 auxiliorumque'
746 2237 1119 2270 commemorantur.
1155 2227 1234 2269 Sed
1257 2243 1305 2268 ne
1321 2228 1404 2281 quis
1420 2230 1491 2269 boe
1504 2231 1699 2282 postlibe·

205 2314 290 2339 ram
313 2301 464 2339 demum
482 2300 759 2352 rempublicam
776 2298 1002 2337 institutum
1024 2298 1172 2346 credat,
1197 2311 1246 2337 ne
1269 2297 1314 2336 de
1328 2297 1530 2350 superiore
1543 2298 1699 2351 quidem

206 2375 381 2420 tempore
410 2367 672 2407 testimonium
705 2367 828 2407 deest.
871 2364 1106 2407 Plutarchus
1140 2365 1240 2405 enim
1273 2363 1422 2403 Anton.
1450 2363 1503 2404 37
1536 2365 1631 2405 haec
1654 2367 1700 2407 de

207 2435 371 2475 Antonii
387 2434 565 2475 exercitu
579 2436 726 2474 refert:
752 2432 866 2487 ἦσαν
881 2433 924 2477 δὲ
939 2432 1174 2488 Ῥωμαίων
1195 2435 1282 2487 μὲν
1306 2428 1452 2473 αὐτῶν
1477 2432 1701 2488 {Same-,mi-

209 2504 425 2557 ριοιπεζοὶ
446 2504 517 2544 καὶ
539 2501 586 2544 τὸ
605 2502 843 2557 Ῥωμαίοις
854 2500 1404 2557 συντεταγλιιένονἱππικόν
1420 2497 1604 2555 Ἰβήρων
1627 2502 1701 2544 καὶ

208 2572 395 2613 ΑΚελτῶν
408 2568 575 2625 μύριοι,
591 2572 679 2612 τῶν
690 2566 873 2612 δἰἵλλων
886 2570 1034 2611 ἐθνῶν
1049 2570 1253 2623 ἐγένοντο
1266 2579 1381 2624 τρεῖς
1392 2568 1602 2624 μυριάδες
1620 2569 1701 2612 σύν

210 2635 807 2692 ἱππεῦσιῳὸμοῦκαὶψιλοῖς.
843 2636 1128 2677 Vndesimulid
1142 2638 1388 2690 perspicitur,
1415 2638 1566 2690 equites
1580 2638 1702 2691 legio-

209 2706 322 2745 nibus
345 2706 556 2745 attributos
572 2703 708 2745 Gallos
732 2712 769 2745 et
788 2705 986 2758 Hispanos
1004 2705 1140 2744 fuisse.
1178 2703 1300 2745 Leuis
1323 2713 1451 2745 autem
1474 2713 1699 2746 armaturae

210 2774 363 2826 equites
377 2774 583 2827 praecipue
597 2772 791 2813 Numidas
804 2774 923 2813 fuisse
938 2778 1244 2812 consentancum
1268 2779 1342 2811 est.
1376 2773 1507 2826 Atque
1530 2787 1597 2813 eos
1611 2773 1701 2813 bal·-

210 2843 327 2884 haros
350 2842 444 2883 dicit
464 2841 648 2895 scriptor,
675 2841 764 2893 quia
786 2855 807 2881 a
830 2840 936 2881 cultu
947 2838 1216 2881 Romanorum
1232 2843 1403 2882 maxime
1421 2840 1699 2882 abhorrebant.
