1835 3240
80 882 121 916 10

80 1223 123 1256 15

554 148 739 192 COMM.
763 147 804 192 II
825 146 948 192 CAP.
972 147 1026 190 32
1041 146 1174 189 -33.
1419 206 1421 210 Ι
1626 144 1708 187 555

156 268 316 309 faciunt.
359 262 497 306 Vosne
526 278 623 305 uero
656 263 707 305 L.
743 263 986 312 Domitium,
1019 276 1067 302 an
1100 274 1171 301 uos
1203 257 1401 301 Domitius
1433 261 1633 302 deseruit?
1654 260 1681 302 8

153 334 298 375 Nonne
321 339 536 372 extremam
570 333 648 386 pati
678 333 876 372 fortunam
910 337 1068 385 paratos
1090 329 1256 384 proiecit
1276 328 1369 368 ille?
1400 342 1529 368 nonne
1559 329 1633 369 sibi

154 402 250 441 elam
273 400 385 441 uobis
407 400 573 440 salutem
597 402 688 452 suga
709 400 876 453 petiuit?
907 412 1038 439 nonne
1060 397 1202 451 proditi
1224 410 1294 450 per
1314 396 1420 436 illum
1445 393 1632 436 Caesaris

152 468 343 509 beneficio
367 469 461 508 estis
485 468 741 508 conseruati?
772 465 1032 506 Sacramento
1055 466 1207 519 quidem
1229 478 1300 504 uos
1323 471 1460 504 tenere
1482 462 1543 516 qui
1569 477 1632 516 po·
1653 462 1680 502 9

155 537 252 584 tuit,
287 551 372 576 cum
397 535 582 590 proiectis
608 535 776 575 fascibus
799 542 837 574 et
859 534 1035 588 deposito
1057 533 1220 587 imperio
1242 532 1418 586 priuatus
1442 537 1480 570 et
1502 537 1638 583 eaptus

151 604 236 658 ipse
256 604 297 644 in
319 604 484 644 alienam
509 603 685 643 uenisset
706 603 969 656 potestatem?
1010 601 1266 653 Relinquitur
1287 614 1389 640 noua
1411 598 1566 653 religio,
1596 604 1637 638 ut

154 686 200 712 eo
223 672 402 726 neglecto
424 677 688 719 sacramento,
714 684 789 722 quo
812 669 1015 719 tenemini,
1039 668 1263 722 respiciatis
1279 669 1387 718 illud,
1413 667 1515 723 quod
1532 665 1638 705 dedi-

153 740 260 780 tione
283 740 390 780 ducis
414 747 451 779 et
473 738 612 792 capitis
635 738 902 778 deminutione
924 737 1115 778 sublatum
1131 743 1205 777 est.
1241 737 1310 786 At,
1335 736 1467 784 credo,
1493 734 1524 774 si
1537 731 1638 774 Cae·
1664 730 1716 772 10

154 822 282 848 sarem
306 807 494 862 probatis,
519 808 559 846 in
582 821 642 846 me
665 806 876 846 offenditis,
913 803 991 857 Qui
1014 805 1060 844 de
1083 804 1180 844 meis
1201 804 1240 844 in
1263 818 1335 844 uos
1358 803 1509 844 meritis
1526 815 1640 856 prae-

154 876 354 916 dicaturus
377 890 455 916 non
478 889 588 924 sum,
623 888 720 928 quae
753 881 844 914 sunt
875 874 1000 914 adhuc
1031 879 1069 913 et
1101 885 1187 912 mea
1219 872 1422 912 uoluntate
1445 878 1482 910 et
1505 877 1640 911 uestra

155 944 432 998 expectatione
456 943 632 992 leuiora3
659 942 728 982 sed
750 949 880 982 tamen
902 942 963 981 sui
984 940 1130 981 laboris
1152 939 1298 980 milites
1320 953 1475 992 semper
1496 945 1642 979 euentu

154 1011 244 1051 belli
266 1011 438 1065 praemia
461 1010 699 1064 petiuerunt‚
724 1009 787 1062 qui
810 1009 936 1063 qualis
960 1009 1012 1049 sit
1033 1010 1204 1057 futurus,
1230 1021 1278 1047 ne
1301 1021 1372 1047 uos
1395 1006 1548 1060 quidem
1571 1007 1639 1046 du-

152 1078 309 1119 bitatis:
337 1079 579 1132 diligentiam
604 1077 758 1133 quidem
781 1084 956 1117 nostram
979 1084 1062 1125 aut,
1089 1090 1201 1129 quem
1226 1075 1272 1114 ad
1296 1075 1410 1114 finem
1433 1074 1556 1113 adhuc
1578 1087 1641 1114 res
1666 1071 1715 1113 11

154 1146 352 1200 processit
367 1178 377 1197 ,
412 1147 606 1186 fortunam
631 1160 701 1186 cur
723 1146 997 1200 praeteream?
1037 1145 1102 1184 An
1124 1144 1301 1198 poenitet
1321 1156 1417 1192 uos,
1443 1142 1543 1196 quod
1566 1141 1643 1181 sal·
1665 1139 1719 1181 12

158 1230 245 1255 uum
278 1222 394 1268 atque
424 1215 659 1254 incolumem
695 1215 914 1254 exercitum
948 1213 1054 1254 nulla
1086 1213 1244 1253 omnino
1277 1224 1379 1252 naue
1420 1210 1645 1250 desiderata

157 1283 432 1323 traduxerim?
454 1283 553 1335 quod
575 1283 740 1322 classem
765 1282 931 1322 hostium
955 1282 1079 1336 primo
1101 1282 1246 1335 impetu
1269 1279 1485 1320 adueniens
1513 1277 1644 1331 profli-

157 1351 366 1403 gauerim?
390 1352 489 1404 quod
512 1350 571 1390 his
594 1365 663 1405 per
682 1350 838 1390 biduum
863 1350 1035 1404 equestri
1058 1349 1206 1403 proelio
1225 1346 1520 1401 superauerim?
1543 1345 1644 1398 quod

158 1433 207 1458 ex
243 1426 357 1473 portu
389 1420 553 1472 sinuque
587 1419 905 1459 aduersariorum
937 1425 989 1458 CC
1021 1431 1144 1458 naues
1177 1416 1380 1456 onerarias
1413 1413 1645 1453 adduxerim

159 1501 283 1540 eoque
306 1488 393 1528 illos
417 1486 671 1541 compulerim
687 1517 698 1536 ,
737 1494 779 1526 ut
812 1500 939 1540 neque
970 1485 1143 1540 pedestri
1164 1485 1307 1524 itinere
1330 1496 1456 1535 neque
1480 1481 1645 1521 nauibus

157 1563 374 1596 commeatu
397 1555 526 1595 iuuari
549 1555 729 1608 possint?
790 1553 875 1594 Hac
898 1568 970 1594 uos
995 1554 1151 1594 fortuna
1175 1560 1290 1605 atque
1314 1551 1372 1591 his
1397 1550 1558 1590 ducibus
1580 1563 1644 1589 re·
1668 1546 1720 1588 13

157 1624 325 1676 pudiatis
340 1621 626 1663 Corfiniensem
650 1623 920 1676 ignominiam,
946 1620 1082 1661 ltaliae
1106 1623 1253 1675 fugam,
1282 1618 1555 1672 Hispaniarum
1580 1617 1647 1657 de-

160 1691 370 1741 ditionem,
394 1691 522 1731 Africi
544 1691 633 1732 belli
658 1691 896 1745 praeiudicia
918 1690 1150 1743 sequimini!
1194 1687 1388 1741 Equidem
1412 1700 1473 1727 me
1495 1683 1645 1725 Caesa·
1668 1683 1723 1725 14

157 1759 212 1799 ris
236 1759 396 1800 militem
421 1760 497 1800 dici
531 1759 658 1809 uolui,
694 1773 765 1799 uos
796 1772 856 1798 me
889 1757 1138 1811 imperatoris
1170 1756 1328 1796 nomine
1361 1752 1644 1809 appellauistis.

160 1824 284 1867 Cuius
307 1828 340 1867 si
364 1841 434 1867 uos
458 1828 645 1881 poenitet,
672 1835 848 1868 uestrum
872 1826 984 1866 uobis
1006 1825 1236 1865 beneficium
1259 1824 1434 1869 remitto,
1460 1821 1550 1861 mihi
1568 1834 1648 1861 me-

158 1910 222 1934 um
246 1909 388 1935 nomen
408 1896 631 1946 restituite,
665 1909 715 1935 ne
748 1895 795 1935 ad
829 1894 1104 1934 contumeliam
1129 1894 1316 1933 honorem
1341 1891 1494 1931 dedisse
1516 1889 1650 1929 uidea-

160 1963 279 2003 mini'.
323 1962 407 2016 Qua
432 1964 612 2004 oratione
642 1963 805 2018 permoti
840 1963 983 2003 milites
1017 1962 1158 2003 crebro
1189 1961 1304 2002 etiam
1326 1957 1647 2012 interpellabant,
1670 1954 1726 2000 33

308 2079 320 2111 1
344 2089 450 2110 uosne
470 2089 551 2111 uero
570 2079 685 2111 deleto
705 2089 745 2110 ne
764 2089 805 2119 a,
826 2089 886 2110 uos
907 2088 989 2109 uero
1011 2078 1042 2109 b.
1217 2075 1386 2108 Domitius
1405 2085 1425 2105 α
1448 2074 1543 2105 ‘mssa
1562 2072 1652 2103 mul-

164 2131 221 2172 ti’,
242 2131 281 2163 L.
302 2131 471 2163 Domitius
490 2142 525 2163 u.
666 2133 687 2166 2
706 2142 816 2163 nonne
836 2131 900 2162 sibi
920 2141 940 2162 α
956 2131 985 2171 Ι),
1008 2140 1072 2161 non
1094 2128 1158 2161 sibi
1176 2139 1212 2160 u.
1355 2128 1373 2160 3
1394 2137 1504 2157 nonne
1523 2124 1651 2167 proditi

163 2195 184 2216 α
198 2185 228 2225 b,
252 2195 314 2215 non
335 2184 459 2227 proditi
479 2195 513 2216 u.
653 2185 673 2217 4
691 2184 862 2216 reseruati
883 2185 913 2215 b.
1054 2182 1072 2213 6
1093 2181 1214 2221 religio
1228 2191 1296 2212 om.
1318 2190 1338 2211 α
1354 2180 1411 2210 bc.
1554 2176 1571 2208 7
1586 2187 1651 2219 quo

163 2247 184 2268 a
199 2237 229 2273 b,
251 2247 314 2278 quo
334 2246 421 2267 nunc
442 2245 476 2266 u.
638 2240 672 2266 te
691 2236 828 2267 memini
847 2245 880 2265 α.
1059 2232 1077 2264 9
1099 2232 1129 2263 in
1150 2242 1201 2263 me
1219 2232 1455 2269 Petam‘anus,
1478 2229 1541 2260 iam
1562 2239 1612 2259 me
1632 2238 1654 2259 a

168 2288 261 2318 ‘mss.
279 2285 470 2328 plerique’.
611 2286 871 2328 praedicaturus
890 2284 1111 2325 Stephanus,
1133 2282 1433 2325 praeiudicatur-us
1453 2291 1473 2312 a
1489 2291 1505 2311 e
1525 2281 1541 2311 5
1561 2279 1652 2311 dett.

311 2340 344 2372 11
369 2338 609 2382 expectatione
628 2349 662 2369 α.
806 2338 846 2370 13
866 2347 921 2369 res
935 2346 1002 2368 om.
1019 2346 1049 2367 e.
1192 2335 1233 2367 14
1249 2333 1419 2365 fortunam
1438 2343 1458 2363 α
1471 2333 1489 2363 b
1503 2342 1560 2371 ce,
1585 2330 1655 2361 for-

167 2395 349 2432 tunamque
369 2400 404 2421 u.
545 2394 726 2432 praeterea
745 2399 779 2420 a.
923 2387 1050 2429 penitet
1069 2396 1103 2418 α.
1263 2386 1302 2417 416
1323 2385 1510 2415 adueniens
1530 2393 1597 2414 om.
1621 2383 1653 2413 b.

311 2443 352 2475 18
371 2447 528 2474 oneratas
548 2453 608 2475 ae.
750 2441 793 2473 20
812 2444 954 2483 possent
975 2440 1006 2471 b.
1150 2438 1330 2480 trepidatis
1351 2438 1382 2468 b.
1526 2436 1563 2467 21
1590 2434 1657 2465 Ita-

169 2493 236 2525 liae
257 2493 380 2535 fugam,
400 2494 639 2537 Hispaniarum
659 2493 879 2533 deditionem,
901 2492 1008 2523 Africi
1028 2491 1108 2522 belli
1130 2490 1341 2533 praeiudicia
1365 2490 1599 2527 Cz‘aeeonae'ns3
1620 2487 1653 2518 in

169 2543 288 2575 ltaliae
311 2544 386 2586 i'uga
401 2570 409 2586 ,
442 2546 474 2576 in
496 2545 737 2587 Hispaniarum
758 2544 989 2581 deditionem,
1011 2541 1170 2573 inAfrici
1192 2541 1315 2573 bellum
1336 2540 1547 2583 praeiudicia
1567 2550 1587 2571 α
1606 2543 1654 2579 et,

171 2597 235 2636 qui
252 2595 422 2627 deditione
442 2599 478 2627 et
496 2596 653 2635 Africae,
685 2596 702 2626 b
722 2598 931 2636 (praeterea
954 2593 1039 2625 Ozul.
1063 2594 1150 2624 haec
1168 2592 1209 2624 de
1228 2592 1325 2623 codd.
1350 2591 1480 2631 tradit,
1507 2593 1652 2621 cunctos

171 2650 299 2680 habere
318 2649 350 2680 in
371 2648 488 2680 ltaliae
510 2649 600 2690 fuga,
616 2649 810 2690 plerosque
830 2657 870 2678 an
892 2647 921 2678 in
944 2646 983 2677 H.
1005 2646 1177 2677 deditIOne
1197 2646 1228 2676 in
1249 2645 1308 2676 uel
1324 2655 1364 2676 an
1387 2645 1417 2675 in
1431 2643 1486 2675 Af.
1506 2643 1536 2674 b.
1559 2652 1655 2684 prae·

172 2700 320 2740 iudici03
347 2699 409 2731 sed
438 2700 642 2731 deditionem
667 2709 814 2731 seruare
833 2709 850 2729 c
868 2701 904 2729 et
920 2698 938 2730 3
958 2697 1047 2728 dett.
1075 2700 1114 2728 el·
1136 2696 1222 2728 duos
1242 2707 1287 2727 em
1306 2698 1361 2727 his
1387 2695 1405 2727 3
1424 2694 1511 2725 dett.
1540 2703 1615 2723 rum
1638 2693 1656 2723 b

170 2750 417 2793 praeiudicia)3
445 2760 485 2781 an
507 2750 626 2782 ltaliae
647 2750 781 2792 fugam,
808 2760 848 2781 an
869 2749 1108 2790 Hispaniarum
1128 2747 1357 2787 deditionem,
1385 2756 1424 2777 an
1447 2744 1554 2776 Africi
1575 2744 1655 2775 belli

173 2801 383 2844 praeiudicia
402 2801 517 2833 Aldus
535 2812 570 2833 u.
711 2803 755 2836 24
774 2801 905 2844 penitet
922 2810 956 2831 α.
1104 2799 1148 2830 25
1169 2808 1287 2829 nomen
1309 2797 1482 2829 restituite
1502 2806 1534 2835 α,
1557 2794 1658 2827 resti-

175 2856 259 2886 tuite
281 2864 399 2886 nomen
419 2853 496 2885 edd.
637 2855 680 2887 ‘26
700 2854 801 2886 etiam
820 2864 840 2885 α
855 2854 884 2893 b5
907 2852 1009 2884 etiam
1029 2852 1200 2884 dicentem
1220 2861 1254 2882 u.
