1835 3240
86 576 104 607 5

58 913 99 946 10

59 1252 99 1285 15

55 1590 100 1623 20

58 1932 102 1965 25

666 181 855 226 CAPVT
873 182 928 226 23
942 208 994 214 -
1005 181 1075 224 25.
1607 183 1687 225 677

133 301 236 341 facto
268 311 354 338 cum
375 295 546 338 Labieni
569 304 609 337 et
631 296 778 338 Petreii
801 296 922 351 copiis
950 310 994 337 se
1023 294 1249 348 coniungit,
1283 301 1399 347 atque
1430 297 1517 337 unis
1549 311 1613 337 ca-

133 366 227 406 stris
251 364 365 406 sactis
389 371 434 404 111
455 365 564 405 milia
585 378 770 418 passuum
793 365 909 418 longe
933 364 1157 404 considunt.
1219 360 1432 415 Equitatus
1455 363 1611 404 interim
1633 365 1662 406 2

132 447 266 474 eorum
289 433 434 473 circum
448 429 634 473 Caesaris
655 432 894 472 munitiones
918 431 1052 486 uagari
1075 438 1192 484 atque
1213 443 1298 481 eos,
1323 429 1387 483 qui
1410 430 1616 483 pabulandi

131 508 199 540 aut
229 500 397 554 aquandi
429 501 557 554 gratia
589 506 704 540 extra
733 499 879 539 uallum
903 498 1102 553 progressi
1123 504 1281 546 essent,
1317 496 1529 551 excipere3
1563 500 1617 539 ita

135 581 274 609 omnes
306 569 557 609 aduersarios
589 568 694 607 intra
722 567 960 607 munitiones
992 566 1213 607 continere.
1276 561 1366 617 Qua
1392 578 1437 605 re
1467 562 1617 606 Caesa·
1640 567 1664 607 3

131 636 232 676 riani
265 637 378 689 graui
410 649 567 675 annona
598 641 689 675 sunt
720 634 958 681 conflictati,
992 633 1080 674 ideo
1103 634 1205 687 quod
1226 633 1398 674 nondum
1420 647 1548 686 neque
1570 634 1616 673 ab

126 701 269 744 Sicilia
291 717 418 756 neque
441 703 487 742 ab
512 700 696 743 Sardinia
718 709 958 742 commeatus
981 701 1232 755 subportatus
1255 708 1365 751 erat,
1400 715 1527 754 neque
1549 715 1620 755 per

132 773 225 812 anni
247 779 398 825 tempus
432 771 469 810 in
491 770 589 811 mari
612 771 761 810 classes
784 770 872 810 sine
892 769 1067 824 periculo
1090 769 1228 822 uagari
1249 775 1455 823 poterant3
1491 783 1618 823 neque

131 839 296 893 amplius
327 838 434 878 milia
464 852 648 892 passuum
669 844 714 878 VI
745 845 875 879 terrae
896 831 1059 877 Africae
1090 851 1242 889 quoque
1268 851 1408 878 uersus
1432 837 1620 877 tenebant

131 907 334 960 pabulique
367 906 498 960 inopia
528 906 823 960 premebantur.
887 902 976 957 Qua
1007 904 1244 945 necessitate
1280 905 1407 945 coacti
1439 905 1618 945 ueterani
1640 905 1666 944 4

132 974 276 1015 milites
309 974 560 1027 equitesque,
595 974 657 1027 qui
690 975 811 1014 multa
842 980 951 1014 terra
972 973 1149 1026 marique
1171 972 1272 1013 bella
1295 973 1558 1013 confecissent
1581 980 1620 1013 et

131 1042 315 1096 periculis
345 1043 552 1096 inopiaque
583 1042 649 1082 tali
676 1055 796 1095 saepe
818 1048 952 1082 essent
973 1040 1213 1090 conflictati,
1247 1041 1336 1095 alga
1358 1054 1379 1081 e
1399 1040 1517 1081 litore
1540 1042 1619 1081 col-

131 1109 235 1149 lecta
265 1116 304 1149 et
335 1124 433 1162 aqua
466 1109 567 1150 dulci
599 1110 704 1150 eluta
737 1117 776 1149 et
803 1109 858 1150 ita
889 1109 1075 1149 iumentis
1097 1108 1364 1149 esurientibus
1387 1108 1477 1148 data
1500 1109 1619 1148 uitam

131 1191 265 1218 eorum
300 1178 580 1231 producebant.
654 1174 753 1217 Cum
788 1177 884 1218 haec
915 1177 971 1217 ita
1002 1177 1167 1226 fierent,
1212 1190 1285 1217 rex
1319 1173 1413 1216 Iuba
1446 1176 1615 1230 cognitis
1637 1176 1695 1221 25

132 1242 321 1285 Caesaris
351 1245 640 1286 difficultatibus
673 1245 951 1300 copiarumque
982 1245 1179 1298 paucitate
1201 1258 1280 1285 non
1303 1253 1365 1285 est
1387 1244 1512 1284 uisum
1536 1245 1621 1285 dari

131 1314 299 1367 spatium
332 1314 634 1354 conualescendi
662 1313 1008 1368 augendarumque
1040 1313 1123 1353 eius
1155 1326 1284 1366 opum.
1346 1310 1484 1366 Itaque
1515 1326 1620 1352 com-

132 1382 281 1436 paratis
314 1381 488 1435 equitum
518 1383 671 1435 magnis
693 1382 942 1435 peditumque
974 1381 1096 1435 copiis
1126 1380 1301 1420 subsidio
1327 1380 1410 1420 suis
1433 1393 1620 1433 egressus

133 1462 154 1489 e
185 1462 308 1504 regno
340 1449 398 1491 ire
421 1450 636 1490 contendit.
698 1448 748 1490 P.
774 1447 916 1490 Sittius
947 1449 1107 1489 interim
1139 1455 1179 1489 et
1208 1462 1283 1489 rex
1305 1446 1490 1488 Bocchus
1526 1462 1618 1489 con·
1640 1448 1668 1488 2

132 1516 275 1557 iunctis
310 1518 391 1558 suis
425 1518 546 1571 copiis
579 1517 738 1571 cognito
769 1517 876 1571 regis
905 1515 1025 1557 Iubae
1055 1530 1219 1572 egressu
1251 1516 1410 1571 propius
1443 1516 1528 1556 eius
1557 1531 1620 1557 re-

131 1599 249 1639 gnum
273 1586 404 1639 copias
426 1600 518 1627 suas
540 1586 768 1635 admouere,
798 1583 1045 1639 Cirtamque,
1078 1585 1259 1639 oppidum
1282 1584 1620 1639 opulentissimum
1643 1584 1667 1625 3

134 1653 218 1692 eius
249 1654 375 1706 regni,
403 1655 564 1694 adortus
588 1654 724 1708 paucis
747 1654 882 1694 diebus
900 1653 1106 1707 pugnando
1129 1653 1233 1707 capit
1253 1659 1293 1693 et
1314 1659 1524 1706 praeterea
1545 1653 1621 1694 duo

131 1720 270 1773 oppida
302 1720 586 1773 Gaetulorun13
630 1722 769 1775 quibus
802 1736 889 1762 cum
922 1721 1193 1761 condicionem
1224 1721 1372 1770 ferret,
1408 1727 1450 1760 ut
1482 1719 1621 1775 oppido

134 1790 377 1830 excederent
406 1790 522 1843 idque
554 1789 627 1830 sibi
659 1804 823 1830 uacuum
856 1790 1083 1839 traderent,
1128 1788 1475 1841 condicionemque
1505 1802 1622 1843 repu-

134 1858 332 1908 diassent,
367 1865 503 1912 postea
526 1858 573 1898 ab
596 1871 642 1898 eo
665 1859 767 1912 capti
787 1858 1063 1910 interfectique
1085 1864 1178 1897 sunt
1199 1870 1350 1896 omnes.
1414 1854 1509 1896 Inde
1532 1871 1622 1911 pro—
1644 1857 1668 1897 4

133 1939 293 1980 gressus
325 1939 442 1978 agros
475 1926 691 1979 oppidaque
724 1940 876 1967 nexare
906 1940 985 1966 non
1018 1925 1182 1966 destitit.
1237 1922 1393 1977 Quibus
1415 1924 1534 1965 rebus
1558 1939 1622 1965 co-

133 1993 254 2048 gnitis
277 1991 397 2043 luba,
431 2007 517 2033 cum
549 1994 627 2034 iam
659 2008 737 2034 non
769 1995 885 2048 longe
917 1994 964 2034 ab
987 1991 1174 2047 Scipione
1205 2000 1321 2046 atque
1351 1993 1434 2032 eius
1457 1992 1619 2033 ducibus

134 2061 314 2111 abesset,
351 2061 454 2115 capit
487 2063 710 2111 consilium,
745 2062 868 2102 satius
902 2074 992 2101 esse
1022 2061 1097 2101 sibi
1128 2074 1278 2114 suoque
1299 2074 1422 2115 regno
1445 2060 1621 2100 subsidio

132 2129 217 2179 ire,
252 2142 391 2181 quam,
427 2130 514 2169 dum
547 2131 646 2171 alios
678 2130 883 2171 adiuturus
915 2129 1259 2183 proficisceretur,
1293 2128 1378 2182 ipse
1398 2142 1470 2168 suo
1497 2141 1621 2182 regno

132 2197 321 2251 expulsus
344 2198 512 2238 forsitan
535 2206 700 2252 utraque
722 2212 767 2239 re
791 2198 1072 2253 expelleretur.
1134 2195 1273 2250 Itaque
1295 2209 1433 2236 rursus
1456 2209 1498 2236 se
1520 2196 1621 2236 reci·
1643 2195 1668 2236 5

277 2313 289 2345 1
309 2312 450 2344 Labieni
470 2318 503 2345 et
521 2313 645 2345 Petreii
664 2324 697 2354 a,
720 2313 845 2345 Petreii
864 2318 898 2346 et
916 2313 1061 2345 Labieni
1079 2312 1158 2344 edd.
1300 2309 1423 2353 copiis]
1443 2310 1566 2342 castris
1588 2311 1620 2344 b.

275 2374 311 2396 se
331 2374 399 2396 om.
420 2375 440 2395 a
461 2365 478 2395 b
497 2375 525 2404 c,
547 2368 630 2396 ante
649 2365 756 2407 copiis
773 2368 913 2407 ponunt
934 2365 1030 2396 (γης-ς.
1044 2367 1079 2395 et
1098 2363 1175 2395 edd.
1196 2361 1292 2405 qdd.’
1461 2363 1480 2394 4
1494 2362 1619 2404 gratia]

133 2424 236 2447 eausa
249 2416 280 2447 b.
422 2415 441 2447 f>
462 2426 570 2457 neque
589 2426 657 2447 om.
680 2416 712 2447 b.
875 2415 894 2448 7
913 2416 1134 2457 subportatus
1153 2425 1187 2446 α.
1428 2425 1490 2446 nec
1508 2425 1570 2457 per
1589 2416 1618 2447 b.

275 2469 295 2501 9
314 2478 445 2510 quoque
465 2477 542 2509 ego,
557 2478 689 2510 quoquo
708 2468 761 2510 (α)
781 2468 859 2499 edd.
881 2467 959 2509 (sed
974 2477 1107 2509 quaque
1126 2470 1211 2499 ante
1230 2467 1343 2507 Ald.).
1363 2467 1404 2498 P.
1419 2467 1474 2501 72.

133 2518 324 2550 tenebat—
335 2518 410 2560 (¹10)
424 2519 643 2561 premebatur
660 2529 681 2550 α
695 2520 712 2551 b
726 2530 754 2551 c.
899 2519 939 2552 12
952 2528 1031 2560 sepe
1046 2528 1080 2549 a.
1223 2517 1263 2550 14
1275 2518 1351 2550 dum
1370 2517 1472 2549 codd.
1487 2521 1523 2550 ct
1538 2519 1617 2550 edd.

133 2571 173 2602 Ρ.
195 2570 248 2602 16.
441 2572 480 2604 17
500 2572 570 2603 suis
589 2582 657 2603 om.
680 2572 710 2603 b.
907 2571 947 2603 18
967 2570 1074 2602 Sitius
1093 2570 1144 2611 (α)
1163 2580 1198 2601 u.
1385 2570 1536 2601 Bocchus
1555 2570 1618 2611 (a),

135 2623 281 2654 ‘Bochus
298 2626 374 2654 siue
392 2623 544 2655 Bocchus
564 2625 582 2655 b
602 2624 652 2664 0⁷,-
672 2623 805 2655 Boehus
825 2634 860 2654 u.
1001 2622 1044 2656 20
1064 2621 1359 2664 opulentissimum
1379 2621 1452 2652 eius
1471 2622 1566 2660 regni
1585 2632 1616 2661 (ι)

133 2676 207 2707 eius
226 2675 322 2715 regni
341 2675 635 2717 opulentissimum
655 2676 734 2708 edd.
884 2675 924 2707 21
947 2675 1088 2706 adortus
1108 2692 1153 2697 —
1169 2674 1260 2716 capit
1277 2684 1298 2705 α
1317 2674 1364 2714 (is
1384 2673 1531 2711 adortis)
1553 2674 1570 2701 b
1588 2686 1615 2711 f)

135 2725 248 2756 udorti
265 2744 306 2748 —
326 2725 465 2766 capiunt
481 2736 516 2756 u.
536 2726 575 2757 P.
586 2727 643 2760 23.
782 2727 826 2759 22
845 2725 1074 2757 conditionem
1093 2724 1155 2767 (a).
1301 2723 1409 2755 ferret
1426 2733 1459 2761 (l,
1481 2720 1621 2753 offerret

135 2779 175 2817 b;
192 2777 321 2809 ferrent
338 2787 374 2808 u.
514 2777 650 2819 oppido]
664 2778 784 2821 oppida
802 2782 886 2810 ante
905 2787 997 2810 corr.
1012 2788 1047 2809 α.
1188 2776 1229 2810 23
1241 2774 1535 2814 conditionemque
1555 2776 1620 2812 (ιι.)

278 2830 321 2863 24
340 2839 377 2861 eo
397 2839 417 2860 α
438 2829 470 2868 b,
491 2828 541 2860 eis
560 2839 594 2860 u.
646 2843 650 2846 ⁴
754 2829 930 2863 interfecti
951 2833 1031 2862 sunt
1051 2830 1081 2862 b.
1234 2837 1433 2871 progressus
1452 2836 1473 2857 a
1494 2826 1524 2866 b,
1544 2836 1620 2867 pro-

134 2880 243 2919 gressi
258 2891 289 2912 u.
432 2880 473 2913 25
486 2879 620 2912 destitit
636 2890 656 2912 a
672 2881 703 2923 b,
718 2881 887 2914 desistunt
907 2891 942 2912 u.
1084 2881 1127 2914 29
1139 2880 1255 2922 pulsus
1270 2880 1299 2911 b.
1443 2888 1478 2909 se
1499 2887 1565 2909 om.
1583 2888 1616 2908 a.
