1835 3240
83 171 167 215 520
645 172 719 215 DE
751 171 942 215 BELLO
975 170 1150 218 CIVILI

114 290 138 327 5
161 285 272 326 diunt
292 285 557 340 proeliumque
580 287 842 326 committunt.
867 284 916 334 Ii,
942 286 1028 326 dum
1043 287 1126 341 pari
1140 288 1355 330 certamine
1376 303 1441 331 res
1463 289 1547 344 geri
1570 303 1638 344 po-

158 353 257 404 tuit,
291 368 472 407 magnum
497 354 664 393 hostium
688 367 890 393 numerum
914 354 1026 407 pauci
1047 355 1297 407 sustinuere3
1321 358 1388 397 scd
1404 388 1414 407 ‚
1441 357 1503 397 ubi
1527 358 1639 411 signa

159 420 355 475 legionum
380 421 690 474 appropinquare
713 428 953 473 coeperunt,
990 422 1124 475 paucis
1157 424 1309 463 amissis
1333 438 1420 465 sese
1442 425 1481 465 in
1504 425 1639 478 proxi·

110 485 137 527 6
159 502 241 529 mos
264 495 415 528 montes
440 489 661 527 conferunt.
688 487 774 527 Hoc
796 502 948 542 pugnae
970 496 1121 542 tempus
1144 504 1325 543 magnum
1343 492 1470 531 attulit
1491 493 1637 532 nostris

156 555 205 595 ad
226 556 389 596 salutem
413 562 673 594 momentum:
707 556 809 595 nacti
847 556 948 596 enim
980 558 1146 610 spatium
1179 571 1222 597 se
1252 557 1291 596 in
1323 558 1407 598 loca
1430 560 1635 613 superiora

157 628 404 676 receperunt.
462 620 687 663 Desiderati
710 630 803 663 sunt
824 637 870 663 eo
893 624 954 664 die
976 624 1170 678 sagittarii
1194 624 1354 665 circiter
1375 632 1452 674 CC,
1486 627 1637 679 equites

82 689 138 734 52
159 690 285 745 pauci,
312 690 491 729 calonum
515 697 630 742 atque
651 690 1015 744 impedimentorum
1039 706 1117 731 non
1141 707 1306 746 magnus
1329 706 1529 733 numerus.
1563 693 1637 734 His

157 764 288 797 tamen
310 756 490 797 omnibus
523 771 679 798 annona
713 759 864 809 creuit3
900 773 998 812 quae
1031 760 1113 800 sere
1146 774 1209 800 res
1242 774 1320 800 non
1352 760 1474 800 solum
1506 760 1638 814 inopia

155 824 393 878 praesentis,
429 826 496 865 sed
519 825 635 865 etiam
659 826 775 866 futuri
801 827 986 880 temporis
1008 827 1148 867 timore
1169 827 1449 880 ingrauesccre
1472 841 1638 868 consue-

108 891 133 931 2
156 892 227 932 uit.
266 890 425 945 Iamque
447 893 494 932 ad
517 893 701 934 denarios
723 902 750 934 L
769 893 809 933 in
831 894 1007 948 singulos
1030 895 1179 935 modios
1202 909 1358 935 annona
1380 901 1634 949 peruenerat,

107 958 132 999 3
155 966 193 999 et
213 959 377 1000 militum
403 960 509 1001 uires
530 961 660 1015 inopia
684 962 869 1002 frumenti
893 962 1154 1013 deminucrat,
1189 970 1304 1017 atque
1326 963 1572 1004 incommoda
1594 963 1635 1003 in

156 1026 240 1067 dies
263 1027 535 1080 augebantur,
570 1036 609 1069 et
636 1036 712 1069 tam
747 1029 881 1083 paucis
913 1029 1049 1070 diebus
1080 1045 1221 1084 magna
1253 1038 1339 1071 erat
1366 1045 1495 1073 rerum
1530 1031 1636 1070 facta

154 1096 407 1136 commutatio
430 1111 475 1136 ac
497 1110 540 1137 se
564 1098 719 1137 fortuna
741 1097 1016 1148 inclinauerat,
1041 1105 1083 1138 ut
1104 1099 1232 1139 nostri
1254 1112 1393 1152 magna
1415 1098 1546 1152 inopia
1568 1111 1636 1137 ne-

154 1163 417 1203 cessariarum
440 1178 569 1204 rerum
595 1165 938 1213 conflictarentur,
971 1166 1027 1206 illi
1050 1166 1229 1206 omnibus
1252 1166 1494 1206 abundarent
1516 1165 1634 1206 rebus

105 1228 134 1270 4
154 1231 459 1284 superioresque
490 1232 743 1272 haberentur.
798 1229 951 1273 Caesar
980 1233 1028 1275 iis
1062 1233 1310 1283 ciuitatibus,
1343 1247 1442 1286 quae
1473 1234 1519 1273 ad
1551 1233 1635 1274 eius

152 1299 361 1338 amicitiam
384 1306 653 1349 accesserant,
679 1300 778 1352 quod
802 1300 931 1340 minor
953 1307 1039 1341 erat
1060 1301 1246 1341 frumenti
1268 1300 1394 1354 copia,
1423 1314 1542 1354 pecus
1564 1300 1636 1340 im-

152 1365 339 1418 perabat,
366 1366 524 1407 calones
546 1368 593 1407 ad
616 1368 913 1422 longinquiores
935 1369 1118 1409 ciuitates
1140 1369 1383 1420 dimittebam
1416 1369 1500 1422 ipse
1522 1381 1635 1422 prae-

76 1431 131 1477 53
152 1441 302 1474 sentem
334 1434 503 1489 inopiam
536 1435 674 1489 quibus
706 1442 861 1490 poterat
890 1436 1073 1477 subsidiis
1108 1438 1320 1478 tutabatur.
1384 1436 1493 1477 Haec
1515 1435 1635 1476 Afra-

150 1500 238 1541 nius
269 1500 533 1556 Petreiusque
563 1511 603 1544 et
633 1518 768 1544 eorum
801 1504 917 1545 amici
947 1504 1125 1559 pleniora
1159 1506 1276 1546 etiam
1307 1512 1422 1559 atque
1450 1504 1636 1544 uberiora

101 1567 129 1608 2
151 1567 317 1610 Romam
340 1571 386 1610 ad
409 1585 502 1611 suos
524 1573 835 1626 perscribebant.
888 1571 1016 1613 Multa
1048 1587 1206 1613 rumore
1238 1573 1561 1628 adfingebantur,
1592 1578 1636 1612 ut

101 1635 126 1677 3
148 1650 271 1692 paene
293 1639 436 1679 bellum
460 1641 680 1680 consectum
704 1641 921 1681 uideretur.
967 1639 1120 1693 Quibus
1143 1642 1287 1682 litteris
1309 1641 1532 1694 nuntiisque
1549 1638 1632 1680 Ro-

149 1719 250 1745 mam
282 1708 444 1760 perlatis
474 1708 605 1761 magni
637 1709 789 1748 domum
824 1723 1041 1750 concursus
1070 1709 1118 1749 ad
1149 1709 1357 1749 Afranium
1390 1720 1633 1761 magnaeque

148 1775 437 1826 gratulationes
460 1776 628 1826 fiebant3
653 1776 762 1816 multi
786 1790 838 1817 ex
859 1774 975 1818 Italia
998 1777 1044 1816 ad
1058 1774 1134 1817 Cn.
1151 1775 1382 1830 Pompeium
1406 1775 1632 1830 proficisce-

146 1840 305 1892 bantur,
331 1843 414 1890 alii,
440 1850 482 1883 ut
503 1844 697 1898 principes
722 1845 836 1884 talem
860 1845 1036 1884 nuntium
1060 1844 1255 1894 attulisse,
1280 1844 1361 1895 alii,
1387 1849 1631 1884 neeuentum

148 1908 240 1950 belli
273 1918 528 1964 exspectasse
564 1918 633 1952 aut
664 1925 715 1952 ex
747 1912 927 1952 omnibus
958 1912 1161 1958 nouissimi
1191 1913 1350 1953 uenisse
1384 1911 1630 1952 uiderentur.

71 1976 130 2021 54
152 1974 250 2017 Cum
273 1977 312 2017 in
336 1978 395 2018 bis
417 1979 613 2032 angustiis
643 1993 708 2019 res
731 1986 862 2030 esset,
896 1987 1013 2033 atque
1043 1994 1181 2021 omnes
1211 1981 1299 2021 uiae
1331 1980 1378 2020 ab
1400 1978 1632 2020 Afranianis

145 2045 333 2086 militibus
347 2046 621 2100 equitibusque
635 2047 926 2097 obsiderentur,
954 2061 1026 2088 nec
1049 2055 1189 2102 pontes
1204 2047 1336 2102 perlici
1360 2053 1536 2101 possent,
1560 2046 1632 2086 im-

145 2120 259 2166 perat
279 2114 466 2154 militibus
489 2111 656 2165 Caesar,
682 2122 723 2155 ut
744 2129 866 2156 naues
891 2115 1060 2166 faciant,
1093 2117 1202 2157 cuius
1225 2115 1382 2171 generis
1406 2129 1491 2158 eum
1517 2126 1631 2167 supe-

97 2179 124 2221 2
145 2181 315 2222 rioribus
338 2182 452 2222 annis
475 2197 568 2223 usus
591 2181 825 2225 Britanniae
848 2184 1052 2229 docuerat.
1099 2181 1271 2226 Carinae
1294 2197 1338 2227 ac
1360 2182 1482 2237 prima
1505 2188 1629 2221 statu-

289 2353 302 2385 1
326 2353 357 2385 id
379 2355 454 2386 dum
474 2355 538 2395 ad,
560 2356 592 2387 hi
613 2356 690 2387 dum
709 2356 788 2388 edd.
983 2356 1001 2387 3
1022 2365 1099 2388 sese
1119 2355 1150 2386 in
1171 2354 1342 2397 proximos
1360 2357 1493 2385 montes
1512 2363 1533 2384 a
1551 2351 1628 2384 Ste-

142 2404 305 2445 phanvs;
331 2406 362 2436 in
392 2410 523 2436 montes
550 2407 722 2448 proximos
741 2417 777 2438 se
799 2407 838 2447 b,
866 2417 942 2439 sese
971 2407 1002 2438 iu
1031 2410 1163 2438 montes
1187 2406 1358 2447 proximos
1384 2407 1520 2436 ceterae
1546 2403 1624 2435 edd.

289 2457 306 2488 5
327 2457 503 2498 superiora
523 2458 598 2489 loca
613 2459 644 2490 b.
788 2459 829 2491 10
848 2459 888 2490 ad
904 2459 1064 2491 denarios
1077 2457 1232 2498 LAldas,
1255 2458 1296 2489 ad
1314 2467 1358 2489 xx,
1373 2458 1469 2497 (mss,
1488 2455 1576 2487 mei'
1594 2459 1631 2487 et

145 2517 221 2537 cum
242 2516 261 2538 a
278 2517 386 2548 super
403 2518 423 2538 x
442 2518 476 2539 a.
619 2509 656 2542 11
678 2509 891 2542 deminuet-at
910 2509 964 2552 (a)
979 2511 1009 2550 b,
1032 2509 1236 2542 diminuerat
1253 2519 1289 2540 u.
1431 2508 1471 2540 13
1484 2507 1627 2539 mutatio

146 2558 177 2588 b.
319 2558 381 2588 hac
401 2568 434 2589 α.
576 2561 811 2591 necessarium
824 2571 859 2592 a.
1002 2562 1043 2594 14
1061 2560 1296 2591 habundarent
1311 2569 1346 2590 a.
1489 2559 1529 2591 15
1543 2558 1629 2590 Cae·

143 2609 232 2640 saris
250 2608 448 2640 ciuitatibus
467 2619 501 2642 α.
661 2612 701 2643 16
721 2612 807 2653 quod
828 2612 1042 2653 Stephanus,
1064 2622 1128 2653 quo
1149 2611 1248 2643 codd.
1270 2611 1309 2642 P.
1331 2611 1384 2651 58,
1405 2611 1468 2642 vbi
1485 2621 1554 2642 non
1572 2619 1627 2641 re-

145 2665 197 2692 cte
215 2672 236 2692 a
254 2672 308 2692 me
325 2662 415 2692 lzmze
435 2662 548 2692 laeam
569 2666 765 2693 corr-ectum
786 2663 878 2697 disci.
1023 2665 1066 2697 20
1085 2664 1191 2694 multa
1213 2673 1345 2694 rumore
1365 2662 1627 2703 adfingebantur

144 2723 207 2754 ego
227 2712 349 2753 (multa
368 2722 481 2743 rumor
499 2713 678 2752 attingebat
695 2713 937 2755 Stephanus),-
965 2714 1146 2746 multarum
1165 2724 1299 2745 rumore
1320 2718 1395 2744 orat
1413 2713 1588 2755 fingebant
1603 2724 1625 2745 α

145 2766 190 2803 et,
212 2765 277 2804 qui
292 2762 453 2803 fingebat,
475 2763 506 2802 b,
529 2764 584 2794 ‘m.
607 2774 758 2798 rumores
778 2765 950 2805 fingebant
968 2765 1009 2804 c',·
1029 2765 1134 2797 multa
1154 2775 1269 2796 rumor
1286 2764 1480 2805 fingebatu.

143 2814 180 2847 21
204 2824 288 2855 pene
307 2824 342 2845 α.
482 2814 526 2847 22
543 2823 752 2856 magnaeque
771 2825 792 2846 a
807 2816 836 2855 b,
858 2825 999 2856 magnae
1018 2826 1052 2848 u.
1193 2816 1236 2850 24
1255 2815 1323 2847 tale
1345 2815 1376 2847 b.
1523 2815 1566 2850 29
1585 2824 1624 2847 ac

142 2864 248 2906 prima
266 2874 342 2906 ego,
364 2873 403 2896 ac
422 2864 560 2906 primum
580 2865 718 2905 abed,-
738 2865 879 2908 primum
899 2876 937 2898 ac
957 2877 991 2898 u.

1669 902 1710 935 10

1665 1578 1710 1614 20
