1835 3240
699 194 1098 235 —53-..—

162 318 377 365 ‘praestare
400 307 596 347 deheanff.
641 304 789 348 Verum
822 307 952 347 uerbis
977 311 1205 360 ‘praestare
1228 307 1386 346 debeat²
1419 323 1495 349 nou
1518 311 1640 364 sigui-

158 381 311 424 fleatur,
347 384 390 416 ut
413 373 658 416 Schneidero
683 375 809 415 uisum
833 382 918 424 est,
957 378 967 397 ‘
984 388 1026 414 es
1048 376 1179 414 miisse
1201 373 1274 413 den
1298 387 1452 427 uorzug
1474 377 1638 425 haben',

157 447 224 487 sed
259 449 324 485 ‘es
347 446 480 483 miisse
501 444 640 483 besser
667 443 790 483 sein’:
826 442 1019 482 sententia
1052 448 1180 481 autem
1203 442 1393 494 requirit,
1424 449 1466 481 ut
1489 443 1640 483 dicatur

159 513 282 566 ‘quod
313 512 361 551 iis
392 511 514 551 uideri
546 511 685 551 debeat
715 511 938 563 praestare'
972 509 1034 549 uel
1059 510 1186 562 ‘quod
1208 511 1411 563 praeferre
1434 509 1636 549 debeant'.

156 579 314 620 Faerno
346 579 595 618 scribendum
627 578 834 618 uidebatur
866 578 990 633 ‘quod
1021 584 1223 630 praestare
1246 576 1414 626 dicant’,
1439 576 1640 618 Whittius

155 648 383 702 Lippertum
408 654 446 686 et
461 645 702 700 Maduigium
726 652 888 686 secutus
914 644 1043 698 ‘quod'
1065 652 1154 698 post
1178 645 1412 684 ‘conferant'
1437 652 1476 684 et
1492 652 1641 684 utrum-

155 730 229 770 que
264 715 477 755 ‘debeant'
510 714 676 763 deleuit,
710 727 807 766 quae
840 713 969 752 onmia
999 713 1155 765 longius
1187 726 1210 752 a
1241 712 1417 752 codicum
1447 713 1641 765 scriptura

155 784 373 823 discedunt.
434 781 537 822 Nam
571 780 890 835 Oudendorpiuni
924 781 1009 833 quis
1038 780 1194 830 audiat,
1227 780 1289 833 qui
1312 781 1353 820 in
1377 780 1548 820 editione
1571 781 1641 819 mi-

156 865 251 891 nore
272 857 427 890 retenta
459 850 635 890 codicum
668 851 864 902 scriptura
899 854 973 888 ‘ne
1006 849 1242 887 frumentum
1276 849 1506 895 conserant,
1541 849 1641 901 quod

155 926 357 973 praestare
380 918 559 957 debeant*
584 927 668 971 post
693 917 898 971 ‘perferre‘
923 931 975 957 ex
997 915 1146 955 duobus
1169 916 1351 968 pessimis
1375 916 1486 955 codd.
1505 947 1515 965 ,
1541 914 1641 955 Car-

153 987 321 1027 rariensi
344 993 383 1026 et
404 985 650 1035 Dukeriano,
675 986 818 1025 adiecit
841 985 981 1024 ‘satius
1004 985 1137 1025 esse'?
1168 983 1315 1025 Veram
1339 984 1530 1023 rationem
1554 983 1643 1023 iniit

151 1054 371 1103 Daehnius,
397 1054 457 1106 qui
484 1054 579 1093 haec
602 1054 652 1093 ita
675 1054 881 1093 scribenda
907 1066 995 1093 esse
1013 1053 1183 1093 monuit:
1214 1052 1300 1092 ‘hos
1320 1051 1505 1092 seditiosa
1524 1058 1641 1103 atque

152 1122 327 1176 improba
357 1122 538 1161 oratioue
572 1121 862 1161 multitudinem
894 1121 1123 1170 deterrere,
1159 1134 1207 1159 ne
1240 1120 1476 1159 frumentum
1509 1121 1641 1159 eonfe-

150 1198 256 1237 rant,
282 1191 379 1243 quod
404 1196 607 1243 praestare
631 1189 822 1228 debeant:
849 1189 880 1228 si
903 1188 978 1228 iam
1001 1188 1261 1241 principatum
1286 1185 1440 1227 Galliae
1463 1187 1641 1227 obtinere

152 1273 229 1299 non
251 1258 418 1311 possint,
444 1256 648 1297 Gallorum
665 1272 777 1309 quam
788 1256 1059 1296 Romanorum
1082 1255 1244 1309 imperia
1269 1257 1486 1309 praeferre,
1513 1268 1639 1307 neque

152 1327 346 1375 dubitare,
371 1325 477 1378 quiu⁷
501 1331 596 1364 cett.
643 1330 652 1347 ⁶
669 1323 893 1374 Debeanff,
919 1324 1021 1377 quod
1042 1324 1082 1363 in
1105 1323 1216 1363 codd.
1244 1330 1332 1376 post.
1356 1322 1563 1362 ‘dubitare'
1587 1323 1641 1362 le-

153 1394 284 1446 gitur,
310 1406 421 1444 quam
446 1392 550 1432 facili
573 1406 709 1431 errore
731 1392 852 1445 repeti
876 1392 1071 1444 potuerit,
1102 1398 1288 1444 apparet:
1317 1391 1550 1444 ‘praeferre'
1573 1404 1641 1429 au-

153 1468 229 1500 tem
255 1467 292 1499 et
313 1460 416 1499 nulla
441 1460 523 1498 fere
545 1459 762 1498 mutatione
784 1459 950 1498 efficitur
972 1465 1011 1498 et
1031 1458 1178 1510 legitur
1193 1459 1232 1497 in
1255 1458 1504 1511 interpolatis
1525 1458 1638 1497 codd.

153 1526 206 1568 Se
229 1541 325 1567 uero
350 1528 551 1579 praeferre
573 1540 698 1579 neque
722 1526 901 1566 dubitare
924 1525 1105 1565 dicebant
1125 1524 1197 1574 illi,
1223 1525 1286 1577 qui
1303 1524 1489 1565 Haeduos
1507 1539 1528 1564 a
1547 1540 1641 1565 con-

153 1594 311 1633 serendo
344 1595 538 1632 frumento
568 1594 859 1642 deterrebant,
904 1607 990 1632 emn
1031 1606 1139 1631 suam
1178 1592 1413 1633 senteutiam
1446 1599 1640 1645 tamquam

151 1661 328 1700 omuibus
358 1660 592 1713 sequendam
633 1666 846 1712 ponerent,
889 1659 1004 1712 plane
1032 1665 1075 1698 ut
1106 1658 1419 1711 Vercingetorix
1450 1658 1550 1709 VII,
1587 1659 1641 1700 14

151 1736 257 1769 extr.
293 1728 416 1767 ‘haec
449 1727 483 1765 si
514 1726 649 1779 grauia
679 1733 745 1766 aut
777 1726 920 1766 acerba
950 1725 1185 1774 uideantur,
1226 1726 1347 1766 multa
1378 1727 1445 1766 illa
1474 1728 1638 1781 grauius

150 1796 386 1845 aestimare,
411 1795 557 1834 liberos
573 1825 584 1844 ,
610 1795 797 1847 coniuges
820 1795 860 1834 in
892 1794 1122 1834 seruitutem
1154 1793 1353 1844 abstrahi,
1387 1795 1494 1848 ipsos
1515 1797 1638 1835 inter-

150 1864 211 1904 fici
227 1895 237 1910 ‚
269 1876 369 1916 quae
391 1862 442 1902 sit
462 1876 628 1902 neeesse
651 1863 829 1902 accidere
852 1862 996 1902 uictis'.
1060 1860 1120 1902 Ita
1143 1861 1243 1901 enim
1268 1875 1313 1902 ea
1335 1862 1457 1902 uerba
1476 1863 1517 1902 in
1539 1863 1638 1903 inte-

148 1932 229 1985 gris
253 1931 365 1970 eodd.
390 1931 589 1983 leguntur.
636 1929 748 1982 Quod
773 1937 901 1969 autem
924 1929 1104 1971 Whiuio
1127 1929 1248 1969 uerba
1280 1931 1404 1982 ‘quod
1438 1938 1639 1983 praestare

150 1999 338 2039 debeant*
362 1998 561 2038 abundare
584 1998 667 2038 uisa
692 2005 799 2047 sunt,
826 2012 904 2037 non
928 2004 989 2037 est
1011 2011 1058 2037 ea
1081 2010 1145 2037 res
1167 2011 1187 2035 a
1212 1994 1388 2038 Caesare
1411 1999 1554 2038 aliena.

264 2064 313 2107 C.
347 2066 427 2116 24,
461 2066 488 2106 2
520 2067 561 2105 in
591 2066 758 2119 integris
791 2066 926 2114 codd„
958 2065 1187 2118 quibuscum
1210 2064 1410 2106 Whiuius
1432 2065 1638 2106 Ilauuien-

147 2149 228 2176 sem
251 2149 310 2188 pr.
337 2133 565 2174 consentire
587 2135 724 2182 refert,
750 2133 801 2174 ita
826 2134 1014 2187 scriptum
1038 2140 1121 2173 est:
1156 2139 1165 2157 ‘
1181 2130 1272 2186 Ipse
1294 2133 1451 2173 interim
1474 2134 1513 2174 in
1538 2134 1637 2173 colle

146 2203 274 2243 medio
306 2201 498 2255 triplicem
530 2202 652 2242 aciem
685 2201 875 2241 instruxit
907 2200 1106 2253 legionum
1130 2207 1316 2253 quattuor
1337 2209 1634 2250 ueteranorum,

146 2271 225 2321 ita,
256 2271 311 2310 uti
345 2284 489 2323 supra,
525 2271 590 2310 sed
621 2270 661 2309 in
693 2284 844 2309 summo
866 2269 959 2322 iugo
982 2269 1076 2309 duas
1098 2269 1301 2323 legiones,
1328 2283 1422 2322 quas
1444 2270 1484 2309 in
1508 2267 1637 2309 Gallia

148 2338 333 2378 citeriore
356 2338 535 2389 proxime
558 2338 871 2391 conscripserat,
895 2336 1081 2377 collocari
1104 2350 1150 2376 ac
1175 2343 1294 2376 totum
1319 2344 1490 2377 montem
1513 2337 1637 2376 homi-

147 2405 260 2445 nibus
282 2406 469 2457 compleri
502 2412 541 2446 et
563 2420 650 2445 eum
675 2406 720 2445 ab
743 2406 817 2456 iis,
853 2405 915 2457 qui
948 2404 987 2443 in
1019 2404 1225 2457 superiore
1247 2405 1332 2445 acie
1355 2405 1632 2453 constiterant,

145 2473 290 2512 muniri
311 2473 465 2512 iussit’.
529 2472 639 2513 Haec
668 2473 847 2513 seruauit
878 2470 1146 2512 Schneiderus
1177 2478 1292 2524 atque
1321 2473 1377 2512 ita
1409 2480 1559 2522 tuetur,
1595 2479 1638 2511 ut

146 2540 277 2580 uerbis
303 2541 396 2589 ίἰῐει,
423 2541 476 2580 uti
499 2541 641 2593 supra'
663 2541 809 2593 respici
832 2541 933 2580 dicat
955 2541 1000 2581 ad
1025 2554 1086 2589 ea,
1112 2554 1210 2593 quae
1233 2541 1419 2593 leguntur
1440 2554 1474 2579 e.
1499 2541 1554 2581 22
1569 2572 1578 2589 ,
1611 2539 1634 2578 2

148 2604 319 2647 ‘Caesar
340 2622 431 2648 suas
455 2608 587 2662 copias
609 2608 648 2648 in
673 2609 894 2662 proximum
918 2609 1056 2648 collem
1080 2608 1277 2657 subducit,
1303 2608 1425 2648 aciem
1443 2608 1631 2647 instruit':

149 2674 314 2727 ‘supra'
336 2682 464 2716 autem
489 2677 633 2717 factum
656 2684 765 2717 recte
788 2676 888 2726 dici,
915 2676 1016 2728 quod
1041 2676 1206 2716 ‘antea'
1230 2675 1464 2726 accidisset,
1499 2675 1634 2715 eodem

147 2741 260 2780 modo
275 2772 285 2790 ,
319 2749 435 2795 atque
457 2758 543 2784 cum
565 2759 684 2798 supra
705 2745 851 2800 aliquid
874 2745 1186 2784 demonstratum
1210 2757 1300 2783 esse
1324 2744 1490 2783 dicatur.
1556 2740 1634 2781 Sed

148 2823 234 2847 cum
266 2823 379 2862 supra
408 2810 552 2864 aliquid
582 2813 890 2852 demonstratum
915 2812 1080 2861 dicitur,
1113 2813 1362 2864 perspicuum
1396 2818 1456 2851 est
1486 2810 1522 2848 id
1556 2822 1633 2847 non

147 2883 323 2931 tempore
345 2878 547 2931 superiore
562 2910 572 2930 ,
597 2881 666 2921 sed
687 2881 774 2921 loco
796 2881 1106 2921 demonstratum
1130 2878 1226 2929 dici,
1251 2878 1316 2931 qui
1337 2880 1377 2918 in
1399 2878 1498 2918 libro
1521 2889 1633 2929 supem
