1835 3240
86 912 126 944 10

88 1252 125 1283 15

88 2270 128 2301 :50

697 181 883 226 CAPVT
903 180 1103 223 85-87.
1634 178 1715 221 711

161 299 285 353 pionis
308 297 469 347 milites,
503 310 589 336 cum
622 296 734 336 fidem
759 294 947 337 Caesaris
977 294 1242 348 inplorarent,
1278 292 1522 345 inspectante
1556 294 1640 347 ipso

163 364 338 407 Caesare
361 371 400 404 et
421 378 440 404 a
464 364 650 404 militibus
668 364 914 417 deprecante,
938 363 994 403 eis
1017 363 1073 402 uti
1096 367 1319 415 parcerent,
1344 360 1391 398 ad
1414 374 1530 399 unum
1553 367 1645 400 sunt

161 434 373 475 interfecti.
420 430 573 473 Caesar
596 431 708 471 trinis
732 430 872 470 castris
896 430 1041 483 potitus
1064 428 1284 480 occisisque
1306 426 1475 466 hostium
1499 434 1524 465 L
1546 427 1644 467 mili-
1658 427 1717 471 86

161 502 234 541 bus
260 500 479 554 fugatisque
502 498 753 552 conpluribus
785 511 828 537 se
859 497 1007 551 recepit
1038 504 1064 536 L
1085 495 1273 536 militibus
1296 493 1476 540 amissis,
1512 494 1645 546 paucis

163 568 308 608 sauciis
339 568 379 607 iu
403 574 534 607 castra
565 573 603 606 ct
624 566 756 605 statim
780 578 832 604 cx
853 564 995 603 itinere
1018 571 1108 603 ante
1131 563 1308 617 oppidum
1330 559 1530 614 Thapsum
1554 574 1647 599 con-

158 636 259 676 stitit
281 635 585 688 elephantosque
607 640 669 672 LX
690 639 851 672 ornatos
874 638 1122 683 armatosque
1145 645 1230 670 cum
1246 628 1422 670 turribus
1437 641 1647 667 ornamen-
1668 628 1695 666 2

160 704 286 756 tisque
310 701 450 756 [capit]
474 707 608 753 captos
628 706 718 739 ante
732 699 910 753 oppidum
924 698 1141 739 instructos
1157 696 1375 744 constituit,
1400 695 1439 736 id
1461 695 1533 735 hoc
1556 709 1648 735 con-

159 770 263 819 silio,
289 770 323 809 si
344 776 478 822 posset
490 767 689 821 Vergilius
706 767 848 820 quique
862 780 947 806 cum
971 779 1017 805 eo
1031 765 1313 805 obsidebantur
1327 763 1384 804 rei
1398 763 1498 803 male
1512 769 1648 816 gestae

160 851 317 877 suorum
339 836 482 876 indicio
505 850 526 876 a
548 835 767 889 pertinacia
798 835 949 875 deduci.
994 833 1148 874 Deinde
1169 833 1252 886 ipse
1274 831 1496 884 Vergilium
1519 830 1648 884 appel·
1671 829 1696 869 3

160 905 255 945 lauit
277 904 536 956 inuitauitque
559 903 603 943 ad
629 902 864 943 deditionem
888 915 1075 955 suamque
1097 901 1299 941 lenitatem
1330 906 1369 939 ct
1399 898 1648 939 clementiam

159 972 495 1012 commemorauit.
540 968 667 1021 Quem
690 978 894 1023 postquam
918 968 1195 1009 animaduertit
1216 981 1448 1020 responsum
1471 966 1545 1006 sibi
1570 980 1649 1005 uon

159 1040 268 1089 dare,
294 1040 340 1078 ab
364 1039 502 1092 oppido
526 1038 722 1078 discessit.
757 1035 925 1077 Postero
948 1037 1009 1077 die
1032 1036 1165 1076 diuina
1189 1048 1231 1074 re
1256 1036 1357 1074 facta
1374 1034 1560 1074 contione
1581 1033 1647 1074 ad·
1669 1032 1697 1073 4

160 1113 299 1146 uocata
321 1107 361 1146 in
385 1112 598 1159 conspectu
621 1106 901 1159 oppidanorum
924 1105 1069 1145 milites
1092 1102 1290 1144 collaudat
1311 1108 1512 1153 totumque
1531 1114 1650 1141 exer-

160 1176 277 1215 citum
301 1181 532 1214 ueteranum
557 1173 745 1223 donauit,
779 1173 952 1227 praemia
977 1172 1192 1212 fortissimo
1215 1171 1357 1223 cuique
1379 1184 1424 1209 ac
1445 1168 1547 1208 bene
1569 1182 1650 1208 me-

157 1243 261 1284 renti
283 1256 354 1296 pro
376 1249 566 1295 suggestu
588 1241 724 1281 tribuit
746 1255 791 1281 ac
813 1241 944 1281 statim
973 1240 1063 1280 inde
1086 1240 1289 1293 digressus
1312 1236 1454 1277 Rebilo
1477 1250 1644 1290 procon-
1670 1235 1695 1276 5

157 1311 240 1351 sule
272 1324 358 1350 cum
388 1317 433 1349 llI
465 1309 511 1349 ad
533 1308 731 1363 Thapsum
766 1308 985 1363 legionibus
1019 1315 1059 1348 et
1081 1305 1158 1348 Cn.
1184 1305 1360 1346 Domitio
1391 1319 1476 1345 cum
1500 1304 1649 1345 duabus

157 1378 367 1427 Thisdrae,
392 1377 456 1417 ubi
480 1375 693 1417 Considius
717 1383 913 1431 praeerat,
939 1376 987 1416 ad
1008 1375 1260 1415 obsidendum
1282 1373 1433 1414 relictis
1455 1371 1516 1412 M.
1541 1371 1650 1412 Mes-

161 1447 243 1487 sala
264 1446 421 1488 Vticam
446 1452 536 1485 ante
560 1446 776 1499 praemisso
808 1459 892 1485 cum
924 1444 1098 1497 equitatu
1129 1444 1213 1497 ipse
1247 1442 1382 1482 eodem
1414 1441 1489 1481 iter
1519 1441 1650 1481 facere

161 1514 374 1555 contendit.

273 1581 437 1635 Equites
459 1582 618 1623 interim
642 1579 859 1635 Scipionis,
894 1582 959 1635 qui
982 1594 1034 1621 ex
1056 1579 1204 1634 proelio
1226 1580 1428 1632 fugerant,
1454 1591 1538 1617 cum
1563 1576 1651 1619 Vti-
1668 1576 1725 1621 87

161 1665 244 1691 cam
277 1664 416 1691 uersus
448 1651 525 1690 iter
554 1651 753 1699 facerent,
789 1650 1023 1703 perueniunt
1046 1648 1092 1689 ad
1117 1647 1296 1702 oppidum
1320 1645 1527 1686 Paradam.
1572 1644 1651 1687 Vbi

159 1732 245 1758 cum
268 1718 314 1757 ab
337 1718 475 1758 incolis
500 1732 577 1758 non
600 1718 898 1771 reciperentur,
931 1717 1018 1757 ideo
1042 1716 1142 1769 quod
1166 1717 1266 1755 fama
1289 1715 1335 1754 dc
1357 1714 1525 1754 uictoria
1547 1711 1651 1753 Cae-

162 1786 264 1826 saris
289 1786 644 1841 praecucurrisset,
669 1786 709 1826 ui
731 1786 870 1840 oppido
893 1784 1004 1839 potiti
1025 1784 1065 1824 in
1088 1784 1215 1824 medio
1239 1783 1324 1822 soro
1347 1782 1463 1835 liguis
1487 1794 1650 1822 coacer-

161 1854 263 1894 uatis
286 1854 542 1907 omnibusque
564 1854 682 1894 rebus
705 1867 841 1894 eorum
858 1853 1056 1907 congestis
1075 1853 1205 1906 ignem
1221 1850 1419 1891 subiciunt
1436 1856 1551 1902 atque
1568 1848 1652 1889 eius

114 1930 127 1937 ⁹
161 1922 289 1975 oppidi
311 1922 461 1963 incolas
484 1923 671 1976 cuiusque
694 1922 852 1975 generis
876 1921 1094 1973 aetatisque
1124 1919 1238 1959 uiuos
1268 1918 1583 1970 constrictosque
1612 1917 1652 1956 in

162 1990 353 2029 [lammam
376 1991 575 2030 coniciunt
598 1997 713 2042 atque
730 1990 784 2030 ita
801 1988 1056 2029 acerbissimo
1070 1986 1485 2040 adficiuntsupplici03
1512 1984 1652 2025 deinde

160 2058 338 2112 protinus
362 2057 519 2099 Vticam
541 2058 794 2112 perueniunt.
830 2054 1043 2110 Superiore
1066 2063 1244 2108 tempore
1264 2054 1324 2094 M.
1347 2051 1464 2103 Cato,
1490 2053 1590 2106 quod
1611 2052 1652 2092 iu

163 2125 417 2166 Vticensibus
450 2134 610 2180 propter
640 2125 872 2166 heneficium
911 2124 1008 2178 legis
1040 2121 1164 2164 Iuliae
1196 2137 1331 2176 parum
1363 2122 1444 2162 suis
1477 2120 1651 2175 partibus

162 2194 346 2248 praesidii
377 2208 464 2235 csse
488 2195 814 2241 existimauerat,
850 2192 999 2247 plebem
1029 2192 1218 2232 inermem
1251 2190 1389 2244 oppido
1412 2189 1584 2229 eiecerat
1613 2195 1651 2229 et

162 2269 252 2302 ante
284 2269 436 2316 portam
468 2263 645 2303 bellicam
679 2262 822 2302 castris
847 2263 1030 2313 fossaque
1052 2259 1216 2314 paruula
1239 2259 1433 2299 duntaxat
1455 2257 1653 2297 munierat

160 2330 289 2384 ibique
311 2330 501 2371 custodiis
525 2330 776 2372 circumdatis
799 2328 976 2370 habitare
999 2332 1208 2381 coegerat,
1233 2333 1413 2368 senatum
1433 2333 1565 2367 autem
1583 2339 1650 2379 op-

1672 2051 1700 2092 10

305 2423 319 2455 1
342 2423 554 2465 inplorarent
573 2434 607 2455 a.
754 2423 772 2454 3
793 2433 809 2453 L
828 2432 904 2463 ego,
925 2432 947 2452 x
966 2420 1064 2453 codd.
1085 2420 1124 2452 P.
1145 2420 1224 2454 226.
1367 2418 1506 2450 milibus
1523 2428 1592 2449 om.
1614 2427 1648 2448 a.

303 2475 323 2505 4
341 2474 562 2516 conpluribus
582 2485 615 2506 α.
840 2474 858 2505 5
878 2478 912 2504 et
930 2472 1046 2504 statim
1066 2481 1144 2513 ego,
1164 2470 1302 2503 estatim
1321 2480 1341 2501 a
1362 2470 1402 2509 b‚·
1423 2480 1462 2501 ac
1480 2469 1595 2502 statim
1615 2479 1649 2500 ll.

304 2525 476 2559 Thabsum
496 2539 529 2559 α.
685 2528 702 2559 ὓ
723 2537 763 2558 Lx
783 2536 859 2567 ego,
881 2535 958 2557 inv
976 2524 1077 2556 codd.
1098 2525 1138 2556 Ρ.
1157 2524 1236 2556 226.
1388 2523 1407 2555 7
1425 2524 1518 2565 capit
1535 2522 1651 2554 delen-

162 2576 244 2608 dum
264 2577 357 2610 uidit
375 2579 630 2621 Glandorpius.
785 2582 804 2611 ὅ
823 2581 859 2610 et
877 2578 895 2610 9
914 2575 1045 2618 Vergil.
1066 2587 1098 2616 a,
1121 2574 1242 2616 Vir-gil.
1264 2586 1298 2607 u.
1455 2575 1595 2617 ssipsum
1617 2573 1647 2604 b.

306 2630 582 2674 10incitauitque
604 2632 634 2663 b.
778 2640 871 2662 suani
893 2630 921 2661 b.
1068 2628 1109 2661 12
1122 2628 1285 2660 discessit
1302 2638 1322 2658 α
1338 2627 1355 2658 b
1374 2628 1395 2659 4
1413 2626 1515 2665 dett„
1537 2635 1652 2656 reces-

163 2680 207 2710 sit
221 2679 333 2711 Aldus
353 2691 387 2711 ιι.
529 2682 690 2714 concione
704 2682 768 2723 (a).
915 2680 951 2712 ltj
966 2679 1138 2711 Thabsum
1151 2690 1184 2711 α.
1328 2677 1517 2718 legionibus
1531 2686 1599 2706 om.
1614 2685 1648 2715 a,

163 2730 358 2762 cohortibus
380 2731 409 2762 b.
553 2733 593 2765 17
606 2732 777 2765 Thisdrae
796 2743 828 2773 υ,
844 2732 990 2764 Tisdrac
1011 2741 1045 2763 u.
1184 2728 1334 2762 Messala
1355 2729 1418 2769 (a),
1436 2726 1600 2759 Messalla
1614 2736 1645 2758 ιι.

306 2783 345 2815 21
362 2782 513 2815 Paradae
533 2785 632 2816 codd.
647 2786 685 2817 1².
702 2786 756 2818 15.
897 2784 938 2818 26
950 2784 1101 2816 coiciunt
1114 2793 1148 2815 ιι.
1290 2781 1454 2812 adficiunt
1469 2790 1502 2812 a.

164 2832 203 2865 27
224 2834 255 2864 in
272 2837 355 2875 post
372 2835 458 2876 quod
474 2837 599 2876 posuit
614 2835 789 2876 Fam-uus,
807 2839 890 2877 post
909 2845 1024 2877 parum
1043 2833 1115 2874 (28)
1132 2836 1273 2875 ponunt
1289 2831 1390 2863 codd.
1536 2830 1577 2862 30
1597 2840 1649 2862 ca-

167 2885 247 2916 stris
268 2896 333 2916 om.
359 2885 391 2917 d.
537 2886 706 2928 fossisque
725 2898 745 2918 α
766 2888 783 2918 I1
803 2898 833 2927 c,
856 2886 944 2918 fossa
965 2886 998 2917 d.
1141 2885 1334 2916 muniuerat
1354 2892 1387 2913 a.
