1835 3240
112 575 130 607 5

88 915 127 947 10

85 1254 122 1286 15

78 1592 121 1626 20

552 177 737 222 COMM.
763 177 842 222 VII
864 176 988 221 CAP.
1011 176 1065 219 43
1080 176 1214 218 -45.
1635 180 1715 223 431

166 300 327 338 facultas
358 294 457 335 bene
488 294 544 334 rei
578 294 789 347 gerendae.
843 292 948 334 Nam
981 306 1068 333 cum
1101 291 1140 331 in
1172 290 1324 331 minora
1359 297 1487 332 castra
1512 295 1642 346 operis

162 362 421 419 perspiciendi
444 376 559 402 causa
584 363 787 412 uenisset,
819 360 1098 402 animaduertit
1119 359 1256 399 collem
1274 389 1284 408 ‚
1308 357 1371 411 qui
1393 359 1440 399 ab
1464 359 1642 402 hostibus

162 430 391 479 tenebatur,
425 430 609 470 nudatum
633 430 853 470 hominibus
870 460 880 478 ,
912 429 975 482 qui
1007 426 1278 482 superioribus
1301 426 1436 467 diebus
1458 428 1527 467 uix
1550 442 1644 481 prae

159 499 406 539 multitudine
431 499 537 539 cerni
560 504 729 552 poterat.
762 497 991 537 Admiratus
1015 497 1169 550 quaerit
1189 509 1242 536 ex
1262 495 1437 549 perfugis
1461 508 1642 546 causam3
1666 497 1693 537 2

162 581 324 620 quorum
357 580 522 620 magnus
552 566 600 606 ad
631 579 716 605 eum
748 565 890 605 cotidie
921 578 1109 605 numerus
1143 563 1380 604 confluebat.
1426 560 1647 603 Constabat
1668 564 1692 604 3

158 635 263 675 inter
285 648 420 674 omnes
437 665 447 684 ,
487 634 586 688 quod
618 634 692 673 iam
714 633 797 686 ipse
821 629 976 672 Caesar
996 646 1067 686 per
1088 632 1361 685 exploratores
1383 638 1642 685 cognouerat,

159 703 316 742 dorsum
340 716 427 742 csse
450 702 533 742 eius
556 701 634 755 iugi
658 714 778 754 prope
800 714 964 753 aequum
981 731 991 750 ,
1025 700 1094 740 sed
1126 700 1230 739 hunc
1262 699 1485 739 siluestrem
1516 706 1556 739 et
1577 713 1645 739 an-

159 778 340 824 gustum,
375 783 449 823 qua
478 776 585 809 esset
616 769 744 808 aditus
767 769 814 808 ad
836 769 999 808 alteram
1022 775 1173 821 partem
1197 767 1350 821 oppidi3
1386 767 1645 807 uehementer
1667 767 1692 807 4

162 838 252 878 huic
273 839 360 879 illos
383 837 470 878 loco
493 838 631 877 timere
654 850 726 876 nec
748 837 823 877 iam
847 837 966 877 aliter
986 836 1137 876 sentire
1161 849 1237 875 uno
1260 836 1359 875 colle
1382 834 1429 875 ab
1451 834 1643 875 Romanis

160 914 375 961 occupato,
406 906 438 946 si
471 906 637 946 alterum
661 905 914 954 amisissent,
950 904 1042 957 quin
1074 918 1199 958 paene
1221 903 1506 944 circumuallati
1529 911 1644 957 atque

159 976 263 1015 omni
287 974 397 1015 exitu
420 981 459 1014 et
481 973 728 1028 pabulatione
751 972 956 1013 interclusi
980 973 1235 1013 uiderentur:
1272 973 1318 1012 ad
1342 971 1443 1012 hunc
1465 972 1644 1012 munien-
1666 970 1690 1011 5

157 1043 242 1083 dum
268 1056 404 1082 omnes
436 1056 458 1082 a
480 1040 817 1095 Vercingetorige
849 1047 1052 1081 euocatos.
1106 1039 1193 1081 Hac
1223 1054 1267 1080 re
1300 1040 1459 1093 cognita
1492 1037 1644 1080 Caesar
1665 1040 1721 1084 45

156 1111 276 1151 mittit
297 1111 502 1164 conplures
526 1109 698 1162 equitum
721 1115 896 1159 tnrmas3
931 1109 988 1149 eis
1021 1109 1067 1149 de
1091 1109 1217 1149 media
1240 1115 1356 1148 nocte
1378 1107 1571 1161 imperat,
1605 1114 1647 1147 ut

155 1179 269 1233 paulo
292 1178 571 1218 tumultuosius
585 1176 764 1217 omnibus
786 1177 883 1218 locis
906 1184 1165 1231 uagarentur.
1199 1175 1333 1217 Prima
1354 1175 1440 1216 luce
1462 1190 1643 1230 magnum
1665 1175 1692 1216 2

156 1261 358 1286 numerum
380 1246 746 1300 impedimentorum
770 1259 820 1285 ex
844 1246 987 1285 castris
1020 1247 1291 1298 mulorumque
1323 1244 1485 1298 produci
1520 1244 1643 1297 deque

156 1314 216 1354 his
240 1321 456 1354 stramenta
487 1314 638 1354 detrahi
670 1313 940 1367 mulionesque
970 1328 1055 1354 cum
1078 1313 1296 1354 cassidibus
1319 1312 1491 1366 equitum
1514 1312 1644 1367 specie

155 1396 200 1422 ac
224 1382 473 1423 simulatione
496 1382 659 1422 collibus
682 1381 922 1422 circumuehi
944 1382 1065 1422 iubet.
1097 1381 1170 1422 His
1185 1395 1330 1435 paucos
1343 1381 1449 1421 addit
1471 1381 1638 1434 equites,
1665 1380 1689 1421 3

155 1450 217 1503 qui
241 1450 356 1490 latius
380 1450 656 1491 ostentationis
679 1464 798 1490 causa
819 1457 1080 1503 uagarentur.
1126 1448 1271 1504 Longo
1295 1448 1462 1489 circuitu
1484 1449 1643 1489 easdem

155 1532 290 1558 omnes
313 1518 422 1558 iubet
443 1524 576 1571 petere
598 1518 799 1572 regiones.
857 1517 969 1558 Haec
991 1517 1125 1572 procul
1148 1531 1200 1557 ex
1223 1517 1362 1571 oppido
1385 1517 1637 1567 uidebantur,
1664 1517 1690 1557 4

153 1593 195 1625 ut
217 1593 302 1626 erat
323 1600 346 1625 a
369 1584 570 1640 Gergouia
603 1586 808 1639 despectus
831 1586 870 1626 in
894 1593 1022 1626 castra
1039 1617 1049 1636 ‚
1083 1599 1212 1638 neque
1234 1592 1344 1626 tanto
1367 1584 1494 1639 spatio
1511 1614 1522 1633 ,
1556 1599 1642 1625 cer—

154 1653 183 1693 ti
206 1653 296 1707 quid
319 1660 438 1704 esset,
464 1654 664 1708 explorari
687 1662 856 1709 poterat.
898 1653 1118 1707 Legionem
1143 1667 1258 1693 unam
1282 1653 1419 1693 eodem
1440 1653 1531 1707 iugo
1554 1653 1642 1693 mit·
1663 1652 1689 1694 5

156 1722 203 1763 tit
226 1729 266 1762 et
287 1722 442 1775 paulum
464 1736 714 1775 progressam
737 1722 928 1763 inferiore
952 1721 1156 1762 constituit
1184 1721 1271 1761 loco
1303 1721 1490 1774 siluisque
1513 1722 1643 1762 occul-

153 1797 224 1830 tat.
267 1789 450 1844 Augetur
463 1788 589 1830 Gallis
612 1790 799 1844 suspicio,
825 1791 951 1843 adque
973 1804 1110 1830 omnes
1132 1789 1200 1830 illo
1222 1789 1482 1829 munitionum
1506 1789 1642 1844 copiae
1663 1787 1689 1830 6

153 1858 426 1899 traducuntur.
482 1857 622 1901 Vacua
645 1866 777 1900 castra
800 1859 970 1899 hostium
995 1855 1148 1899 Caesar
1169 1857 1421 1912 conspicatus
1444 1857 1559 1898 tectis
1582 1857 1641 1898 in-
1662 1856 1689 1897 7

298 2007 311 2040 l
334 2008 383 2039 rei
401 2008 571 2049 gerendae
590 2008 621 2040 B
639 2010 677 2039 et
691 2007 838 2049 reliqui,
860 2007 1028 2048 gerendae
1047 2008 1097 2039 rei
1118 2008 1135 2039 b
1154 2007 1249 2039 Ami.
1272 2007 1387 2039 Ooeon.
1529 2006 1562 2037 in
1582 2005 1643 2037 mi-

154 2069 235 2091 nora
254 2059 310 2091 Be
331 2061 529 2103 ‘plerz'que'‚
551 2061 683 2093 minora
701 2061 733 2092 in
753 2071 788 2092 u.
992 2059 1010 2092 7
1031 2060 1090 2092 sed
1110 2060 1197 2091 hunc
1218 2060 1417 2091 siluestrem
1436 2057 1509 2089 AB
1523 2058 1593 2090 CD
1608 2058 1641 2097 b,-

153 2113 213 2144 sed
233 2113 429 2146 siluestrem
449 2124 466 2144 c
480 2113 514 2154 d,
536 2113 594 2145 sed
614 2113 776 2145 siluestre
796 2123 861 2145 eu.
1072 2113 1092 2144 8
1111 2117 1241 2154 partem
1262 2111 1397 2154 oppidi3
1418 2110 1643 2142 uehementer

151 2163 227 2196 huic
246 2164 323 2196 illos
343 2165 417 2197 loco
429 2166 459 2197 B
471 2168 507 2197 et
522 2165 674 2207 reliqui:
695 2165 806 2208 oppidi
825 2170 977 2209 partem3
998 2164 1074 2196 huic
1094 2164 1168 2196 loco
1185 2163 1500 2196 uehementerillos
1514 2163 1531 2194 b
1544 2162 1640 2205 d(e).

297 2215 335 2248 10
355 2216 463 2248 altero
482 2227 558 2248 eum
579 2228 599 2248 u
617 2227 725 2260 super
742 2228 758 2248 o
778 2217 821 2248 B.
1009 2216 1227 2248 amississent
1245 2216 1287 2247 B.
1459 2217 1542 2245 ante
1561 2214 1642 2256 quin

151 2266 232 2298 add.
252 2277 316 2298 non
336 2268 487 2300 dubitari
506 2268 599 2301 bde.
767 2268 804 2301 11
825 2267 1042 2300 muniendum
1062 2277 1177 2299 omnes
1196 2267 1226 2299 B
1247 2267 1342 2298 ‘mss.
1358 2263 1550 2308 plerique',
1571 2276 1641 2297 mu-

152 2317 309 2350 niendum
329 2318 440 2351 locum
459 2330 575 2352 omues
595 2329 658 2351 eu.
824 2319 865 2353 12
883 2318 1121 2359 Vercintorige
1141 2319 1183 2350 B.
1337 2327 1377 2349 ac
1397 2327 1433 2348 re
1451 2317 1495 2348 B.

153 2369 193 2401 13
212 2371 392 2413 conplures
410 2372 453 2404 B.
609 2376 740 2404 turmas
761 2372 888 2403 eisdem
908 2372 1020 2403 media
1040 2376 1138 2403 nocte
1157 2371 1303 2413 imperat
1318 2371 1350 2402 B
1370 2369 1552 2411 ‘reliqui':
1572 2374 1642 2400 tur-

152 2429 223 2452 mas
243 2421 360 2454 eodem
378 2423 490 2455 media
510 2428 608 2455 noete
629 2423 670 2455 iis
691 2424 838 2465 imperat
856 2423 880 2454 d
897 2427 951 2463 et,
981 2425 1045 2465 qui
1062 2423 1208 2465 imperat
1226 2422 1282 2463 iis,
1305 2422 1322 2453 b
1342 2424 1394 2461 el,
1416 2423 1481 2462 qm·
1497 2421 1641 2463 imperat

152 2471 218 2510 his,
238 2482 275 2503 e:
294 2477 423 2506 turmas
442 2485 482 2506 eo
501 2475 541 2506 de
561 2475 673 2506 media
693 2479 812 2513 nocte3
835 2475 876 2506 iis
897 2475 1043 2517 imperat
1062 2485 1125 2506 cu.
1321 2473 1363 2505 14
1380 2472 1535 2504 omnibus
1555 2472 1640 2503 locis

153 2523 182 2553 B
195 2533 212 2553 e
231 2523 389 2567 ‘ceter-2¹⁹,
409 2527 563 2559 omnihus
582 2527 614 2558 in
635 2526 721 2559 locis
742 2528 759 2559 b
772 2538 789 2558 c
802 2527 836 2559 d.
1017 2531 1229 2568 uagarentur
1246 2526 1276 2558 B
1298 2525 1452 2565 ‘ceteri'5
1473 2534 1641 2567 peruaga-

152 2578 273 2605 rentur
290 2575 378 2617 cde,
399 2583 631 2619 peruagentur
651 2579 681 2610 b.
887 2578 926 2610 15
945 2578 1179 2619 mulorumque
1198 2577 1336 2619 produci
1357 2586 1463 2618 neque
1481 2576 1534 2608 his
1553 2581 1641 2607 stra-

153 2631 266 2656 menta
283 2636 300 2656 e
318 2629 371 2667 et,
399 2630 463 2669 qui
479 2629 521 2660 iis
541 2629 672 2661 habere
690 2628 883 2668 dicuntur,
906 2629 924 2660 b
939 2628 1011 2668 cd;
1031 2638 1100 2660 om.
1121 2629 1152 2661 B
1174 2627 1370 2669 ‘relz'qui‘:
1400 2628 1510 2669 deque
1528 2627 1640 2658 Daui-

152 2680 236 2715 sz'ns,
258 2689 343 2720 eque
361 2680 535 2722 Scaliger,
557 2685 657 2722 atque
678 2681 902 2713 Ciaeconz'ets.
1047 2681 1086 2712 16
1106 2679 1326 2722 quassidibus
1348 2679 1386 2711 C.
1526 2677 1640 2720 specie

154 2729 415 2761 adsimulatione
433 2732 463 2762 A
483 2732 606 2773 (spetie
624 2742 670 2763 m.
689 2742 746 2773 pr.
768 2732 829 2773 B).
972 2731 1012 2764 18
1032 2731 1151 2773 latius]
1172 2731 1305 2763 cautius
1319 2740 1389 2773 pro
1408 2739 1487 2761 uar.
1508 2729 1590 2760 leot.
1607 2738 1636 2759 c.

297 2785 466 2820 ungentur
482 2782 512 2812 b.
652 2782 696 2815 20
716 2781 888 2823 Gergobia
900 2781 944 2814 B.
1084 2782 1129 2817 22
1145 2781 1282 2824 paulum
1294 2781 1325 2813 B
1337 2793 1353 2812 e
1371 2781 1516 2821 reliqui,
1538 2780 1637 2821 paulo

152 2830 225 2861 AD
240 2831 269 2862 b.
410 2832 451 2866 23
471 2833 613 2874 suspitio
632 2834 676 2865 B.
818 2834 928 2876 adque
948 2834 990 2866 B.
1139 2835 1197 2867 illo
1217 2834 1438 2866 munitionum
1456 2832 1486 2864 B
1504 2835 1539 2864 et
1554 2832 1636 2864 reli-

155 2886 227 2924 qm}
251 2883 309 2915 illo
329 2883 370 2916 ad
389 2884 607 2917 munitionem
627 2886 643 2917 b
657 2885 745 2917 cde.
