1835 3240
112 519 129 551 <a

86 855 125 888 10

88 1195 126 1226 15

549 121 732 164 COMM.
757 121 836 164 Vll
859 119 982 162 CAP.
1007 119 1207 160 60—62.
1630 118 1710 159 441

158 256 208 283 nu
229 239 485 281 Melodunum
508 251 647 277 uersus
671 238 814 288 missa,
840 248 939 289 quae
962 240 1112 274 tantum
1136 231 1425 286 progrediatur,
1451 240 1635 285 quantum

161 321 280 350 naues
302 306 615 359 processissent,
651 305 822 358 reliquas
857 303 989 356 copias
1018 308 1156 341 contra
1177 297 1398 339 Labienum
1423 300 1634 340 duxerunt.

157 375 289 417 Prima
312 375 399 413 luce
423 381 461 413 et
483 374 608 413 nostri
641 386 777 412 omnes
811 378 925 411 erant
947 367 1231 423 transportati,
1269 373 1308 406 et
1339 366 1506 405 hostium
1531 368 1635 406 acies
1659 367 1715 411 62

159 441 407 484 cernebatur.
451 439 654 480 Labienus
677 440 820 479 milites
844 439 1091 486 cohortatus,
1121 444 1164 477 ut
1185 451 1279 477 suae
1303 434 1493 489 pristinae
1514 434 1639 473 uirtu-
1660 434 1687 474 2

164 511 212 550 tis
256 517 296 549 et
333 509 707 549 secundissimorum
747 507 982 560 proeliorum
1019 505 1238 545 retinerent
1266 502 1496 543 memoriam
1528 507 1642 553 atque

156 578 281 631 ipsum
316 574 558 623 Caesarem,
591 576 699 615 cuius
733 574 848 614 ductu
878 586 1163 627 saepenumero
1196 572 1330 611 hostes
1361 574 1640 623 superassent,

157 652 403 699 praesentem
427 645 565 684 adesse
588 642 890 690 existimarent,
916 642 983 681 dat
1004 641 1158 694 signum
1184 639 1336 693 proelii.
1394 636 1527 677 Primo
1550 649 1643 675 con·
1665 633 1690 674 3

160 726 281 752 cursu
303 713 349 752 ab
374 713 514 752 dextro
537 725 660 751 cornu
677 741 686 759 ,
712 710 776 750 ubi
799 710 963 763 septima
985 708 1088 761 legio
1112 708 1374 756 constiterat,
1408 705 1542 745 hostes
1564 702 1644 756 pel-

158 781 291 821 luntur
311 787 427 833 atque
449 780 487 819 in
512 780 639 832 sugam
665 777 937 827 coniciuntur,
972 776 1018 815 ab
1042 775 1202 815 sinistro
1218 806 1228 824 ,
1264 788 1375 828 quem
1399 775 1527 814 locum
1551 772 1644 811 duo·
1666 769 1693 809 4

158 848 307 888 decima
335 848 437 901 legio
470 847 653 896 tenebat,
687 861 774 885 cum
806 845 918 899 primi
951 844 1111 884 ordines
1143 843 1310 882 hostium
1345 840 1526 882 transfixi
1557 839 1644 879 telis

161 916 442 965 concidissent,
468 922 600 954 tamen
621 913 815 954 acerrime
839 911 979 965 reliqui
1003 910 1258 959 resistebant,
1284 925 1355 950 nec
1379 909 1495 950 dabat
1516 906 1645 960 suspi-

159 985 310 1024 cionem
335 985 450 1037 fugae
474 982 694 1035 quisquam.
739 979 826 1034 Ipse
857 981 937 1020 dux
966 980 1136 1020 hostium
1159 976 1451 1031 Camulogenus
1475 976 1555 1016 suis
1579 974 1645 1015 ad·
1669 973 1693 1014 5

159 1059 243 1091 erat
265 1058 380 1104 atque
404 1065 471 1091 eos
494 1049 791 1090 cohortabatur.
854 1047 1013 1088 Incerto
1037 1062 1139 1087 nunc
1163 1047 1279 1087 etiam
1304 1046 1415 1086 exilu
1439 1043 1644 1091 uictoriae,
1668 1039 1695 1080 6

158 1133 244 1159 cnm
269 1119 458 1172 septimae
481 1118 648 1172 legionis
673 1116 839 1157 tribunis
862 1123 969 1156 esset
991 1116 1210 1156 nuntiatum
1229 1146 1239 1165 ,
1279 1127 1378 1167 quae
1410 1113 1450 1152 in
1482 1111 1647 1152 sinistro

160 1201 283 1227 cornu
306 1195 540 1241 gererentur
555 1217 565 1234 ,
600 1193 688 1240 post
718 1193 870 1239 tergum
905 1185 1074 1224 hostium
1096 1183 1291 1237 legionem
1315 1181 1575 1222 ostenderunt
1596 1177 1649 1217 si-

162 1269 314 1308 gnaque
337 1255 571 1295 intulerunt.
633 1252 700 1294 Ne
723 1267 769 1294 eo
793 1254 944 1306 quidem
981 1260 1153 1305 tempore
1176 1251 1378 1304 quisquam
1400 1249 1487 1289 loco
1509 1245 1644 1293 cessit,
1668 1243 1694 1284 7

163 1324 231 1363 sed
255 1323 514 1363 circumuenti
537 1336 672 1362 omnes
695 1321 972 1374 interfectique
994 1328 1100 1361 sunt.
1139 1319 1316 1359 Eandem
1343 1319 1539 1357 fortunam
1562 1312 1650 1353 tulit
1671 1310 1697 1352 8

164 1388 471 1445 Camulogenus.
507 1390 562 1430 At
582 1390 625 1440 ii,
652 1390 715 1442 qni
739 1389 933 1443 praesidio
956 1396 1094 1428 contra
1119 1385 1429 1427 castraLabieni
1452 1389 1566 1424 erant
1586 1395 1649 1421 re-

164 1458 259 1508 licti,
286 1473 371 1498 cum
395 1459 582 1512 proelium
601 1458 847 1498 commissum
871 1457 1090 1506 audissent,
1117 1454 1289 1495 subsidio
1313 1453 1394 1493 suis
1416 1453 1548 1493 ierunt
1570 1448 1650 1489 col-

163 1526 317 1579 lemque
340 1535 531 1581 ceperunt
563 1540 687 1578 neque
720 1532 946 1565 nostrorum
970 1524 1132 1564 militum
1156 1524 1351 1563 uictorum
1374 1521 1559 1574 impetum
1584 1531 1649 1558 su-

163 1594 313 1634 stinere
335 1602 562 1647 potuerunt.
611 1593 679 1634 Sic
702 1609 787 1634 cum
821 1594 902 1634 suis
937 1592 1176 1646 fugientibus
1200 1590 1409 1645 permixti,
1445 1601 1540 1641 quos
1572 1600 1650 1626 non
1671 1585 1697 1626 9

164 1662 287 1702 siluae
310 1669 541 1715 montesque
565 1668 768 1711 texerunt,
794 1662 840 1701 ab
864 1661 1039 1714 equitatu
1062 1667 1154 1701 sunt
1175 1658 1392 1700 interfecti.
1423 1655 1507 1696 Hoc
1530 1669 1650 1708 nego·
1675 1651 1728 1694 10

162 1730 216 1770 tio
240 1731 420 1770 confecto
442 1728 645 1770 Labienus
668 1730 882 1770 reuertitur
899 1729 1133 1783 Agedicum,
1161 1727 1222 1767 ubi
1245 1726 1509 1781 inpedimenta
1531 1723 1651 1762 totius

310 1902 324 1934 1
346 1901 562 1934 Melodunum
583 1902 759 1943 Vkerlzts;
787 1902 1012 1935 Metiosedum
1031 1902 1095 1933 Aa
1110 1901 1127 1932 b
1141 1900 1210 1941 ecl,
1232 1898 1456 1932 Metlosedum
1476 1897 1524 1937 B,
1547 1895 1655 1927 ‘etlo-

166 1954 305 1994 sedum,
327 1953 517 1986 eliosedum
536 1957 572 1985 et
589 1955 778 1995 glosedum,
800 1954 953 1986 iosedum
973 1952 1072 1985 alz'i’.
1093 1953 1132 1984 P.
1153 1952 1195 1985 97
1213 1963 1289 1993 sqq.
1516 1957 1656 1990 progre-

166 2004 280 2035 diatur
298 2004 372 2035 AB
386 2005 475 2045 CD,
498 2006 763 2047 progrederetur
782 2016 797 2036 e
812 2016 845 2036 a.
865 2005 904 2036 P.
925 2005 981 2036 85.
1183 2003 1201 2035 3
1223 2001 1343 2043 nostri]
1365 1999 1449 2032 nihil
1468 2010 1513 2031 m.
1529 2008 1588 2041 pr.
1608 1998 1651 2030 B.

310 2058 330 2088 4
349 2057 548 2089 cohortatur
567 2058 597 2089 b.
802 2059 818 2089 5
839 2061 873 2089 et
891 2056 1214 2088 secundissimorum
1233 2055 1264 2086 B
1285 2051 1462 2094 ‘'relt'qui',
1483 2056 1517 2083 et
1533 2055 1584 2082 tot
1603 2060 1656 2081 se·

166 2109 452 2140 cundissimorum
474 2109 590 2141 bede.
752 2109 944 2140 retinerent
963 2107 1157 2138 memoriam
1176 2106 1227 2146 B,
1249 2105 1444 2136 memoriam
1464 2102 1656 2134 retinerent

168 2171 189 2191 u
208 2163 241 2192 et
258 2162 310 2191 sic
341 2160 419 2191 ‘uel
444 2162 587 2192 inverso
608 2157 750 2193 ordlne’
779 2162 811 2193 A
824 2161 894 2192 CD
908 2161 924 2191 b
939 2170 974 2190 c:
1004 2161 1041 2190 ln
1060 2170 1097 2199 e,
1126 2168 1172 2189 em
1198 2168 1265 2199 quo
1295 2156 1545 2197 Elberlc'ngz'us
1564 2152 1658 2185 nihil

164 2215 311 2251 praeter
331 2211 521 2243 retinerent
539 2215 704 2253 annotat,
725 2211 818 2243 idem
837 2211 923 2242 ordo
942 2213 1049 2251 atque
1068 2212 1103 2241 in
1123 2220 1144 2240 u
1163 2219 1236 2240 esse-
1255 2208 1414 2239 uidetur.
1565 2205 1584 2237 6
1603 2215 1658 2236 su-

166 2267 325 2303 perasset
343 2266 427 2294 ante
447 2273 539 2295 corr.
559 2264 602 2295 B.
764 2263 782 2295 7
801 2267 1018 2305 praesentem
1038 2272 1106 2293 om.
1128 2271 1144 2291 e
1162 2259 1256 2292 And.
1281 2260 1396 2291 Oxou.
1561 2257 1581 2289 8
1600 2256 1658 2287 ho-

169 2317 237 2345 stes
256 2314 432 2356 pelluntur
449 2320 551 2358 atque
569 2326 638 2347 om.
660 2316 720 2348 Ae
738 2315 833 2348 And.
857 2315 973 2346 Ozron.
1130 2314 1148 2346 9
1169 2312 1368 2345 duodecima
1387 2323 1403 2343 e
1422 2310 1537 2343 Aldus
1556 2313 1593 2341 et
1607 2312 1659 2341 sic

169 2367 234 2395 aut
247 2375 295 2396 xn
314 2366 346 2397 A
357 2365 398 2405 d;
419 2367 537 2408 quinta
557 2366 688 2399 decima
707 2367 738 2400 B
755 2370 789 2397 et
805 2368 858 2397 sic
877 2366 949 2396 ‘uel
966 2375 1008 2397 xv
1026 2363 1192 2406 relt'qui’.
1354 2362 1392 2395 10
1414 2362 1491 2394 telis
1510 2362 1541 2393 B
1561 2360 1659 2393 ‘reli-

170 2415 261 2455 (μί’,
283 2417 361 2458 pilis
382 2418 472 2450 ode.
617 2419 658 2451 13
678 2423 778 2460 atque
798 2417 871 2460 eos]
892 2427 1018 2459 eosque
1039 2417 1070 2448 b.
1224 2415 1426 2447 cohortatus
1445 2415 1476 2446 B
1495 2415 1591 2446 ‘ms-s.
1613 2414 1658 2455 δ’,

169 2466 370 2500 hortabatur
389 2470 445 2501 be.
610 2471 743 2503 incerto
764 2471 794 2502 B
815 2471 909 2502 ‘mss.
928 2467 1121 2511 plerique',
1142 2473 1178 2500 at
1195 2468 1326 2499 incerto
1346 2477 1410 2498 eu.
1574 2476 1662 2497 nunc

172 2518 272 2549 etiam
285 2519 315 2550 B
333 2520 451 2552 ‘iidem
471 2521 599 2562 codd.',
621 2522 724 2554 etiam
744 2532 830 2552 nunc
845 2531 877 2552 ιι.
1024 2520 1149 2551 14cum
1163 2528 1182 2550 a
1201 2518 1347 2561 septima
1366 2517 1500 2558 legione
1511 2517 1552 2557 B,
1572 2517 1660 2548 ‘cum

173 2577 191 2598 a
205 2578 252 2599 vn
271 2569 404 2609 legione
414 2581 497 2603 mss.
519 2571 651 2603 iidem'.
796 2571 835 2603 16
856 2569 1063 2601 intullerunt
1075 2569 1117 2601 B.
1265 2578 1328 2600 neo
1340 2568 1474 2611 quidem
1487 2578 1533 2599 m.
1547 2578 1602 2610 pr.
1615 2566 1656 2598 Β.

295 2621 335 2653 17
355 2622 500 2655 ciruenti
518 2635 566 2656 m.
582 2635 641 2666 pr.
661 2624 704 2656 B.
845 2621 1022 2654 interfecti
1042 2625 1122 2653 sunt
1143 2621 1201 2652 be.
1346 2620 1386 2652 18
1406 2619 1491 2651 athi
1510 2619 1552 2651 B.

175 2677 293 2716 contra
312 2679 426 2706 castra
444 2675 585 2708 Labieni
607 2677 624 2708 b
638 2676 727 2717 ede,
750 2680 870 2707 contra
887 2673 1075 2706 Labienum
1094 2673 1124 2705 B
1144 2672 1302 2704 ‘eeterz”.
1450 2671 1488 2703 19
1509 2669 1661 2701 commis-

176 2723 264 2766 sum]
285 2735 361 2756 csse
380 2725 462 2758 add.
486 2727 516 2758 b.
656 2728 698 2763 20
718 2730 907 2769 coeperunt
923 2725 966 2757 B.
1123 2724 1292 2756 uictorum
1312 2734 1328 2754 e
1345 2722 1440 2755 And.
1464 2722 1593 2760 Oxou„
1614 2720 1664 2752 ui-

176 2780 373 2817 ctorumque
392 2776 422 2807 B
442 2776 619 2819 ‘reliqui'.
814 2777 858 2811 23
878 2775 1086 2817 Agedincum
1104 2775 1133 2805 Β
1153 2773 1349 2817 ‘plerique‘‚
1368 2772 1599 2813 Adgedincum
1621 2771 1660 2811 b,-

176 2827 384 2868 Agenuicum
404 2839 438 2861 u.
580 2829 808 2872 inpedimenta
827 2829 870 2861 B.
