1835 3240
736 194 961 238 ——96

309 307 358 350 C.
383 309 451 357 55,
475 308 502 351 9
523 311 580 350 sic
602 310 812 350 edebatur:
841 311 890 352 ‘si
913 311 960 351 ab
981 325 1024 352 re
1047 311 1303 352 frumentaria
1317 309 1517 351 Romanos
1541 313 1677 352 exclu-

196 377 288 417 dere
306 384 367 417 aut
383 378 568 417 adductos
586 378 714 431 inopia
728 391 778 417 ex
802 378 1005 431 prouincia
1029 380 1239 419 excludere
1262 378 1462 432 possent':
1487 387 1601 432 atque
1623 381 1677 420 ita

196 445 384 499 scriptum
409 453 470 485 est
490 445 529 484 in
552 445 796 498 interpolatis
820 446 951 491 codd„
978 446 1050 485 nisi
1075 446 1175 498 quod
1196 447 1234 485 in
1258 447 1306 485 iis
1333 448 1571 500 praepositio
1597 449 1678 488 ‘ex'

197 512 403 552 omittitur.
456 511 569 551 Hanc
603 512 837 565 scripturam
863 513 955 551 ferri
980 527 1055 552 non
1079 526 1194 565 posse
1217 526 1352 552 omnes
1375 514 1675 554 intellexerunt.

195 577 298 618 Nam
323 580 563 633 prouinciam
588 579 816 619 necessario
840 593 923 618 eam
946 579 1249 632 intellegendam
1273 593 1386 628 esse,
1422 593 1521 632 quae
1543 587 1679 633 postea

195 645 470 687 Narbonensis
493 646 683 699 appellata
707 653 782 695 est,
808 653 983 699 apertum
1008 653 1081 686 est.
1143 646 1205 686 Ab
1235 661 1281 686 ea
1312 653 1441 686 autem
1476 646 1679 688 Romanos

194 714 459 755 intercludere
482 726 607 766 neque
629 713 818 752 uolebant
837 711 941 752 Galli
964 727 1090 766 neque
1112 720 1308 767 poterant,
1334 714 1556 767 omniaque,
1583 730 1680 769 quae

193 790 310 823 antea
340 782 465 822 relata
498 786 616 827 sunt,
651 780 697 818 de
730 779 893 820 incenso
924 780 1189 828 Nouiodun0‚
1226 782 1422 822 frumento
1453 782 1680 836 reliquoque

195 856 412 890 commeatu
435 854 637 901 asportato
660 853 726 886 aut
748 855 932 901 corrupto
950 878 959 895 ,
984 848 1029 888 de
1052 848 1259 901 praesidiis
1281 849 1329 888 ad
1349 848 1527 903 Ligerim
1551 851 1681 904 dispo-

193 918 280 958 sitis
304 931 388 957 eam
411 916 605 955 rationem
628 914 839 964 habebant,
865 914 1088 956 utRomani
1111 924 1150 956 et
1171 918 1355 971 progredi
1377 917 1681 971 prohiberentur

194 991 233 1025 et
254 990 494 1023 commeatus
527 982 660 1036 inopia
697 983 823 1022 coacti
855 996 896 1023 se
919 983 1143 1037 reciperent
1164 985 1204 1024 in
1224 985 1483 1038 prouinciam.
1546 983 1680 1038 Itaque

195 1050 300 1091 Galli
324 1049 520 1096 Labieno,
545 1050 610 1102 qui
632 1050 673 1089 in
695 1049 810 1089 aliam
834 1058 983 1104 partem
1006 1052 1150 1092 missus
1173 1059 1274 1102 erat,
1297 1052 1338 1092 in
1361 1053 1564 1105 colloquiis
1588 1067 1680 1092 con·

194 1119 398 1159 firmabant
419 1118 677 1158 interclusum
699 1117 843 1158 itinere
872 1126 911 1158 et
932 1117 1069 1174 Ligeri
1093 1117 1310 1160 Caesarem
1341 1120 1471 1174 inopia
1496 1121 1680 1161 frumenti

195 1193 371 1226 coactum
402 1185 441 1225 in
473 1185 716 1239 prouinciam
749 1187 1026 1237 contendisse,
1064 1195 1107 1227 ut
1128 1189 1300 1228 refertur
1321 1202 1356 1228 c.
1381 1186 1461 1239 59,
1494 1188 1532 1228 1.
1596 1186 1679 1228 Iam

196 1268 331 1294 omnes
355 1254 464 1294 codd.
494 1260 652 1306 praeter
680 1253 942 1308 interpolatos
975 1270 1052 1295 non
1090 1260 1169 1296 ‘ex
1199 1256 1403 1310 prouincia
1435 1256 1677 1304 excludere’,

195 1323 264 1362 sed
289 1328 355 1361 ‘ex
379 1321 583 1375 prouincia
607 1321 821 1375 expellere'
846 1322 1046 1362 exhibent.
1089 1321 1225 1377 Itaque
1247 1330 1356 1364 recte
1376 1322 1568 1363 Nicasius
1587 1321 1680 1362 Hel-

194 1388 385 1438 lebodius,
411 1388 677 1436 Hotomanus,
701 1387 862 1442 Lipsius
895 1390 1146 1430 scribendum
1169 1391 1357 1430 dixerunt
1392 1395 1473 1429 ‘aut
1494 1390 1680 1429 adductos

192 1457 323 1510 inopia
344 1457 384 1496 in
408 1457 650 1510 prouinciam
673 1456 875 1510 expellere
897 1459 1087 1511 possent'.
1130 1457 1317 1498 Mendum
1339 1457 1429 1497 inde
1451 1464 1578 1497 ortum
1602 1464 1678 1506 est,

193 1525 293 1577 qnod
317 1524 461 1579 expelli
496 1526 535 1563 in
558 1524 726 1576 aliquem
749 1525 875 1564 locum
899 1525 1028 1565 minus
1051 1532 1160 1565 recte
1183 1525 1256 1564 dici
1278 1524 1507 1574 uidebatur,
1542 1525 1680 1565 deinde

193 1593 233 1632 in
255 1592 503 1647 interpolatis
527 1592 639 1631 codd.
668 1592 913 1632 ‘excludere’
935 1600 1002 1633 aut
1024 1607 1161 1633 errore
1183 1592 1394 1646 repetitum
1417 1599 1478 1632 est
1499 1599 1568 1631 aut
1589 1592 1679 1632 ideo

193 1661 381 1714 positum,
406 1660 505 1713 quod
528 1658 730 1699 Romanos
754 1673 804 1699 ex
827 1660 1031 1712 prouincia
1048 1691 1058 1710 ,
1082 1659 1122 1699 in
1145 1674 1219 1713 qua
1242 1673 1320 1699 non
1344 1666 1502 1709 essent,
1537 1673 1586 1700 ne
1609 1673 1679 1699 ex—

193 1729 280 1781 pelli
304 1728 459 1780 quidem
482 1727 657 1781 potuisse
680 1727 996 1782 intellegebatur.
1058 1726 1165 1767 Mire
1188 1726 1389 1768 Whittius
1420 1728 1515 1767 haec
1539 1728 1678 1778 uerba,

192 1803 236 1836 ut
257 1795 466 1836 scribenda
488 1795 587 1845 dixi,
613 1802 797 1835 constare
810 1802 930 1848 negat
943 1808 1027 1834 cum
1042 1795 1323 1848 sequentibus:
1352 1799 1479 1847 ‘quam
1503 1795 1550 1834 ad
1572 1808 1679 1848 spem

193 1863 351 1903 multum
377 1877 444 1903 eos
466 1863 694 1911 adiuuabat,
722 1863 821 1915 quod
834 1861 959 1916 Liger
981 1875 1033 1902 ex
1055 1863 1211 1903 niuibus
1235 1868 1430 1911 creuerat,
1457 1869 1500 1902 ut
1521 1862 1679 1902 omnino

191 1932 292 1971 uado
315 1945 391 1972 non
415 1945 530 1984 posse
554 1931 714 1971 transiri
736 1930 966 1980 uideretur’,
992 1930 1174 1970 nimirum
1197 1930 1286 1984 quia
1308 1930 1534 1983 magnitudo
1556 1929 1680 1969 flumi-

192 2000 253 2039 nis
278 1999 621 2039 frumentationem
643 1998 831 2052 impedire
853 1998 1068 2052 potuisset,
1101 2013 1179 2039 non
1201 1998 1383 2048 efficere,
1418 2012 1493 2050 quo
1526 1997 1678 2037 facilius

192 2066 359 2107 Romani
384 2067 688 2120 expellerentur.
749 2065 805 2105 At
840 2073 1017 2119 apertum
1048 2073 1108 2106 est
1138 2066 1259 2119 ipsam
1284 2066 1469 2105 frumenti
1490 2066 1530 2105 in
1553 2066 1679 2105 altera

192 2136 275 2188 ripa
298 2135 468 2189 inopiam
491 2141 715 2175 coacturam
740 2134 862 2174 fuisse
883 2133 1103 2183 Romanos,
1130 2141 1185 2184 ut,
1212 2133 1288 2173 nisi
1310 2131 1486 2187 Ligerim
1508 2133 1678 2173 transire

193 2210 368 2257 possent,
395 2216 436 2242 se
458 2202 498 2241 in
522 2202 762 2255 prouinciam
785 2202 1022 2255 reciperent.
1066 2199 1138 2242 Ille
1161 2209 1291 2241 tamen
1324 2201 1451 2241 omnia
1484 2201 1549 2241 illa
1585 2206 1595 2225 ‘
1611 2207 1679 2240 aut

195 2271 381 2311 adductos
405 2270 532 2324 inopia
555 2285 607 2310 ex
629 2269 831 2324 prouincia
853 2268 1068 2322 expellere'
1092 2269 1251 2310 deleuit.

309 2335 357 2378 C.
384 2336 454 2385 56,
483 2337 501 2376 l
527 2344 616 2378 ante
639 2335 960 2390 Oudendorpium
982 2336 1037 2376 ita
1062 2337 1145 2377 fere
1167 2337 1378 2377 edebatur:
1417 2341 1427 2360 ⁶
1444 2333 1596 2387 Quibus
1617 2348 1680 2375 re-

193 2407 264 2446 bus
288 2404 455 2459 coguitis
470 2402 622 2445 Caesar
644 2405 915 2444 maturandum
940 2404 1012 2444 sibi
1037 2405 1204 2453 censuit,
1230 2404 1262 2444 si
1286 2410 1391 2444 esset
1412 2404 1452 2443 in
1475 2403 1680 2456 perficien-

195 2474 252 2513 dis
275 2472 455 2527 pontibus
478 2472 791 2525 periclitandum,
817 2478 859 2511 ut
880 2471 986 2524 prius
1001 2501 1012 2520 ,
1037 2472 1160 2523 'quam
1184 2477 1317 2511 essent
1338 2470 1508 2509 maiores
1540 2483 1587 2509 eo
1616 2483 1680 2509 eo-

194 2548 307 2581 actae
321 2540 470 2593 copiae‚
496 2540 712 2579 dimicaret.
738 2537 841 2578 Nam
867 2545 908 2578 ut
928 2545 1165 2578 commutato
1187 2537 1439 2578 consilioiter
1459 2537 1498 2575 in
1521 2537 1682 2589 prouin-

196 2609 296 2648 ciam
321 2614 600 2656 eonuerteret,
636 2607 674 2646 id
696 2620 746 2645 ne
768 2612 849 2644 tum
872 2605 1026 2657 quidem
1052 2605 1277 2645 necessario
1302 2605 1519 2644 faciendum
1544 2603 1681 2644 existi-

196 2675 348 2724 mabat,
384 2689 469 2715 cum
503 2675 605 2727 quod
634 2673 795 2713 infamia
825 2680 940 2726 atque
972 2671 1183 2725 indignitas
1205 2672 1264 2711 rei
1288 2678 1324 2711 et
1347 2672 1546 2724 oppositus
1569 2685 1680 2711 mons

196 2742 385 2784 Ceuenna
407 2742 636 2794 uiarumque
658 2741 863 2781 difficultas
886 2739 1143 2793 impediebat,
1177 2745 1257 2779 tum
1289 2740 1459 2779 maxime
1490 2739 1591 2792 quod
1613 2738 1681 2778 ab-

198 2813 330 2852 iuncto
354 2809 536 2851 Labieno
558 2817 674 2862 atque
695 2809 744 2848 iis
766 2807 985 2862 legionibus
1001 2839 1010 2857 ,
1036 2820 1129 2859 quas
1151 2821 1228 2846 una
1251 2807 1435 2856 miserat,
1469 2806 1680 2847 uehemen-

197 2887 258 2921 ter
280 2877 477 2920 timebat'.
540 2876 586 2917 Iu
615 2876 674 2917 bis
696 2877 804 2931 prius
828 2875 978 2930 ‘quod'
1011 2888 1034 2915 a
1065 2871 1265 2929 Stephano
1297 2875 1490 2916 adiectum
1522 2880 1604 2915 est:
1638 2873 1679 2912 in
