1835 3240
604 164 790 210 COMM.
813 162 874 207 ΙΙΙ
896 162 1021 207 CAP.
1045 161 1193 205 6—9.
1638 163 1719 205 315

168 285 289 327 sidius
311 282 455 323 missus
477 281 519 322 in
540 280 730 330 Esuuios‚
754 277 916 320 Marcus
939 276 1112 318 Trebius
1137 276 1274 317 Gallus
1301 275 1342 315 in
1364 272 1642 327 Curiosolitas‚

167 352 336 405 Quintus
358 349 552 392 Velanius
575 364 662 390 cum
683 347 775 388 Tito
798 344 897 388 Silio
919 347 960 386 iu
981 344 1175 388 Venetos.
1237 342 1366 383 Huius
1389 349 1450 381 est
1472 343 1642 383 ciuitatis
1663 344 1693 387 8

165 421 283 472 longe
313 417 551 472 amplissima
582 416 794 457 auctoritas
828 414 954 455 omnis
986 427 1081 454 orae
1114 412 1333 453 maritimae
1354 410 1558 463 regiomnn
1582 424 1647 449 ea-

165 501 266 537 rum,
292 487 393 539 quod
416 493 455 526 et
477 499 597 525 naues
620 484 763 524 habent
785 481 929 524 Veneti
951 482 1154 536 plurimas,
1179 480 1318 534 quibus
1340 478 1381 517 in
1402 476 1647 517 Britanniam

119 564 136 596 5
169 554 358 608 nauigare
381 558 644 601 consuerunt,
678 557 717 591 et
744 550 909 590 scientia
932 557 1050 602 atque
1071 563 1144 589 usu
1166 549 1412 588 nauticarum
1433 558 1564 585 rerum
1586 557 1651 583 rc-

165 623 292 675 liquos
315 621 552 662 antecedunt
582 625 620 660 et
649 618 690 658 in
721 632 863 672 magno
895 618 1040 670 impetu
1072 616 1192 656 maris
1216 624 1334 668 atque
1356 619 1493 667 aperto
1517 611 1649 665 paucis

165 690 342 744 portibus
365 688 600 736 interiectis,
626 700 721 740 quos
744 692 881 726 tenent
901 685 991 739 ipsi,
1016 698 1152 724 omnes
1177 685 1258 724 sere
1273 714 1283 733 ‚
1317 683 1380 735 qui
1404 695 1449 722 eo
1472 679 1571 720 mari
1592 679 1650 718 uti

168 763 434 806 consuerunt,
470 755 615 796 habent
644 754 876 807 uectigales.
936 752 999 793 Ab
1023 753 1081 792 his
1105 752 1147 792 fit
1167 751 1320 791 initium
1343 747 1535 789 retinendi
1560 744 1649 786 Silii
1669 745 1697 787 2

165 832 282 878 atque
305 823 485 875 Velanii‚
520 822 621 876 quod
652 836 723 876 per
744 835 811 862 eos
833 834 928 861 suos
951 834 994 861 se
1016 819 1170 860 obsides
1186 850 1196 869 ‚
1221 833 1318 871 quos
1342 815 1491 858 Crasso
1523 815 1651 855 (ledis-

92 900 131 933 10
162 900 266 940 sent,
291 891 583 944 reciperaturos
606 889 900 931 existimabant.
963 887 1116 928 Horum
1147 887 1380 927 auctoritate
1403 883 1555 925 finitimi
1584 881 1651 922 ad·
1672 879 1697 920 3

166 960 271 1001 ducti
305 962 377 1011 (ut
406 965 498 999 sunt
521 957 722 998 Gallorum
755 957 883 997 subita
915 964 955 996 et
976 956 1183 1010 repentina
1206 954 1402 1005 consilia)
1435 951 1571 992 eadem
1604 950 1651 989 (le

166 1041 285 1068 causa
297 1026 485 1066 Trebium
501 1025 852 1079 Terrasidiumque
873 1025 1063 1074 retinent,
1090 1030 1129 1064 et
1150 1022 1333 1063 celeriter
1354 1020 1485 1060 missis
1509 1018 1650 1071 legatis

164 1109 234 1149 per
254 1109 347 1135 suos
377 1094 573 1147 principes
604 1094 708 1134 inter
739 1107 782 1134 se
813 1093 1021 1133 coniurant
1050 1092 1145 1132 nihil
1168 1091 1244 1131 nisi
1266 1087 1461 1130 communi
1485 1085 1651 1126 consilio

166 1170 327 1203 acturos
351 1163 593 1215 eundemque
623 1162 748 1202 omnis
778 1162 960 1201 fortunae
983 1160 1134 1201 exitum
1157 1173 1247 1200 esse
1270 1159 1436 1206 laturos,
1460 1154 1651 1206 reliquas-
1672 1151 1699 1191 4

95 1239 131 1271 15
165 1244 238 1284 que
261 1230 445 1270 ciuitates
468 1230 700 1280 sollicitant,
725 1236 767 1269 ut
788 1229 828 1269 in
851 1243 897 1269 ea
919 1228 1126 1279 libertate,
1169 1241 1283 1281 quam
1307 1240 1329 1266 a
1351 1222 1566 1265 maioribus
1588 1234 1653 1259 ac-

168 1304 377 1352 ceperant,
410 1311 642 1351 permanere
673 1311 787 1350 quam
810 1296 1080 1337 Romanorum
1103 1296 1336 1336 seruitutem
1358 1292 1535 1345 perferre
1557 1286 1654 1329 mal-

167 1366 264 1406 lent.
324 1363 444 1406 Omni
473 1380 543 1405 ora
573 1365 769 1405 maritima
800 1365 984 1405 celeriter
1005 1364 1052 1403 ad
1073 1378 1184 1403 suam
1206 1360 1444 1403 sententiam
1467 1357 1654 1412 perducta
1675 1352 1700 1394 5

168 1447 409 1476 communem
432 1433 668 1486 legationem
691 1432 738 1471 ad
756 1430 937 1471 Publium
961 1429 1150 1471 Crassum
1173 1431 1347 1478 mittunt,
1386 1427 1420 1467 si
1442 1425 1539 1465 uelit
1560 1436 1653 1464 suos

167 1501 361 1554 recipcre,
388 1500 545 1540 obsides
568 1500 643 1540 sibi
665 1500 857 1540 remittat.
902 1496 1055 1551 Quibus
1078 1499 1124 1539 de
1146 1497 1264 1538 rebus
1288 1492 1442 1536 Caesar
1463 1492 1509 1533 ab
1528 1488 1650 1532 Cras-
1672 1489 1700 1533 9

92 1575 134 1608 20
166 1582 210 1608 so
233 1569 380 1607 certior
400 1569 526 1608 factus
543 1598 552 1615 ,
589 1568 689 1620 quod
711 1568 795 1621 ipse
818 1567 955 1608 aberat
976 1567 1130 1619 longius
1146 1596 1156 1613 ‚
1189 1578 1312 1606 naues
1333 1561 1492 1603 interim
1514 1561 1653 1613 longas

167 1635 365 1675 aedificari
386 1635 426 1674 in
449 1635 605 1675 flumine
627 1634 791 1688 Ligere‚
818 1635 917 1687 quod
941 1635 1068 1674 influit
1087 1634 1127 1674 in
1150 1632 1352 1674 Oceanum
1368 1661 1378 1680 ,
1402 1628 1576 1681 remiges
1600 1640 1654 1667 ex

166 1702 369 1756 prouincia
390 1702 569 1752 institui,
604 1710 744 1742 nautas
776 1702 1142 1755 gubernatoresque
1164 1698 1383 1753 comparari
1403 1696 1525 1737 iubet.
1578 1693 1652 1733 His
1673 1692 1702 1734 2

166 1770 281 1811 rebus
305 1770 489 1811 celeriter
509 1770 794 1811 administratis
816 1770 930 1826 ipse,
965 1784 1052 1810 cum
1080 1769 1247 1825 primum
1277 1780 1348 1821 per
1378 1764 1471 1806 anni
1500 1770 1653 1817 tempus

310 1935 325 1969 1
346 1935 380 1967 in
399 1933 548 1968 Esubios
578 1935 641 1979 (A)
656 1936 687 1968 B
703 1937 774 1970 CD
788 1936 820 1968 E
846 1934 1027 1978 ‘optt'mz'’‚
1057 1934 1224 1966 numellos
1252 1932 1410 1965 sesuiuos
1429 1941 1467 1972 c,
1497 1931 1529 1962 in
1548 1927 1654 1962 Vnel-

168 1986 263 2029 loss·
427 1985 473 2018 M.
494 1986 640 2020 Trebius
660 1988 719 2029 (B)
738 1999 781 2029 u,
802 1987 948 2020 Trebius
968 1988 1098 2019 omisso
1112 1984 1404 2028 praerzooenz'Jzes,
1424 1981 1602 2014 intreuiris
1621 1989 1651 2011 c.

309 2036 580 2080 Coriosolitasf.
741 2041 762 2075 2
781 2039 926 2082 Quintus
946 2040 995 2079 B,
1018 2038 1057 2080 Q.
1078 2048 1115 2068 u.
1280 2034 1445 2068 Velonius
1462 2032 1509 2065 A.

165 2089 242 2122 Tito
260 2090 308 2132 B,
330 2089 372 2122 T.
392 2100 427 2123 u.
538 2091 637 2123 Sillio
655 2091 1009 2135 ABCs‘plarc'mi',
1030 2090 1101 2122 filio
1119 2090 1165 2122 D.
1283 2088 1302 2121 3
1322 2087 1514 2119 maritimae
1534 2082 1653 2124 om-s-

307 2142 327 2174 4
346 2142 494 2174 habeant
510 2153 557 2174 m..
572 2153 632 2184 pr.
655 2145 685 2176 b.
826 2143 963 2176 Venetii
984 2145 1015 2184 b,
1039 2141 1163 2174 Naneti
1181 2151 1342 2184 suprasc.
1363 2150 1434 2172 rec.
1454 2148 1501 2170 m.
1521 2137 1554 2169 A
1565 2145 1655 2168 sem-

162 2204 239 2236 per·
421 2195 625 2228 Brittaniam
643 2197 736 2235 BD,
756 2196 984 2228 Brittanniam
1008 2195 1035 2227 C
1053 2195 1181 2236 etsere
1198 2193 1384 2235 ube'ques,
1404 2187 1594 2222 Britaniam
1610 2187 1652 2219 E.

310 2248 328 2281 5
346 2249 545 2281 consuerint
561 2260 609 2281 m.
624 2259 683 2292 pr.
707 2250 748 2283 C.
890 2249 1105 2281 nauticarum
1125 2257 1192 2279 om.
1205 2247 1253 2288 s,
1274 2250 1454 2277 nautarum
1472 2240 1556 2274 DE.

168 2308 279 2330 rerum
299 2299 316 2330 b
330 2300 401 2341 cf,
423 2311 491 2332 om.
510 2301 581 2332 AB
596 2300 717 2333 CDE.
858 2298 1024 2341 reliquos]
1046 2302 1181 2330 ceteros
1201 2298 1217 2327 b
1235 2296 1299 2338 ef.
1425 2293 1444 2326 7
1464 2291 1519 2334 eo]
1537 2289 1655 2323 eodem

169 2349 242 2390 bs5
262 2349 423 2391 idemque
442 2351 483 2383 de
500 2352 532 2383 D
554 2352 671 2383 tradit
690 2351 778 2383 Oud.
793 2376 803 2392 ,
823 2351 1021 2393 scdsalso,
1042 2352 1082 2381 ut
1101 2348 1255 2389 eceempl.
1274 2346 1384 2379 Fabr.
1402 2345 1514 2377 docet.

171 2399 218 2431 uti
236 2411 304 2432 om.
320 2411 367 2432 m.
382 2411 441 2443 pr.
464 2402 494 2434 b.
636 2402 656 2434 8
675 2402 726 2433 his
744 2402 990 2443 ABCDEs,
1012 2401 1053 2432 iis
1072 2410 1108 2431 u.
1297 2396 1388 2428 Sillii
1407 2395 1479 2428 AB
1495 2393 1563 2426 CI)
1577 2391 1652 2433 Es.

309 2451 328 2483 9
343 2450 480 2484 Velanii
497 2453 612 2484 altera
631 2452 783 2495 ipostea
798 2453 875 2485 ead.
896 2464 942 2484 m.
964 2452 1159 2493 adiectas,
1179 2449 1315 2481 Velanii
1333 2459 1380 2481 an
1392 2446 1530 2480 Velonii
1550 2445 1656 2477 (lubic

168 2500 252 2541 Απ,
279 2499 426 2534 Vellanii
444 2504 552 2536 BCD
563 2504 611 2545 E,
632 2504 770 2537 Vellani
790 2505 828 2536 b.-
854 2508 963 2546 atque
989 2505 1048 2535 hic
1067 2513 1144 2534 cum
1163 2500 1383 2544 adefadd.
1402 2504 1436 2531 et
1454 2499 1483 2530 si
1503 2507 1585 2540 quos
1604 2496 1655 2527 in-

171 2553 336 2593 tercipere
355 2559 553 2595 potuerunt.
742 2556 783 2589 10
803 2557 1058 2599 reciperaturos
1077 2556 1200 2595 ABe,
1221 2565 1340 2586 omnes
1360 2563 1438 2584 cum
1456 2563 1477 2582 u
1494 2549 1652 2592 superi,

169 2601 231 2631 sed
249 2604 284 2633 z'n
303 2603 332 2634 B
347 2615 413 2636 sec.
436 2616 482 2638 m.
502 2609 653 2648 scripta.
797 2608 834 2640 11
857 2608 897 2640 de
917 2618 985 2639 om.
1009 2608 1040 2639 b.
1172 2606 1213 2638 14
1232 2605 1443 2645 eundemque
1461 2602 1654 2633 —laturos

171 2654 286 2695 orn-s.
404 2657 443 2689 15
461 2659 658 2701 acceperint
676 2660 737 2701 es.
858 2660 899 2692 16
918 2660 1039 2691 malint
1058 2659 1120 2700 es.
1257 2658 1297 2691 18
1315 2656 1470 2688 Publium
1489 2655 1540 2695 B,
1558 2652 1596 2685 P·
1616 2662 1651 2683 Ἰ·

261 2754 266 2761 ἱ
316 2705 355 2738 19
374 2708 525 2750 recipere
545 2709 607 2749 (B)
623 2710 692 2742 CD
707 2709 764 2752 (Ε)
778 2734 788 2750 ,
809 2720 879 2742 om.
900 2712 952 2748 A,-
971 2719 1176 2753 recuperare
1198 2710 1215 2740 b
1229 2709 1326 2751 des.
1498 2704 1564 2736 sibi
1582 2713 1650 2734 017²·

174 2754 190 2783 b
204 2753 271 2794 ds·
411 2757 451 2788 ab
470 2758 646 2800 Βαβαῖ)
667 2759 797 2801 (φηεςκ,
819 2761 884 2803 as.
1049 2761 1089 2795 21
1110 2760 1233 2801 Ligere
1252 2759 1430 2797 ABDE‚·
1449 2754 1652 2797 Ligerisec

174 2817 241 2836 see.
262 2816 308 2836 ⁷²⁷·
329 2807 380 2847 B>
400 2808 534 2850 Ligeris
555 2811 573 2841 b
586 2821 616 2842 c.
757 2813 868 2846 influit
886 2813 1059 2845 Oceanum
1079 2814 1097 2844 b
1110 2814 1195 2855 ces
1208 2809 1451 2843 ‘Parisienses'
1472 2803 1650 2839 Schneid„

172 2856 233 2887 sed
251 2867 319 2888 ἢθη
341 2858 378 2887 Ῐῖ-
509 2860 554 2894 22
570 2860 721 2894 instituit
741 2863 800 2904 bs.
920 2872 1119 2905 comparare
1137 2872 1299 2905 saprasc.
1322 2861 1330 2891 i
1353 2862 1393 2891 C.
