1835 3240
93 154 176 197 626
617 152 787 195 BELLI
809 151 1213 194 ALEXANDRINI

121 267 148 309 2
169 282 254 308 rum
277 280 395 322 opera
416 266 556 308 imitati
578 267 820 314 uiderentur,
847 272 885 306 et
900 278 971 306 sua
984 272 1122 319 sponte
1136 267 1257 307 multa
1279 266 1531 321 reperiebant
1552 281 1650 307 uno-

169 349 244 389 que
266 342 441 390 tempore
454 343 664 376 etnostras
676 333 915 374 munitiones
937 333 1176 374 infestabant
1197 341 1237 374 et
1258 348 1349 375 suas
1372 334 1647 376 defendebant.

124 401 149 443 3
171 403 300 457 Atque
321 404 418 444 haec
439 403 636 458 principes
658 401 698 440 in
720 400 897 441 consiliis
921 400 1248 454 contionibusque
1270 401 1496 455 agitabant:
1520 401 1650 458 Popu-

167 471 247 512 lum
268 470 490 512 Romanum
523 468 708 524 paulatim
738 469 779 510 in
813 469 1137 510 consuetudinem
1169 469 1253 509 eius
1288 469 1403 522 regni
1435 471 1650 526 occupandi

120 538 147 579 4
167 539 319 580 uenire.
363 537 505 578 Paucis
527 536 642 577 annis
673 543 789 578 antea
810 535 1021 577 Gabinium
1053 551 1139 576 cum
1162 537 1345 577 exercitu
1367 537 1488 578 fuisse
1507 538 1547 578 in
1569 538 1648 579 Ae—
1681 557 1698 578 ,ι

168 614 312 662 gypt03
338 605 566 659 Pompeium
588 619 632 646 se
655 619 708 645 ex
730 606 821 658 suga
843 606 978 645 eodem
1000 604 1230 658 recepisse3
1257 603 1470 645 Caesarem
1493 607 1651 647 uenisse

168 690 256 716 cum
280 675 418 728 copiis,
443 687 568 726 neque
591 680 718 713 morte
740 671 918 728 Pompeii
940 672 1145 726 quicquam
1168 673 1401 726 profectum,
1426 686 1501 725 quo
1524 673 1651 715 minus

122 741 147 783 5
169 743 268 797 apud
292 756 334 782 se
348 739 501 783 Caesar
515 747 842 781 commoraretur.
887 738 1014 793 Quem
1036 740 1071 781 si
1093 754 1171 780 non
1196 740 1456 794 expulissent,
1481 741 1651 781 futuram

168 826 218 852 ex
242 824 366 864 regno
389 809 655 864 prouincian13
680 810 794 863 idque
816 809 1010 863 agendum
1032 815 1208 849 mature:
1234 821 1400 861 namque
1419 821 1505 848 eum
1528 808 1650 849 inter-

167 880 317 919 clusum
349 878 644 932 tempestatibus
677 885 837 932 propter
867 877 961 918 anni
991 883 1140 930 tempus
1171 877 1349 931 recipere
1386 876 1651 916 transmarina
1685 883 1724 917 10

118 947 147 991 4
169 947 319 988 auxilia
341 961 418 987 non
440 960 571 1000 posse.
627 943 791 987 Interim
826 945 1073 986 dissensione
1104 952 1191 985 orta
1220 945 1323 985 inter
1343 944 1550 994 Achillan,
1587 944 1651 997 qui

165 1022 356 1057 ueterano
378 1014 575 1056 exercitui
596 1021 804 1069 praeerat,
839 1021 876 1054 et
899 1013 1101 1054 Arsinoen
1115 1044 1125 1063 ‚
1158 1012 1265 1067 regis
1287 1011 1505 1053 Ptolemaei
1526 1012 1651 1053 mino-

164 1098 248 1125 rem
272 1084 411 1131 fifiam,
435 1090 479 1123 ut
499 1097 616 1137 supra
640 1083 949 1123 demonstratum
973 1089 1054 1132 est,
1082 1096 1168 1121 cum
1190 1088 1356 1134 uterque
1378 1081 1532 1133 utrique
1554 1079 1649 1120 insi—

166 1152 343 1192 diaretur
364 1158 403 1192 et
424 1164 612 1191 summam
645 1151 798 1204 imperii
819 1152 902 1203 ipse
925 1150 1104 1190 obtinere
1127 1149 1261 1199 uellet,
1287 1154 1548 1202 praeoccupat
1570 1148 1649 1187 Ar-

165 1221 277 1261 sino‘e'
299 1234 369 1274 per
390 1218 647 1273 Ganymeden
672 1219 907 1267 eunuchum,
933 1217 1146 1257 nutricium
1169 1231 1298 1266 suum,
1329 1223 1446 1268 atque
1468 1214 1648 1255 Achillan
1684 1222 1724 1254 15

117 1288 144 1329 2
164 1288 365 1330 interficit.
410 1286 498 1327 Hoc
531 1287 661 1327 occiso
694 1286 779 1326 sine
811 1285 889 1326 ullo
912 1285 1021 1326 socio
1043 1291 1080 1325 et
1103 1285 1265 1325 custode
1287 1283 1371 1338 ipsa
1395 1296 1508 1323 omne
1530 1282 1650 1335 impe-

166 1358 266 1398 rium
290 1355 514 1405 obtinebat3
550 1355 752 1395 exercitus
777 1352 998 1409 Ganymedi
1030 1352 1213 1393 traditur.
1257 1350 1295 1392 Is
1320 1357 1503 1405 suscepto
1526 1351 1649 1391 officio

163 1424 413 1478 largitionem
435 1423 475 1463 in
497 1422 641 1463 milites
672 1429 793 1476 auget
822 1429 861 1463 et
881 1422 1031 1475 reliqua
1053 1421 1137 1475 pari
1158 1420 1361 1474 diligentia
1382 1418 1645 1459 administrat.

117 1495 144 1539 5
278 1491 525 1533 Alexandria
548 1498 609 1532 est
631 1492 713 1532 fere
736 1498 818 1531 tota
840 1491 1009 1531 suffossa
1031 1503 1249 1544 specusque
1272 1488 1387 1529 habet
1411 1486 1541 1528 aNilo
1564 1499 1650 1540 per-

165 1562 338 1602 tinentes
354 1591 365 1611 ,
399 1559 537 1614 quibus
560 1574 659 1613 aqua
680 1560 719 1600 in
743 1560 916 1613 priuatas
938 1559 1074 1599 domos
1097 1558 1317 1607 inducitur,
1342 1570 1442 1610 quae
1464 1554 1649 1609 paulatim
1680 1559 1724 1593 20

116 1630 143 1670 2
165 1630 291 1685 spatio
313 1629 502 1683 temporis
525 1628 704 1681 liquescit
727 1642 773 1668 ac
796 1627 976 1668 subsidit.
1031 1625 1117 1668 Hac
1142 1626 1195 1667 uti
1218 1625 1361 1666 domini
1384 1623 1648 1664 aedificiorum

164 1706 279 1752 atque
302 1711 437 1738 eorum
461 1696 629 1737 familiae
651 1703 916 1737 consuerunt:
958 1710 1048 1736 nam
1080 1708 1179 1748 quae
1209 1693 1366 1734 flumine
1386 1691 1482 1732 Nilo
1504 1692 1646 1739 fertur,

164 1767 262 1807 adeo
284 1773 345 1806 est
365 1766 503 1806 limosa
526 1779 571 1804 ac
603 1764 781 1814 turbida,
817 1771 860 1804 ut
886 1764 1030 1804 multos
1062 1763 1273 1815 uariosque
1295 1760 1452 1800 morbos
1476 1757 1641 1805 efficiat3

117 1834 141 1874 3
164 1835 232 1875 sed
255 1847 301 1874 ea
322 1833 455 1888 plebes
477 1848 522 1873 ac
543 1833 746 1873 multitudo
769 1838 954 1872 contenta
977 1837 1037 1871 est
1058 1829 1301 1879 necessario,
1329 1828 1429 1881 quod
1452 1828 1538 1867 fons
1553 1824 1648 1866 urbe

164 1909 246 1943 tota
268 1901 398 1942 nullus
421 1908 495 1942 est.
532 1900 619 1940 Hoc
643 1907 771 1940 tamen
795 1900 937 1940 flumen
959 1900 1000 1940 in
1022 1912 1069 1939 ea
1091 1905 1202 1952 parte
1225 1905 1311 1938 erat
1332 1896 1455 1944 urbis,
1481 1906 1581 1947 quae
1603 1891 1651 1932 ab
1679 1898 1723 1933 25

115 1973 141 2013 4
165 1970 450 2012 Alexandrinis
483 1969 705 2010 tenebatur.
769 1965 857 2020 Quo
901 1968 1003 2007 facto
1046 1974 1106 2007 est
1136 1966 1361 2007 admonitus
1395 1961 1647 2016 Ganymedes

162 2052 279 2093 posse
289 2045 449 2078 nostros
462 2051 561 2091 aqua
581 2036 813 2085 intercludi3
839 2036 904 2088 qui
925 2034 1122 2076 distributi
1136 2033 1393 2074 munitionum
1417 2029 1649 2071 tuendarum

164 2121 282 2149 causa
311 2105 470 2147 uicatim
504 2119 556 2146 ex
586 2105 751 2159 priuatis
784 2103 972 2144 aedificiis
1010 2102 1201 2157 specubus
1234 2116 1278 2142 ac
1309 2099 1434 2155 puteis
1466 2102 1649 2137 extracta

117 2177 144 2221 6
166 2190 262 2230 aqua
295 2173 519 2215 utebantur.
566 2173 653 2213 Hoc
683 2173 848 2227 probato
880 2171 1043 2212 consilio
1076 2184 1258 2224 magnum
1292 2182 1336 2208 ac
1366 2166 1519 2207 difficile
1551 2177 1647 2218 opus

165 2243 409 2299 adgreditur.
460 2241 695 2297 interseptis
718 2241 821 2282 enim
843 2240 1035 2295 specubus
1057 2246 1172 2292 atque
1195 2236 1375 2278 omnibus
1397 2233 1506 2274 urbis
1530 2231 1649 2287 parti·
1681 2237 1722 2269 30

1682 546 1696 564 Ἷ

309 2353 324 2384 1
345 2352 468 2384 imitati
487 2363 508 2384 a
522 2363 559 2393 c,-
579 2352 704 2384 imitari
727 2351 837 2392 ‘alii',
859 2349 976 2382 mirari
997 2349 1028 2380 b.
1210 2343 1452 2388 repperiebant
1469 2352 1503 2373 α.

164 2406 183 2438 3
203 2403 359 2436 conciliis
381 2404 475 2435 ‘mss.
498 2406 535 2434 et
549 2402 627 2434 edd.
648 2401 744 2444 qddst
898 2399 1188 2440 concionibusque
1208 2397 1272 2438 (a).
1429 2394 1446 2426 7
1467 2394 1647 2435 quicquam

164 2465 199 2495 α,
219 2464 288 2486 non
308 2454 424 2496 quidq.
578 2453 615 2485 11
638 2452 863 2484 descensione
883 2461 961 2483 cum
978 2450 990 2482 i
1007 2459 1114 2491 super
1132 2450 1172 2480 de
1191 2459 1225 2480 a.
1374 2445 1411 2478 11
1433 2447 1471 2475 et
1484 2445 1521 2476 15
1533 2441 1647 2474 Achil-

164 2508 221 2540 lan
240 2510 275 2538 et
290 2507 328 2538 15
343 2505 561 2548 Ganymeden
583 2516 603 2536 α
616 2504 695 2546 (sed
711 2507 740 2536 is
753 2503 886 2536 Ganim.
898 2502 1045 2544 ubique)
1064 2504 1102 2533 et
1115 2503 1193 2533 sine
1211 2499 1447 2531 annotatione
1466 2506 1501 2527 u.

165 2561 205 2593 13
226 2558 536 2590 demonstrauimus
553 2567 627 2588 cum
649 2557 680 2588 b.
824 2556 863 2588 14
883 2556 953 2598 ipse
967 2565 1036 2586 om.
1053 2554 1084 2585 b.
1227 2551 1266 2584 1ss
1281 2548 1502 2581 interfecita.

164 2613 239 2654 ipsa
259 2610 317 2641 hic
331 2612 474 2651 ponunt
491 2619 511 2640 a
526 2609 556 2648 b,
577 2611 658 2639 ante
677 2608 751 2640 sine
770 2618 805 2639 u.
994 2606 1032 2638 17
1053 2605 1104 2637 bis
1123 2614 1157 2636 a.
1364 2602 1402 2634 18
1421 2599 1562 2631 militem
1584 2599 1601 2629 b
1617 2609 1646 2629 c.

310 2662 496 2704 etreliqua
513 2671 534 2692 a
548 2661 580 2701 b,
601 2660 734 2702 reliqua
752 2670 788 2691 u.
931 2658 971 2691 19
993 2656 1079 2699 fere]
1100 2666 1186 2699 pene
1207 2655 1238 2686 b.
1388 2663 1406 2683 a
1425 2651 1501 2684 Nilo
1520 2661 1541 2683 α
1555 2651 1584 2691 b,
1606 2650 1648 2681 ad

166 2714 278 2749 Nilum
296 2723 332 2744 u.
495 2712 538 2746 20
556 2714 639 2743 ante
658 2710 779 2753 quibus
798 2709 881 2741 add.
903 2718 922 2740 a
942 2709 973 2740 b.
1155 2706 1198 2740 22
1217 2708 1427 2736 consuerunt
1443 2713 1464 2735 a
1486 2704 1581 2734 ‘yn-ss.
1603 2700 1648 2742 3‘,

167 2768 425 2798 consueuerunt
442 2774 476 2795 u.
630 2771 773 2803 namque
793 2760 928 2792 flumine
947 2770 982 2791 a.
1139 2758 1180 2792 25
1201 2762 1276 2789 erat
1294 2757 1388 2789 urbis
1408 2766 1443 2795 a,
1462 2755 1556 2788 urbis
1576 2758 1649 2787 erat

165 2817 241 2849 add.
485 2814 527 2850 27
548 2812 777 2845 distribuendi
796 2811 1017 2843 munitionem
1036 2820 1115 2842 cum
1129 2811 1275 2851 punctis
1293 2809 1355 2841 sub
1374 2808 1451 2840 endi
1471 2817 1505 2839 α.

166 2871 208 2903 28
227 2868 385 2911 specibus
405 2877 438 2899 α.
581 2866 624 2900 30
643 2864 844 2906 adgreditur
862 2874 895 2895 α.
1038 2861 1195 2906 specibus
1214 2871 1249 2893 α.
