1835 3240
683 164 1051 206 —g—

128 275 392 319 Schneiderus
413 277 453 319 in
474 277 569 332 ipsis
591 276 879 319 commentariis
903 273 1190 329 ephemeridum
1212 271 1418 325 uestigium
1440 272 1513 313 sibi
1540 273 1605 314 de-

128 346 382 400 prehendisse
402 346 509 386 uisus
532 352 605 386 est.
647 343 739 385 Lib.
764 344 865 384 enim
887 341 945 383 IV
963 343 1009 381 de
1030 341 1069 380 b.
1094 339 1198 380 Gall.
1222 338 1264 389 6,
1288 338 1315 378 4
1334 340 1454 381 uerba
1479 340 1606 381 ‘Ebu-

127 427 264 453 ronum
289 421 327 454 et
348 411 669 462 Condrusorum,
701 412 764 464 qui
786 417 878 451 sunt
898 407 1167 448 Treuerorum
1192 406 1380 448 clientes*
1412 421 1465 447 ex
1487 409 1604 462 ephe-

127 480 339 521 meridibus
361 487 515 521 retenta
537 486 665 534 putat,
690 477 788 530 quod
806 508 816 526 ,
851 490 934 516 cum
958 475 1229 515 commentarii
1258 483 1605 528 componerentur,

129 561 256 600 neque
277 547 486 588 Eburones
509 545 787 599 superfuerint,
813 556 937 595 neque
957 540 1128 583 Treueri
1151 540 1280 583 Gallia
1302 542 1340 582 in
1364 543 1606 596 prouinciam

127 615 286 655 redacta
308 616 472 655 clientes
495 613 638 653 habere
661 610 883 665 potuerint:
912 610 1055 650 ‘erant'
1077 610 1197 663 igitur
1220 617 1296 649 tum
1322 607 1487 650 Caesari
1507 610 1608 650 scri-

127 682 294 722 bendum
317 682 451 722 fuisse.
497 678 670 732 Quorum
693 685 873 719 neutrum
895 691 1032 717 uerum
1057 683 1130 717 est.
1173 675 1278 717 Nam
1302 677 1374 717 etsi
1396 675 1609 718 Eburones

127 748 469 790 uehementissime
501 762 522 787 a
548 744 722 787 Caesare
753 744 890 785 uexati
919 752 1037 794 sunt,
1073 752 1201 785 tamen
1231 759 1421 797 nusquam
1443 745 1608 785 relatum

129 823 192 857 est
213 829 280 856 eos
302 817 415 870 plane
438 815 596 855 excisos
619 827 725 854 esse.
777 811 838 852 Ita
871 812 974 853 enim
996 811 1151 853 Hirtius
1185 812 1223 852 b.
1255 811 1360 853 Gall.
1395 811 1519 863 VIII,
1553 812 1610 854 24

129 884 175 924 de
198 890 376 924 extrema
398 880 584 923 Caesaris
608 880 858 935 expeditione
879 879 988 930 dicit,
1014 894 1099 920 eum
1121 880 1363 934 Ambiorigis
1389 882 1486 921 fines
1509 881 1609 921 adeo

127 951 341 990 uastandos
365 949 526 990 duxisse
548 948 712 997 ciuibus,
738 947 942 998 aedificiis,
966 962 1106 1002 pecore
1121 979 1132 999 ,
1157 955 1195 988 ut
1218 948 1306 988 odio
1329 963 1489 988 suorum
1512 949 1610 987 Am-

126 1017 254 1057 biorix
272 1048 282 1067 ,
314 1017 348 1057 si
378 1031 473 1070 quos
496 1018 649 1057 fortuna
673 1015 834 1056 fecisset
854 1016 1050 1069 reliquos,
1085 1016 1230 1056 nullum
1260 1016 1426 1056 reditum
1450 1022 1611 1069 propter

128 1092 259 1125 tantas
281 1085 522 1125 calamitates
543 1083 708 1124 haberet
728 1083 768 1124 in
791 1083 1007 1125 ciuitatem.
1050 1082 1205 1124 Deinde
1227 1083 1346 1124 adicit
1367 1084 1496 1123 omnia
1522 1097 1609 1123 cae-

127 1152 237 1192 dibus
253 1183 263 1202 ,
295 1152 513 1201 incendiis,
548 1151 695 1205 rapinis
717 1158 874 1192 uastata
898 1165 1012 1201 esse,
1045 1166 1227 1205 magnum
1259 1165 1462 1192 numerum
1486 1150 1610 1190 homi-

128 1234 218 1259 num
234 1250 244 1268 ,
279 1234 356 1260 non
379 1234 513 1261 omnes
528 1250 539 1269 ,
574 1220 824 1260 interfectum
846 1227 913 1260 aut
933 1226 1101 1271 captum.
1147 1216 1518 1260 Commemorantur
1539 1232 1611 1258 au-

129 1294 204 1327 tem
227 1286 439 1328 Eburones
470 1302 492 1328 a
514 1285 710 1328 Strabone
740 1287 799 1329 IV
821 1303 858 1342 p.
882 1286 966 1329 296
996 1288 1129 1338 A1m.;
1156 1301 1308 1343 neque,
1339 1288 1439 1340 quod
1471 1293 1608 1339 postea

127 1368 205 1394 non
228 1355 502 1406 nominantur,
532 1355 676 1397 indicio
700 1364 760 1397 est
782 1370 848 1397 eos
869 1356 946 1396 iam
968 1363 1048 1396 tum
1070 1355 1273 1394 interisse.
1315 1354 1520 1394 Romanos
1543 1368 1611 1394 au-

128 1429 206 1462 tem
228 1423 267 1462 in
291 1423 575 1464 constituendis
599 1425 828 1478 prouinciis,
854 1430 1038 1477 quantum
1061 1422 1171 1462 salua
1193 1436 1346 1462 summa
1367 1421 1520 1475 imperii
1542 1435 1612 1474 po-

127 1496 269 1530 testate
290 1490 374 1530 fieri
392 1498 541 1544 posset,
566 1506 612 1532 ea
633 1491 828 1540 instituta,
853 1505 954 1544 quae
976 1492 1146 1540 fuerant,
1172 1503 1358 1531 seruasse
1376 1496 1509 1530 uotum
1531 1495 1608 1528 est.

129 1554 277 1608 Quidni
298 1557 417 1611 igitur
437 1556 606 1599 Treueri
629 1560 833 1599 clientelas
854 1558 1091 1598 retinuerint
1106 1589 1116 1607 ‚
1141 1558 1374 1611 praesertim
1397 1557 1462 1610 qui
1485 1571 1507 1596 a
1527 1554 1611 1596 Pli-

129 1624 194 1664 nio
218 1624 309 1665 hist.
336 1632 417 1664 nat.
441 1623 515 1675 IV,
541 1626 609 1676 17,
636 1625 716 1667 106
740 1627 921 1667 dicantur
945 1625 1086 1665 ‘liberi
1108 1625 1267 1664 antea'?
1314 1623 1465 1664 Eadem
1490 1637 1610 1664 causa

130 1699 193 1733 est
213 1693 350 1732 horum
372 1693 570 1733 locorum:
594 1693 648 1743 V,
673 1693 726 1734 39
748 1694 803 1734 in.
822 1725 832 1744 ,
864 1693 930 1733 ubi
953 1693 998 1733 de
1018 1691 1185 1732 Neruiis
1207 1692 1396 1742 refertur,
1424 1689 1612 1732 ‘Ceutro-

129 1774 201 1801 nes
217 1791 227 1810 ,
251 1758 423 1801 Grudios
438 1791 448 1810 ,
472 1759 685 1810 Leuaeos,
708 1759 964 1801 Pleumoxios
979 1791 989 1810 ,
1015 1758 1242 1809 Geidunos,
1277 1759 1339 1812 qui
1368 1760 1439 1800 sub
1475 1773 1610 1801 eorum

128 1827 294 1881 imperio
316 1828 427 1868 sunt'
451 1835 491 1868 et
504 1826 600 1877 VII,
623 1827 693 1878 75,
718 1828 746 1868 2
769 1828 978 1882 ‘imperant
998 1827 1172 1867 Haeduis
1194 1834 1311 1880 atque
1331 1841 1465 1867 eorum
1489 1828 1612 1868 elien-

129 1895 255 1948 tibus,
279 1893 527 1949 Segusiauis,
550 1895 833 1945 Ambluarefis,
858 1895 1044 1935 Aulercis
1066 1893 1401 1945 Brannouicibus,
1426 1894 1612 1935 Branno-

129 1963 221 2012 uiis,
245 1963 353 2003 milia
375 1961 558 2012 XXXV,
584 1977 715 2017 parem
739 1978 940 2004 numerum
952 1963 1148 2004 Aruernis
1171 1963 1362 2003 adiunctis
1383 1963 1612 2004 Eleutheris

132 2027 346 2080 Cadurcis,
383 2029 571 2080 Gabalis,
603 2031 806 2081 Velauiis,
841 2031 903 2085 qui
933 2031 1002 2070 sub
1030 2031 1193 2084 imperio
1215 2031 1490 2071 Aruernorum
1521 2045 1612 2072 esse

134 2099 402 2139 consuerunt'.
448 2096 559 2151 Quae
582 2113 666 2139 cum
688 2099 745 2139 ita
767 2098 860 2148 sint,
888 2100 1013 2139 nullas
1038 2098 1158 2138 fuisse
1181 2095 1371 2139 Caesaris
1392 2099 1613 2152 ephemeri-

132 2165 200 2206 des
222 2180 244 2206 a
266 2166 555 2206 commentariis
578 2167 755 2207 diuersas
777 2174 926 2207 certum
951 2179 1038 2206 esse
1061 2166 1347 2208 existimamus.

245 2231 345 2274 Cum
367 2240 498 2274 autem
521 2230 673 2276 Caesar
695 2248 820 2288 neque
841 2232 983 2274 Gallici
1006 2248 1132 2287 neque
1155 2234 1280 2274 ciuilis
1303 2233 1392 2274 belli
1416 2247 1614 2274 commen-

133 2301 256 2342 tarios
278 2302 361 2355 ipse
382 2302 637 2355 perfec-isset,
664 2315 731 2352 ea,
757 2315 856 2355 quae
879 2301 1064 2348 deerant,
1096 2308 1184 2355 post
1205 2309 1368 2341 mortem
1392 2301 1477 2341 eius
1500 2308 1613 2354 quat-

133 2377 222 2410 tuor
242 2369 366 2420 libris,
392 2377 531 2410 octauo
554 2370 600 2410 de
622 2370 722 2410 hello
746 2367 914 2419 Gallico,
940 2370 986 2409 de
1008 2368 1109 2409 bello
1130 2368 1406 2409 Alexandrino
1421 2399 1431 2418 ,
1458 2369 1615 2409 Africa-

133 2451 200 2487 no,
216 2436 473 2491 Hispaniensi
495 2438 672 2491 suppleta
694 2444 800 2477 sunt.
827 2435 888 2477 De
910 2450 984 2489 qua
1006 2449 1048 2476 re
1070 2436 1110 2476 in
1124 2437 1240 2489 epist.
1258 2437 1303 2476 ad
1319 2434 1482 2476 Balbum
1506 2443 1613 2476 octa-

133 2519 183 2545 uo
212 2505 310 2545 libro
341 2506 386 2546 de
418 2505 456 2544 b.
482 2504 586 2545 Gall.
619 2505 835 2559 praemissa
863 2504 916 2544 ita
938 2505 1104 2544 relatum
1128 2511 1210 2544 est:
1258 2500 1463 2544 ‘Caesaris
1487 2505 1613 2545 nostri

134 2572 434 2613 commentarios
457 2586 585 2615 rerum
610 2579 810 2625 gestarum
835 2570 987 2612 Galliae
1009 2585 1087 2613 nou
1116 2571 1415 2612 cohaerentibus
1437 2573 1614 2625 superio-

132 2641 243 2681 ribus
274 2648 391 2694 atque
421 2639 714 2693 insequentibus
745 2642 827 2679 eius
868 2640 1025 2692 scriptis
1056 2639 1242 2679 contexui
1281 2640 1614 2693 nouissimumque

133 2709 404 2763 imperfectum
427 2708 474 2748 ab
497 2709 613 2748 rebus
635 2707 755 2760 gestis
778 2706 1047 2747 Alexandriae
1079 2707 1229 2747 confeci
1251 2721 1373 2760 usque
1395 2708 1439 2747 ad
1464 2708 1613 2747 exitum

134 2790 213 2817 non
234 2776 386 2829 quidem
409 2776 535 2817 ciuilis
558 2775 817 2815 dissensionis
832 2806 843 2823 ‚
878 2775 988 2816 cuius
1010 2775 1124 2815 finem
1146 2775 1293 2815 nullum
1317 2775 1514 2825 uidemus,
1545 2776 1614 2816 sed

136 2844 242 2884 uitae
262 2841 481 2886 Caesaris'.
540 2842 647 2884 Nam
681 2841 1030 2884 ‘cohaerentibus'
1063 2849 1174 2884 recte
1205 2843 1427 2884 emendauit
1449 2841 1616 2884 Schnei-
