1835 3240
94 149 177 191 420
620 150 693 193 DE
726 152 916 195 BELLO
949 149 1198 194 GALLICO

95 265 150 309 25
172 265 264 306 tudo
286 266 333 306 ad
355 267 681 320 restinguendum
715 273 987 306 concurreret.
1047 263 1145 305 Cum
1169 266 1207 306 in
1239 266 1418 307 omnibus
1441 267 1536 308 locis
1560 282 1653 308 con-

171 341 324 387 sumpta
345 334 419 374 iam
444 336 593 386 reliqua
626 341 736 387 parte
767 333 894 373 noctis
919 341 1186 387 pugnaretur,
1219 348 1447 388 semperque
1478 336 1653 375 hostibus

172 416 262 456 spes
294 402 484 442 uictoriae
514 401 879 455 redintegraretur,
914 416 961 442 co
993 401 1143 455 magis,
1178 402 1278 454 quod
1310 403 1469 442 deustos
1500 404 1652 456 pluteos

172 470 336 511 turrium
361 470 543 510 uidebant
578 482 650 508 1100
673 469 787 509 facile
810 469 917 509 adire
942 477 1098 523 apertos
1121 469 1167 509 ad
1189 469 1456 510 auxiliandum
1480 471 1653 510 animad-

169 538 373 579 uertebant
393 569 402 587 ,
438 550 666 590 semperque
697 537 770 590 ipsi
803 544 984 577 recentes
1008 538 1174 577 defessis
1197 537 1455 577 succederent
1476 551 1648 578 omnem-

170 620 243 660 que
267 604 420 646 Galliae
444 605 607 644 salutem
630 604 670 644 in
693 605 758 644 illo
773 605 940 658 uestigio
963 605 1149 659 temporis
1168 605 1330 659 positam
1345 605 1650 655 arbitrarentur,

170 674 311 714 accidit
332 672 644 726 inspectantibus
669 672 795 722 nobis,
821 674 922 726 quod
945 673 1099 727 dignum
1124 673 1312 714 memoria
1337 673 1459 713 uisum
1479 679 1652 725 praetcr-

121 741 149 783 2
171 742 338 782 eundum
362 754 439 780 11011
463 740 793 781 existimauimus.
849 740 1017 793 Quidam
1053 749 1144 782 ante
1176 749 1326 795 portam
1357 740 1484 794 oppidi
1514 737 1652 780 Gallus

169 824 239 863 per
259 823 395 848 manus
427 808 509 848 seui
543 822 588 848 ac
620 810 716 862 picis
749 810 911 850 traditas
933 809 1067 863 glebas
1089 810 1130 849 in
1152 810 1283 863 ignem
1307 823 1327 848 e
1349 808 1513 861 regione
1535 808 1652 848 turris

169 876 408 931 proiciebat:
453 877 663 930 scorpione
696 878 742 917 ab
776 879 899 918 latere
932 879 1074 918 dextro
1107 878 1292 917 traiectus
1325 876 1653 928 exanimatusque

122 943 147 984 3
170 945 352 984 concidit.
407 943 520 984 Hunc
551 959 603 985 ex
635 947 839 999 proxumis
872 960 971 986 unus
1000 946 1195 986 iacentem
1218 952 1492 997 transgressus
1515 944 1652 983 eodem

167 1012 234 1053 illo
257 1026 419 1052 munere
443 1013 702 1067 fungebatur,
739 1014 871 1054 eadem
903 1014 1056 1054 ratione
1079 1014 1159 1053 ictu
1181 1012 1401 1066 scorpionis
1424 1010 1651 1052 exanimato

120 1080 147 1121 4
169 1081 285 1121 alteri
307 1081 499 1121 successit
520 1082 658 1122 tertius
682 1089 717 1121 et
742 1082 860 1122 tertio
884 1089 1045 1134 quartus
1062 1112 1071 1129 ,
1106 1095 1179 1122 nec
1210 1081 1317 1136 prius
1350 1080 1416 1121 ille
1439 1086 1500 1120 est
1521 1093 1540 1118 a
1565 1093 1653 1133 pro-

168 1149 451 1204 pugnatoribus
477 1164 622 1190 uacuus
645 1150 806 1190 relictus
828 1150 936 1189 locus
952 1181 962 1199 ,
1002 1164 1116 1202 quam
1146 1150 1339 1190 restincto
1372 1160 1516 1201 aggere
1538 1153 1652 1199 atque

91 1217 147 1262 26
171 1218 273 1257 0111111
298 1232 349 1257 ex
372 1224 482 1270 parte
504 1218 708 1258 summotis
733 1218 907 1257 hostibus
932 1218 1018 1257 finis
1041 1224 1102 1257 est
1123 1217 1319 1271 pugnandi
1342 1217 1484 1255 sactus.
1511 1213 1653 1255 Omnia

169 1286 322 1339 experti
348 1283 477 1334 Galli,
513 1286 614 1338 quod
647 1300 712 1325 res
747 1287 850 1325 nulla
874 1292 1148 1333 successerat,
1184 1292 1340 1338 postero
1364 1283 1424 1322 die
1448 1282 1653 1322 consilium

169 1360 358 1406 ceperunt
391 1367 443 1392 cx
466 1353 603 1407 oppido
626 1354 836 1407 profugere
861 1354 1042 1393 hortante
1063 1360 1099 1392 et
1122 1352 1281 1392 iubente
1303 1350 1650 1405 Vercingetorige.

119 1422 146 1464 2
166 1420 209 1461 Id
232 1421 390 1462 silentio
413 1422 540 1461 noctis
564 1422 694 1461 conati
716 1436 795 1461 non
816 1436 954 1476 magna
978 1421 1128 1461 iactura
1152 1434 1310 1460 suorum
1334 1432 1423 1458 sese
1442 1418 1653 1458 effecturos

168 1490 403 1544 sperabant,
438 1496 645 1543 propterea
680 1490 779 1543 qnod
811 1504 939 1543 neque
961 1491 1079 1543 longe
1102 1489 1148 1528 ab
1172 1488 1310 1542 oppido
1333 1493 1463 1526 castra
1483 1484 1654 1527 Vercin-

167 1558 359 1613 getorigis
382 1557 559 1608 aberant,
586 1565 619 1597 01
644 1558 773 1612 paluS,
798 1572 897 1610 quae
919 1565 1107 1611 perpetua
1130 1556 1420 1606 intercedebat,
1450 1553 1654 1594 Romanos

120 1625 144 1666 3
169 1627 213 1667 ad
238 1627 524 1681 insequendum
548 1626 740 1666 tardabat.
803 1624 964 1679 Iamque
996 1626 1069 1665 hoc
1103 1626 1233 1665 facere
1256 1630 1374 1664 noctu
1396 1621 1650 1677 apparabant,

167 1709 252 1734 cum
286 1695 606 1735 111atresl'a1niliae
636 1701 798 1748 repente
829 1695 870 1734 in
902 1694 1094 1748 publicum
1124 1698 1407 1747 procurrerunt
1438 1691 1653 1742 flentesque

166 1762 365 1816 proiectae
398 1762 444 1802 ad
468 1763 584 1815 pedes
607 1776 766 1802 suorum
790 1763 970 1802 omnibus
994 1762 1175 1816 precibus
1199 1761 1422 1815 petierunt,
1460 1772 1508 1798 110
1540 1771 1582 1798 50
1614 1764 1652 1797 ct

167 1844 393 1870 communes
415 1830 560 1870 liberos
585 1830 760 1870 hostibus
783 1831 828 1870 ad
853 1831 1080 1886 supplicium
1095 1830 1297 1878 dederent,
1323 1841 1420 1880 quos
1439 1827 1484 1866 ad
1499 1825 1654 1879 capien-

119 1898 145 1939 4
169 1899 253 1938 dam
276 1899 405 1951 sugam
428 1906 594 1938 naturae
617 1906 656 1938 et
678 1899 819 1939 uirium
841 1899 1050 1938 infirmitas
1072 1898 1283 1951 inpediret.
1320 1895 1396 1937 vbi
1414 1908 1481 1935 005
1503 1894 1543 1933 in
1565 1906 1656 1933 sen-

166 1967 290 2008 tentia
314 1973 494 2019 perstare
517 1966 715 2015 uiderunt,
741 1967 841 2020 quod
865 1968 1093 2021 plerumque
1114 1966 1154 2006 in
1176 1978 1326 2005 summo
1350 1961 1520 2017 periculo
1538 1961 1655 2001 timor

165 2034 473 2075 misericordiam
497 2049 574 2075 non
596 2034 762 2088 recipit,
802 2036 1050 2076 conclamare
1083 2041 1122 2075 et
1143 2033 1366 2088 significare
1389 2031 1436 2071 dc
1460 2031 1550 2084 suga
1571 2028 1653 2068 Ro-

309 2191 328 2222 4
347 2190 493 2221 animum
513 2190 740 2223 aduertebant
760 2201 805 2222 0oe
821 2191 909 2223 solis
927 2190 1021 2222 And.
1045 2190 1159 2222 Oxon.
1180 2199 1214 2220 u.
1399 2188 1416 2219 5
1437 2185 1515 2229 ipsi]
1538 2185 1589 2216 illi
1607 2185 1651 2216 A.

310 2241 327 2273 7
357 2241 642 2282 praetereundum
669 2242 699 2273 B
717 2252 732 2272 c
763 2241 947 2283 ‘rele'qm'’,
976 2239 1317 2283 praetermittendum
1347 2238 1442 2270 And.
1473 2237 1588 2269 Oa-on.
1615 2245 1651 2267 u.

308 2293 328 2324 8
348 2291 465 2324 Gallus
492 2303 552 2335 per
569 2303 687 2325 manus
706 2294 736 2325 B
754 2297 787 2324 cl
805 2294 963 2335 reliquz',·
991 2292 1131 2332 Gallus,
1159 2293 1215 2334 qui
1234 2302 1294 2334 per
1312 2300 1430 2321 manus
1451 2290 1509 2320 be.

165 2346 184 2379 9
204 2344 276 2377 sebi
296 2344 330 2376 d.
476 2345 515 2377 10
535 2346 738 2387 proiiciebat
759 2345 831 2387 (B).
1006 2345 1187 2387 scurpione
1206 2344 1236 2375 B
1255 2346 1290 2374 et
1309 2343 1377 2372 ‘liic
1395 2344 1431 2372 et
1446 2339 1542 2372 moa?
1562 2338 1595 2370 A
1610 2338 1649 2369 C.

312 2396 347 2428 ll
370 2396 457 2427 hunc
478 2401 512 2428 et
531 2408 571 2428 ex
590 2398 634 2429 A.
782 2397 955 2439 proxumis
975 2397 1060 2428 BD.
1229 2395 1267 2427 13
1287 2393 1388 2425 alteri
1406 2392 1436 2424 B
1453 2395 1489 2423 et
1506 2390 1647 2431 reliqui,

166 2449 274 2480 altero
296 2447 415 2479 bede.
564 2449 601 2481 14
621 2449 716 2480 locus
737 2460 805 2480 om.
828 2451 857 2481 b.
993 2449 1032 2480 15
1052 2448 1141 2478 omni
1161 2457 1201 2478 ex
1219 2450 1315 2487 parte
1335 2455 1367 2484 a,
1389 2443 1478 2474 0111111
1498 2453 1536 2474 ea
1556 2446 1652 2484 parte

165 2500 196 2532 B
213 2503 248 2531 et
264 2499 416 2540 reliqu&
438 2499 525 2530 omni
544 2504 638 2541 parte
660 2499 775 2531 bede.
918 2498 1094 2530 summotis
1113 2498 1154 2538 B,
1176 2506 1245 2528 non
1267 2494 1444 2527 submotis.
1597 2493 1655 2523 ho-

166 2550 276 2583 stibus
296 2560 364 2581 0711.
386 2560 414 2580 e.
558 2549 595 2581 17
617 2549 796 2591 ceperunt]
818 2549 977 2581 fecerunt
996 2549 1054 2580 be.
1210 2547 1247 2579 19
1268 2544 1465 2588 sperabant]
1486 2543 1653 2587 putabant

166 2614 182 2634 e
200 2606 244 2643 et,
267 2604 330 2643 qm·
345 2601 498 2633 alterum
521 2601 627 2632 habet
640 2611 708 2642 pro
728 2611 807 2632 nar.
829 2601 923 2641 lect„
946 2611 974 2633 c.
1117 2598 1379 2640 Vercingetoria
1402 2598 1460 2640 (—
1480 2599 1530 2629 rix
1544 2596 1650 2639 puto)

168 2655 185 2686 b
198 2665 228 2687 0.
368 2652 410 2687 20
429 2652 586 2694 aberant]
607 2653 752 2684 habebat
771 2654 787 2684 b
803 2663 832 2684 c.
1028 2662 1112 2693 quae
1132 2656 1297 2694 perpetua
1316 2652 1345 2683 B
1363 2655 1396 2683 el
1416 2650 1555 2692 relfqm3
1578 2662 1652 2693 per-

166 2711 268 2749 petua
287 2715 373 2747 quae
394 2705 410 2736 b
424 2716 440 2735 c
453 2715 482 2736 e.
601 2705 640 2737 21
665 2704 822 2735 tal-(lebat
835 2705 879 2735 D.
1001 2704 1168 2736 haecAB
1184 2705 1211 2736 C
1226 2705 1282 2735 bc.
1401 2705 1443 2739 22
1462 2701 1649 2746 publicum]

163 2758 310 2790 medium
330 2757 361 2788 b.
526 2761 771 2798 procurrerant
790 2757 807 2788 b
821 2767 850 2788 e.
1002 2756 1044 2790 23
1065 2757 1244 2799 praecibus
1263 2756 1303 2788 B.
1455 2756 1652 2799 petiuerunt

170 2810 187 2841 b
201 2820 230 2841 e.
385 2808 428 2841 24
448 2818 531 2851 quas
549 2808 581 2840 D
598 2808 615 2839 b
628 2818 685 2839 ce.
849 2809 889 2842 25
910 2808 1117 2851 impediebat
1137 2809 1154 2841 b
1173 2808 1361 2852 (inpediret
1380 2807 1437 2849 B).
1616 2807 1649 2838 in

165 2860 360 2904 praeseutia
381 2861 424 2893 A.
566 2859 607 2895 27
628 2860 753 2903 recepit
769 2860 813 2892 Α.

1686 882 1726 915 10

1687 1221 1724 1253 1.

1685 1559 1705 1594 2

1684 1899 1705 1934 2

1709 1233 1726 1253 3

1709 1560 1728 1592 0

1710 1900 1727 1932 5
