<?xml version="1.0" encoding="UTF-8"?>
<!DOCTYPE html PUBLIC "-//W3C//DTD XHTML 1.0 Transitional//EN"
    "http://www.w3.org/TR/xhtml1/DTD/xhtml1-transitional.dtd">
<html xmlns="http://www.w3.org/1999/xhtml" xml:lang="en" lang="en">
 <head>
  <title>
</title>
<meta http-equiv="Content-Type" content="text/html;charset=utf-8" />
  <meta name='ocr-system' content='tesseract 3.04.00' />
  <meta name='ocr-capabilities' content='ocr_page ocr_carea ocr_par ocr_line ocrx_word'/>
</head>
<body>
  <div class='ocr_page' id='page_1' title='image "./commentarii00caesuoft_0329.png"; bbox 0 0 1835 3240; ppageno 0'>
   <div class='ocr_carea' id='block_1_1' title="bbox 589 164 1728 218">
    <p class='ocr_par' dir='ltr' id='par_1_1' title="bbox 589 164 1728 218">
     <span class='ocr_line' id='line_1_1' title="bbox 589 164 1728 218; baseline 0.009 -10"><span class='ocrx_word' id='word_1_1' title='bbox 589 164 772 209; x_wconf 85' lang='lat' dir='ltr'><strong>COMM.</strong></span> <span class='ocrx_word' id='word_1_2' title='bbox 796 165 856 209; x_wconf 89' lang='lat'><strong>111</strong></span> <span class='ocrx_word' id='word_1_3' title='bbox 888 164 1012 208; x_wconf 90' lang='lat' dir='ltr'><strong>CAP.</strong></span> <span class='ocrx_word' id='word_1_4' title='bbox 1037 166 1153 208; x_wconf 88' lang='lat'><strong>13-</strong></span> <span class='ocrx_word' id='word_1_5' title='bbox 1170 167 1238 210; x_wconf 86' lang='lat'><strong>14.</strong></span> <span class='ocrx_word' id='word_1_6' title='bbox 1646 175 1728 218; x_wconf 78' lang='lat'><strong>319</strong></span> 
     </span>
    </p>
   </div>
   <div class='ocr_carea' id='block_1_2' title="bbox 169 278 1700 538">
    <p class='ocr_par' dir='ltr' id='par_1_2' title="bbox 169 278 1700 538">
     <span class='ocr_line' id='line_1_2' title="bbox 175 278 1698 339; baseline 0.002 -18"><span class='ocrx_word' id='word_1_7' title='bbox 175 290 214 323; x_wconf 90' lang='lat' dir='ltr'><strong>et</strong></span> <span class='ocrx_word' id='word_1_8' title='bbox 234 278 603 321; x_wconf 79' lang='lat' dir='ltr'>accommodatiora.</span> <span class='ocrx_word' id='word_1_9' title='bbox 655 279 801 334; x_wconf 89' lang='lat' dir='ltr'><strong>Neque</strong></span> <span class='ocrx_word' id='word_1_10' title='bbox 834 281 937 321; x_wconf 89' lang='lat' dir='ltr'><strong>enim</strong></span> <span class='ocrx_word' id='word_1_11' title='bbox 961 281 1019 321; x_wconf 89' lang='lat' dir='ltr'><strong>his</strong></span> <span class='ocrx_word' id='word_1_12' title='bbox 1042 288 1202 321; x_wconf 88' lang='lat' dir='ltr'><strong>nostrae</strong></span> <span class='ocrx_word' id='word_1_13' title='bbox 1223 287 1353 321; x_wconf 90' lang='lat' dir='ltr'><strong>rostro</strong></span> <span class='ocrx_word' id='word_1_14' title='bbox 1377 296 1520 324; x_wconf 87' lang='lat' dir='ltr'><strong>nocere</strong></span> <span class='ocrx_word' id='word_1_15' title='bbox 1543 294 1651 339; x_wconf 80' lang='lat' dir='ltr'><strong>pote-</strong></span> <span class='ocrx_word' id='word_1_16' title='bbox 1672 288 1698 330; x_wconf 87' lang='lat'>8</span> 
     </span>
     <span class='ocr_line' id='line_1_3' title="bbox 172 347 1653 403; baseline 0.005 -14"><span class='ocrx_word' id='word_1_17' title='bbox 172 355 262 389; x_wconf 89' lang='lat' dir='ltr'><strong>rant</strong></span> <span class='ocrx_word' id='word_1_18' title='bbox 284 349 411 400; x_wconf 87' lang='lat' dir='ltr'><strong>(tanta</strong></span> <span class='ocrx_word' id='word_1_19' title='bbox 433 347 473 387; x_wconf 91' lang='lat' dir='ltr'><strong>in</strong></span> <span class='ocrx_word' id='word_1_20' title='bbox 494 347 544 387; x_wconf 89' lang='lat' dir='ltr'><strong>iis</strong></span> <span class='ocrx_word' id='word_1_21' title='bbox 568 355 654 388; x_wconf 89' lang='lat' dir='ltr'><strong>erat</strong></span> <span class='ocrx_word' id='word_1_22' title='bbox 674 349 906 401; x_wconf 84' lang='lat' dir='ltr'><strong>firmitudo),</strong></span> <span class='ocrx_word' id='word_1_23' title='bbox 942 362 1069 402; x_wconf 88' lang='lat' dir='ltr'><strong>neque</strong></span> <span class='ocrx_word' id='word_1_24' title='bbox 1091 354 1251 403; x_wconf 89' lang='lat' dir='ltr'><strong>propter</strong></span> <span class='ocrx_word' id='word_1_25' title='bbox 1272 349 1515 390; x_wconf 82' lang='lat' dir='ltr'>altitudinem</span> <span class='ocrx_word' id='word_1_26' title='bbox 1538 355 1653 396; x_wconf 84' lang='lat' dir='ltr'><strong>facile</strong></span> 
     </span>
     <span class='ocr_line' id='line_1_4' title="bbox 172 415 1653 471; baseline 0.004 -16"><span class='ocrx_word' id='word_1_27' title='bbox 172 416 291 456; x_wconf 87' lang='lat' dir='ltr'><strong>telum</strong></span> <span class='ocrx_word' id='word_1_28' title='bbox 312 415 569 465; x_wconf 76' lang='lat' dir='ltr'>adiciebatur,</span> <span class='ocrx_word' id='word_1_29' title='bbox 596 423 634 456; x_wconf 86' lang='lat' dir='ltr'><strong>et</strong></span> <span class='ocrx_word' id='word_1_30' title='bbox 656 417 791 457; x_wconf 89' lang='lat' dir='ltr'><strong>eadem</strong></span> <span class='ocrx_word' id='word_1_31' title='bbox 815 417 861 457; x_wconf 92' lang='lat' dir='ltr'><strong>de</strong></span> <span class='ocrx_word' id='word_1_32' title='bbox 883 418 1144 457; x_wconf 88' lang='lat' dir='ltr'><strong>causaminus</strong></span> <span class='ocrx_word' id='word_1_33' title='bbox 1167 417 1368 457; x_wconf 89' lang='lat' dir='ltr'><strong>commode</strong></span> <span class='ocrx_word' id='word_1_34' title='bbox 1391 418 1538 471; x_wconf 89' lang='lat' dir='ltr'><strong>copulis</strong></span> <span class='ocrx_word' id='word_1_35' title='bbox 1561 434 1653 461; x_wconf 87' lang='lat' dir='ltr'><strong>con-</strong></span> 
     </span>
     <span class='ocr_line' id='line_1_5' title="bbox 169 483 1700 538; baseline 0.005 -15"><span class='ocrx_word' id='word_1_36' title='bbox 169 483 410 524; x_wconf 86' lang='lat' dir='ltr'><strong>tinebantur.</strong></span> <span class='ocrx_word' id='word_1_37' title='bbox 454 484 707 533; x_wconf 80' lang='lat' dir='ltr'><strong>Accedebat,</strong></span> <span class='ocrx_word' id='word_1_38' title='bbox 742 491 804 534; x_wconf 93' lang='lat' dir='ltr'><strong>ut,</strong></span> <span class='ocrx_word' id='word_1_39' title='bbox 838 498 925 524; x_wconf 90' lang='lat' dir='ltr'><strong>cum</strong></span> <span class='ocrx_word' id='word_1_40' title='bbox 957 484 1114 525; x_wconf 91' lang='lat' dir='ltr'><strong>saeuire</strong></span> <span class='ocrx_word' id='word_1_41' title='bbox 1145 491 1289 525; x_wconf 87' lang='lat' dir='ltr'><strong>uentus</strong></span> <span class='ocrx_word' id='word_1_42' title='bbox 1321 485 1518 538; x_wconf 86' lang='lat' dir='ltr'><strong>coepisset</strong></span> <span class='ocrx_word' id='word_1_43' title='bbox 1549 495 1652 530; x_wconf 89' lang='lat' dir='ltr'><strong>etse</strong></span> <span class='ocrx_word' id='word_1_44' title='bbox 1673 491 1700 531; x_wconf 81' lang='lat'>9</span> 
     </span>
    </p>
   </div>
   <div class='ocr_carea' id='block_1_3' title="bbox 123 552 1655 605">
    <p class='ocr_par' dir='ltr' id='par_1_3' title="bbox 123 552 1655 605">
     <span class='ocr_line' id='line_1_6' title="bbox 123 552 1655 605; baseline 0.004 -15"><span class='ocrx_word' id='word_1_45' title='bbox 123 560 140 590; x_wconf 86' lang='lat'>5</span> <span class='ocrx_word' id='word_1_46' title='bbox 172 558 289 592; x_wconf 92' lang='lat' dir='ltr'><strong>uento</strong></span> <span class='ocrx_word' id='word_1_47' title='bbox 313 552 536 599; x_wconf 83' lang='lat' dir='ltr'><strong>dedissent,</strong></span> <span class='ocrx_word' id='word_1_48' title='bbox 569 558 608 592; x_wconf 89' lang='lat' dir='ltr'><strong>et</strong></span> <span class='ocrx_word' id='word_1_49' title='bbox 629 558 901 605; x_wconf 83' lang='lat' dir='ltr'><strong>tempestatem</strong></span> <span class='ocrx_word' id='word_1_50' title='bbox 926 553 1077 592; x_wconf 81' lang='lat' dir='ltr'><strong>ferrent</strong></span> <span class='ocrx_word' id='word_1_51' title='bbox 1098 552 1249 593; x_wconf 78' lang='lat' dir='ltr'><strong>facilius</strong></span> <span class='ocrx_word' id='word_1_52' title='bbox 1273 553 1371 593; x_wconf 90' lang='lat' dir='ltr'><strong>etin</strong></span> <span class='ocrx_word' id='word_1_53' title='bbox 1395 554 1503 594; x_wconf 89' lang='lat' dir='ltr'><strong>uadis</strong></span> <span class='ocrx_word' id='word_1_54' title='bbox 1526 557 1655 596; x_wconf 89' lang='lat' dir='ltr'><strong>consi-</strong></span> 
     </span>
    </p>
   </div>
   <div class='ocr_carea' id='block_1_4' title="bbox 95 897 133 929">
    <p class='ocr_par' dir='ltr' id='par_1_4' title="bbox 95 897 133 929">
     <span class='ocr_line' id='line_1_7' title="bbox 95 897 133 929; baseline -0.026 0"><span class='ocrx_word' id='word_1_55' title='bbox 95 897 133 929; x_wconf 87' lang='lat'><strong>10</strong></span> 
     </span>
    </p>
   </div>
   <div class='ocr_carea' id='block_1_5' title="bbox 163 619 1728 1895">
    <p class='ocr_par' dir='ltr' id='par_1_5' title="bbox 163 619 1728 1895">
     <span class='ocr_line' id='line_1_8' title="bbox 167 619 1650 675; baseline 0.003 -16"><span class='ocrx_word' id='word_1_56' title='bbox 167 626 321 659; x_wconf 89' lang='lat' dir='ltr'><strong>sterent</strong></span> <span class='ocrx_word' id='word_1_57' title='bbox 352 620 474 660; x_wconf 87' lang='lat' dir='ltr'><strong>tutius</strong></span> <span class='ocrx_word' id='word_1_58' title='bbox 506 627 544 660; x_wconf 90' lang='lat' dir='ltr'><strong>et</strong></span> <span class='ocrx_word' id='word_1_59' title='bbox 571 619 617 659; x_wconf 90' lang='lat' dir='ltr'><strong>ab</strong></span> <span class='ocrx_word' id='word_1_60' title='bbox 650 627 761 660; x_wconf 89' lang='lat' dir='ltr'><strong>aestu</strong></span> <span class='ocrx_word' id='word_1_61' title='bbox 789 620 953 660; x_wconf 89' lang='lat' dir='ltr'><strong>relictae</strong></span> <span class='ocrx_word' id='word_1_62' title='bbox 984 620 1079 660; x_wconf 89' lang='lat' dir='ltr'><strong>nihil</strong></span> <span class='ocrx_word' id='word_1_63' title='bbox 1100 634 1200 660; x_wconf 80' lang='lat' dir='ltr'><strong>saxa</strong></span> <span class='ocrx_word' id='word_1_64' title='bbox 1223 627 1263 659; x_wconf 91' lang='lat' dir='ltr'><strong>et</strong></span> <span class='ocrx_word' id='word_1_65' title='bbox 1284 628 1417 661; x_wconf 90' lang='lat' dir='ltr'><strong>cautes</strong></span> <span class='ocrx_word' id='word_1_66' title='bbox 1441 621 1650 675; x_wconf 87' lang='lat' dir='ltr'><strong>timerent;</strong></span> 
     </span>
     <span class='ocr_line' id='line_1_9' title="bbox 168 687 1647 740; baseline 0.004 -14"><span class='ocrx_word' id='word_1_67' title='bbox 168 701 331 740; x_wconf 86' lang='lat' dir='ltr'><strong>quarum</strong></span> <span class='ocrx_word' id='word_1_68' title='bbox 353 702 487 728; x_wconf 88' lang='lat' dir='ltr'><strong>rerum</strong></span> <span class='ocrx_word' id='word_1_69' title='bbox 510 687 683 727; x_wconf 90' lang='lat' dir='ltr'><strong>omnium</strong></span> <span class='ocrx_word' id='word_1_70' title='bbox 706 687 851 727; x_wconf 90' lang='lat' dir='ltr'><strong>nostris</strong></span> <span class='ocrx_word' id='word_1_71' title='bbox 875 687 1041 727; x_wconf 87' lang='lat' dir='ltr'><strong>nauibus</strong></span> <span class='ocrx_word' id='word_1_72' title='bbox 1064 701 1181 728; x_wconf 89' lang='lat' dir='ltr'><strong>casus</strong></span> <span class='ocrx_word' id='word_1_73' title='bbox 1205 695 1291 728; x_wconf 85' lang='lat' dir='ltr'><strong>erat</strong></span> <span class='ocrx_word' id='word_1_74' title='bbox 1313 689 1647 732; x_wconf 81' lang='lat' dir='ltr'><strong>extimescendus.</strong></span> 
     </span>
     <span class='ocr_line' id='line_1_10' title="bbox 167 753 1728 810; baseline 0.003 -15"><span class='ocrx_word' id='word_1_75' title='bbox 167 753 432 808; x_wconf 76' lang='lat' dir='ltr'><strong>Compluribus</strong></span> <span class='ocrx_word' id='word_1_76' title='bbox 455 755 692 810; x_wconf 83' lang='lat' dir='ltr'><strong>expugnatis</strong></span> <span class='ocrx_word' id='word_1_77' title='bbox 716 755 866 809; x_wconf 87' lang='lat' dir='ltr'><strong>oppidis</strong></span> <span class='ocrx_word' id='word_1_78' title='bbox 889 753 1065 806; x_wconf 85' lang='lat' dir='ltr'><strong>Caesar,</strong></span> <span class='ocrx_word' id='word_1_79' title='bbox 1090 756 1155 796; x_wconf 89' lang='lat' dir='ltr'><strong>ubi</strong></span> <span class='ocrx_word' id='word_1_80' title='bbox 1176 756 1374 796; x_wconf 82' lang='lat' dir='ltr'><strong>intellexit</strong></span> <span class='ocrx_word' id='word_1_81' title='bbox 1396 758 1543 798; x_wconf 87' lang='lat' dir='ltr'><strong>frustra</strong></span> <span class='ocrx_word' id='word_1_82' title='bbox 1565 765 1652 799; x_wconf 89' lang='lat' dir='ltr'><strong>tan·</strong></span> <span class='ocrx_word' id='word_1_83' title='bbox 1673 760 1728 805; x_wconf 81' lang='lat'><strong>14</strong></span> 
     </span>
     <span class='ocr_line' id='line_1_11' title="bbox 169 822 1653 879; baseline 0.004 -17"><span class='ocrx_word' id='word_1_84' title='bbox 169 829 247 862; x_wconf 87' lang='lat' dir='ltr'><strong>tum</strong></span> <span class='ocrx_word' id='word_1_85' title='bbox 270 822 443 863; x_wconf 89' lang='lat' dir='ltr'><strong>laborem</strong></span> <span class='ocrx_word' id='word_1_86' title='bbox 466 824 565 863; x_wconf 89' lang='lat' dir='ltr'><strong>sumi</strong></span> <span class='ocrx_word' id='word_1_87' title='bbox 588 837 713 876; x_wconf 84' lang='lat' dir='ltr'><strong>neque</strong></span> <span class='ocrx_word' id='word_1_88' title='bbox 736 823 907 863; x_wconf 86' lang='lat' dir='ltr'><strong>hostium</strong></span> <span class='ocrx_word' id='word_1_89' title='bbox 931 825 1061 877; x_wconf 80' lang='lat' dir='ltr'><strong>fugam</strong></span> <span class='ocrx_word' id='word_1_90' title='bbox 1086 823 1208 877; x_wconf 86' lang='lat' dir='ltr'><strong>captis</strong></span> <span class='ocrx_word' id='word_1_91' title='bbox 1232 825 1379 877; x_wconf 90' lang='lat' dir='ltr'><strong>oppidis</strong></span> <span class='ocrx_word' id='word_1_92' title='bbox 1402 826 1562 879; x_wconf 78' lang='lat' dir='ltr'><strong>reprimi</strong></span> <span class='ocrx_word' id='word_1_93' title='bbox 1585 841 1653 868; x_wconf 91' lang='lat' dir='ltr'><strong>ne-</strong></span> 
     </span>
     <span class='ocr_line' id='line_1_12' title="bbox 166 891 1699 945; baseline 0.005 -15"><span class='ocrx_word' id='word_1_94' title='bbox 166 904 240 943; x_wconf 89' lang='lat' dir='ltr'><strong>que</strong></span> <span class='ocrx_word' id='word_1_95' title='bbox 262 891 310 931; x_wconf 87' lang='lat' dir='ltr'><strong>iis</strong></span> <span class='ocrx_word' id='word_1_96' title='bbox 334 891 469 931; x_wconf 90' lang='lat' dir='ltr'><strong>noceri</strong></span> <span class='ocrx_word' id='word_1_97' title='bbox 492 905 622 945; x_wconf 87' lang='lat' dir='ltr'><strong>posse,</strong></span> <span class='ocrx_word' id='word_1_98' title='bbox 649 892 789 932; x_wconf 89' lang='lat' dir='ltr'><strong>statuit</strong></span> <span class='ocrx_word' id='word_1_99' title='bbox 811 892 1095 945; x_wconf 78' lang='lat' dir='ltr'><strong>expectandam</strong></span> <span class='ocrx_word' id='word_1_100' title='bbox 1119 891 1298 932; x_wconf 80' lang='lat' dir='ltr'><strong>classem.</strong></span> <span class='ocrx_word' id='word_1_101' title='bbox 1335 891 1447 945; x_wconf 81' lang='lat' dir='ltr'><strong>Quae</strong></span> <span class='ocrx_word' id='word_1_102' title='bbox 1470 894 1534 935; x_wconf 92' lang='lat' dir='ltr'><strong>ubi</strong></span> <span class='ocrx_word' id='word_1_103' title='bbox 1558 910 1651 936; x_wconf 89' lang='lat' dir='ltr'><strong>con·</strong></span> <span class='ocrx_word' id='word_1_104' title='bbox 1673 896 1699 937; x_wconf 79' lang='lat'><strong>2</strong></span> 
     </span>
     <span class='ocr_line' id='line_1_13' title="bbox 167 959 1651 1012; baseline 0.004 -14"><span class='ocrx_word' id='word_1_105' title='bbox 167 959 276 999; x_wconf 88' lang='lat' dir='ltr'><strong>uenit</strong></span> <span class='ocrx_word' id='word_1_106' title='bbox 298 973 342 998; x_wconf 90' lang='lat' dir='ltr'><strong>ac</strong></span> <span class='ocrx_word' id='word_1_107' title='bbox 365 959 528 1012; x_wconf 88' lang='lat' dir='ltr'><strong>primum</strong></span> <span class='ocrx_word' id='word_1_108' title='bbox 551 959 598 999; x_wconf 87' lang='lat' dir='ltr'><strong>ab</strong></span> <span class='ocrx_word' id='word_1_109' title='bbox 623 959 799 1000; x_wconf 82' lang='lat' dir='ltr'><strong>hostibus</strong></span> <span class='ocrx_word' id='word_1_110' title='bbox 822 961 907 1000; x_wconf 88' lang='lat' dir='ltr'><strong>uisa</strong></span> <span class='ocrx_word' id='word_1_111' title='bbox 931 966 1017 1010; x_wconf 84' lang='lat' dir='ltr'><strong>est,</strong></span> <span class='ocrx_word' id='word_1_112' title='bbox 1043 959 1204 999; x_wconf 83' lang='lat' dir='ltr'><strong>circiter</strong></span> <span class='ocrx_word' id='word_1_113' title='bbox 1225 967 1347 1000; x_wconf 78' lang='lat' dir='ltr'>CCXX</span> <span class='ocrx_word' id='word_1_114' title='bbox 1370 976 1490 1002; x_wconf 88' lang='lat' dir='ltr'><strong>naues</strong></span> <span class='ocrx_word' id='word_1_115' title='bbox 1513 976 1651 1004; x_wconf 89' lang='lat' dir='ltr'><strong>eorum</strong></span> 
     </span>
     <span class='ocr_line' id='line_1_14' title="bbox 165 1026 1652 1084; baseline 0.005 -19"><span class='ocrx_word' id='word_1_116' title='bbox 165 1026 438 1079; x_wconf 79' lang='lat' dir='ltr'><strong>paratissimae</strong></span> <span class='ocrx_word' id='word_1_117' title='bbox 469 1034 585 1080; x_wconf 89' lang='lat' dir='ltr'><strong>atque</strong></span> <span class='ocrx_word' id='word_1_118' title='bbox 617 1028 722 1068; x_wconf 87' lang='lat' dir='ltr'><strong>omni</strong></span> <span class='ocrx_word' id='word_1_119' title='bbox 753 1041 902 1082; x_wconf 84' lang='lat' dir='ltr'><strong>genere</strong></span> <span class='ocrx_word' id='word_1_120' title='bbox 932 1042 1129 1067; x_wconf 87' lang='lat' dir='ltr'><strong>armorum</strong></span> <span class='ocrx_word' id='word_1_121' title='bbox 1153 1029 1430 1069; x_wconf 87' lang='lat' dir='ltr'><strong>ornatissimae</strong></span> <span class='ocrx_word' id='word_1_122' title='bbox 1452 1032 1652 1084; x_wconf 87' lang='lat' dir='ltr'><strong>profectae</strong></span> 
     </span>
     <span class='ocr_line' id='line_1_15' title="bbox 166 1095 1699 1152; baseline 0.003 -18"><span class='ocrx_word' id='word_1_123' title='bbox 166 1108 219 1135; x_wconf 86' lang='lat' dir='ltr'><strong>ex</strong></span> <span class='ocrx_word' id='word_1_124' title='bbox 250 1102 366 1148; x_wconf 88' lang='lat' dir='ltr'><strong>portu</strong></span> <span class='ocrx_word' id='word_1_125' title='bbox 397 1095 545 1135; x_wconf 88' lang='lat' dir='ltr'><strong>nostris</strong></span> <span class='ocrx_word' id='word_1_126' title='bbox 577 1096 769 1136; x_wconf 88' lang='lat' dir='ltr'><strong>aduersae</strong></span> <span class='ocrx_word' id='word_1_127' title='bbox 793 1096 1085 1146; x_wconf 82' lang='lat' dir='ltr'><strong>constiterunt3</strong></span> <span class='ocrx_word' id='word_1_128' title='bbox 1122 1110 1248 1149; x_wconf 85' lang='lat' dir='ltr'><strong>neque</strong></span> <span class='ocrx_word' id='word_1_129' title='bbox 1279 1097 1376 1137; x_wconf 89' lang='lat' dir='ltr'><strong>satis</strong></span> <span class='ocrx_word' id='word_1_130' title='bbox 1398 1095 1550 1149; x_wconf 85' lang='lat' dir='ltr'><strong>Bruto,</strong></span> <span class='ocrx_word' id='word_1_131' title='bbox 1586 1100 1652 1152; x_wconf 86' lang='lat' dir='ltr'><strong>qui</strong></span> <span class='ocrx_word' id='word_1_132' title='bbox 1674 1098 1699 1139; x_wconf 88' lang='lat'><strong>3</strong></span> 
     </span>
     <span class='ocr_line' id='line_1_16' title="bbox 167 1162 1653 1218; baseline 0.003 -16"><span class='ocrx_word' id='word_1_133' title='bbox 167 1162 285 1202; x_wconf 87' lang='lat' dir='ltr'><strong>classi</strong></span> <span class='ocrx_word' id='word_1_134' title='bbox 308 1170 505 1216; x_wconf 77' lang='lat' dir='ltr'><strong>praeerat,</strong></span> <span class='ocrx_word' id='word_1_135' title='bbox 533 1164 595 1204; x_wconf 88' lang='lat' dir='ltr'><strong>uel</strong></span> <span class='ocrx_word' id='word_1_136' title='bbox 617 1164 785 1204; x_wconf 85' lang='lat' dir='ltr'><strong>tribunis</strong></span> <span class='ocrx_word' id='word_1_137' title='bbox 808 1164 972 1204; x_wconf 88' lang='lat' dir='ltr'><strong>militum</strong></span> <span class='ocrx_word' id='word_1_138' title='bbox 995 1164 1386 1217; x_wconf 79' lang='lat' dir='ltr'><strong>centurionibusque,</strong></span> <span class='ocrx_word' id='word_1_139' title='bbox 1411 1165 1549 1218; x_wconf 86' lang='lat' dir='ltr'><strong>quibus</strong></span> <span class='ocrx_word' id='word_1_140' title='bbox 1571 1167 1653 1207; x_wconf 91' lang='lat' dir='ltr'><strong>sin-</strong></span> 
     </span>
     <span class='ocr_line' id='line_1_17' title="bbox 166 1231 1652 1288; baseline 0.003 -19"><span class='ocrx_word' id='word_1_141' title='bbox 166 1231 279 1283; x_wconf 82' lang='lat' dir='ltr'><strong>gulae</strong></span> <span class='ocrx_word' id='word_1_142' title='bbox 301 1245 422 1271; x_wconf 82' lang='lat' dir='ltr'><strong>naues</strong></span> <span class='ocrx_word' id='word_1_143' title='bbox 447 1239 562 1272; x_wconf 88' lang='lat' dir='ltr'><strong>erant</strong></span> <span class='ocrx_word' id='word_1_144' title='bbox 583 1233 831 1283; x_wconf 83' lang='lat' dir='ltr'><strong>adtributae,</strong></span> <span class='ocrx_word' id='word_1_145' title='bbox 857 1232 1086 1283; x_wconf 84' lang='lat' dir='ltr'><strong>constabat,</strong></span> <span class='ocrx_word' id='word_1_146' title='bbox 1122 1233 1213 1285; x_wconf 90' lang='lat' dir='ltr'><strong>quid</strong></span> <span class='ocrx_word' id='word_1_147' title='bbox 1244 1240 1412 1286; x_wconf 83' lang='lat' dir='ltr'><strong>agerent</strong></span> <span class='ocrx_word' id='word_1_148' title='bbox 1439 1241 1507 1274; x_wconf 89' lang='lat' dir='ltr'><strong>aut</strong></span> <span class='ocrx_word' id='word_1_149' title='bbox 1536 1249 1652 1288; x_wconf 89' lang='lat' dir='ltr'><strong>quam</strong></span> 
     </span>
     <span class='ocr_line' id='line_1_18' title="bbox 167 1298 1701 1356; baseline 0.005 -20"><span class='ocrx_word' id='word_1_150' title='bbox 167 1298 360 1338; x_wconf 85' lang='lat' dir='ltr'><strong>rationem</strong></span> <span class='ocrx_word' id='word_1_151' title='bbox 384 1314 537 1353; x_wconf 85' lang='lat' dir='ltr'><strong>pugnae</strong></span> <span class='ocrx_word' id='word_1_152' title='bbox 559 1301 807 1341; x_wconf 88' lang='lat' dir='ltr'><strong>insisterent.</strong></span> <span class='ocrx_word' id='word_1_153' title='bbox 864 1299 1014 1341; x_wconf 85' lang='lat' dir='ltr'><strong>Rostro</strong></span> <span class='ocrx_word' id='word_1_154' title='bbox 1044 1300 1147 1341; x_wconf 88' lang='lat' dir='ltr'><strong>enim</strong></span> <span class='ocrx_word' id='word_1_155' title='bbox 1180 1301 1314 1341; x_wconf 90' lang='lat' dir='ltr'><strong>noceri</strong></span> <span class='ocrx_word' id='word_1_156' title='bbox 1349 1316 1426 1341; x_wconf 89' lang='lat' dir='ltr'><strong>non</strong></span> <span class='ocrx_word' id='word_1_157' title='bbox 1450 1317 1565 1356; x_wconf 89' lang='lat' dir='ltr'><strong>posse</strong></span> <span class='ocrx_word' id='word_1_158' title='bbox 1588 1317 1653 1343; x_wconf 91' lang='lat' dir='ltr'><strong>co·</strong></span> <span class='ocrx_word' id='word_1_159' title='bbox 1673 1303 1701 1343; x_wconf 87' lang='grc'>4</span> 
     </span>
     <span class='ocr_line' id='line_1_19' title="bbox 168 1368 1654 1423; baseline 0.004 -19"><span class='ocrx_word' id='word_1_160' title='bbox 168 1373 412 1418; x_wconf 81' lang='lat' dir='ltr'><strong>gnouerant3</strong></span> <span class='ocrx_word' id='word_1_161' title='bbox 437 1368 613 1408; x_wconf 87' lang='lat' dir='ltr'><strong>turribus</strong></span> <span class='ocrx_word' id='word_1_162' title='bbox 627 1375 756 1407; x_wconf 84' lang='lat' dir='ltr'><strong>antem</strong></span> <span class='ocrx_word' id='word_1_163' title='bbox 772 1369 959 1408; x_wconf 82' lang='lat' dir='ltr'><strong>excitatis</strong></span> <span class='ocrx_word' id='word_1_164' title='bbox 983 1376 1113 1409; x_wconf 88' lang='lat' dir='ltr'><strong>tamen</strong></span> <span class='ocrx_word' id='word_1_165' title='bbox 1135 1369 1205 1408; x_wconf 88' lang='lat' dir='ltr'><strong>has</strong></span> <span class='ocrx_word' id='word_1_166' title='bbox 1227 1369 1392 1409; x_wconf 84' lang='lat' dir='ltr'><strong>altitudo</strong></span> <span class='ocrx_word' id='word_1_167' title='bbox 1404 1371 1587 1423; x_wconf 90' lang='lat' dir='ltr'><strong>puppium</strong></span> <span class='ocrx_word' id='word_1_168' title='bbox 1600 1385 1654 1411; x_wconf 82' lang='lat' dir='ltr'><strong>ex</strong></span> 
     </span>
     <span class='ocr_line' id='line_1_20' title="bbox 166 1433 1654 1489; baseline 0.005 -17"><span class='ocrx_word' id='word_1_169' title='bbox 166 1433 344 1474; x_wconf 88' lang='lat' dir='ltr'><strong>barbaris</strong></span> <span class='ocrx_word' id='word_1_170' title='bbox 367 1434 531 1475; x_wconf 91' lang='lat' dir='ltr'><strong>nauibus</strong></span> <span class='ocrx_word' id='word_1_171' title='bbox 554 1435 790 1488; x_wconf 86' lang='lat' dir='ltr'><strong>superabat,</strong></span> <span class='ocrx_word' id='word_1_172' title='bbox 823 1443 864 1475; x_wconf 91' lang='lat' dir='ltr'><strong>ut</strong></span> <span class='ocrx_word' id='word_1_173' title='bbox 887 1449 1012 1489; x_wconf 86' lang='lat' dir='ltr'><strong>neque</strong></span> <span class='ocrx_word' id='word_1_174' title='bbox 1035 1449 1086 1475; x_wconf 76' lang='lat' dir='ltr'><strong>ex</strong></span> <span class='ocrx_word' id='word_1_175' title='bbox 1107 1436 1297 1476; x_wconf 86' lang='lat' dir='ltr'><strong>inferiore</strong></span> <span class='ocrx_word' id='word_1_176' title='bbox 1318 1438 1404 1476; x_wconf 91' lang='lat' dir='ltr'><strong>loco</strong></span> <span class='ocrx_word' id='word_1_177' title='bbox 1428 1439 1525 1478; x_wconf 91' lang='lat' dir='ltr'><strong>satis</strong></span> <span class='ocrx_word' id='word_1_178' title='bbox 1549 1453 1654 1479; x_wconf 88' lang='lat' dir='ltr'><strong>com-</strong></span> 
     </span>
     <span class='ocr_line' id='line_1_21' title="bbox 167 1501 1650 1558; baseline 0.005 -18"><span class='ocrx_word' id='word_1_179' title='bbox 167 1502 279 1541; x_wconf 86' lang='lat' dir='ltr'><strong>mode</strong></span> <span class='ocrx_word' id='word_1_180' title='bbox 310 1501 384 1541; x_wconf 88' lang='lat' dir='ltr'><strong>tela</strong></span> <span class='ocrx_word' id='word_1_181' title='bbox 419 1502 519 1542; x_wconf 86' lang='lat' dir='ltr'><strong>adici</strong></span> <span class='ocrx_word' id='word_1_182' title='bbox 551 1510 713 1556; x_wconf 87' lang='lat' dir='ltr'><strong>possent</strong></span> <span class='ocrx_word' id='word_1_183' title='bbox 751 1510 789 1543; x_wconf 90' lang='lat' dir='ltr'><strong>et</strong></span> <span class='ocrx_word' id='word_1_184' title='bbox 819 1504 939 1544; x_wconf 90' lang='lat' dir='ltr'><strong>missa</strong></span> <span class='ocrx_word' id='word_1_185' title='bbox 971 1504 1018 1544; x_wconf 94' lang='lat' dir='ltr'><strong>ab</strong></span> <span class='ocrx_word' id='word_1_186' title='bbox 1051 1502 1177 1544; x_wconf 85' lang='lat' dir='ltr'><strong>Gallis</strong></span> <span class='ocrx_word' id='word_1_187' title='bbox 1206 1505 1368 1558; x_wconf 83' lang='lat' dir='ltr'><strong>grauius</strong></span> <span class='ocrx_word' id='word_1_188' title='bbox 1407 1506 1650 1548; x_wconf 87' lang='lat' dir='ltr'><strong>acciderent.</strong></span> 
     </span>
     <span class='ocr_line' id='line_1_22' title="bbox 163 1567 1699 1626; baseline 0.005 -17"><span class='ocrx_word' id='word_1_189' title='bbox 163 1567 253 1609; x_wconf 88' lang='lat' dir='ltr'><strong>Vna</strong></span> <span class='ocrx_word' id='word_1_190' title='bbox 277 1576 363 1609; x_wconf 87' lang='lat' dir='ltr'><strong>erat</strong></span> <span class='ocrx_word' id='word_1_191' title='bbox 384 1583 525 1623; x_wconf 82' lang='lat' dir='ltr'><strong>magno</strong></span> <span class='ocrx_word' id='word_1_192' title='bbox 558 1571 644 1610; x_wconf 88' lang='lat' dir='ltr'><strong>usui</strong></span> <span class='ocrx_word' id='word_1_193' title='bbox 666 1585 730 1611; x_wconf 88' lang='lat' dir='ltr'><strong>res</strong></span> <span class='ocrx_word' id='word_1_194' title='bbox 753 1578 983 1625; x_wconf 87' lang='lat' dir='ltr'><strong>praeparata</strong></span> <span class='ocrx_word' id='word_1_195' title='bbox 1006 1586 1028 1611; x_wconf 88' lang='lat' dir='ltr'><strong>a</strong></span> <span class='ocrx_word' id='word_1_196' title='bbox 1051 1572 1198 1613; x_wconf 90' lang='lat' dir='ltr'><strong>nostris</strong></span> <span class='ocrx_word' id='word_1_197' title='bbox 1214 1603 1224 1621; x_wconf 90' lang='lat'><strong>,</strong></span> <span class='ocrx_word' id='word_1_198' title='bbox 1262 1572 1382 1613; x_wconf 83' lang='lat' dir='ltr'><strong>falces</strong></span> <span class='ocrx_word' id='word_1_199' title='bbox 1414 1582 1651 1626; x_wconf 89' lang='lat' dir='ltr'><strong>praeacutae</strong></span> <span class='ocrx_word' id='word_1_200' title='bbox 1674 1575 1699 1616; x_wconf 84' lang='lat'>5</span> 
     </span>
     <span class='ocr_line' id='line_1_23' title="bbox 164 1636 1653 1692; baseline 0.004 -17"><span class='ocrx_word' id='word_1_201' title='bbox 164 1636 337 1676; x_wconf 87' lang='lat' dir='ltr'><strong>insertae</strong></span> <span class='ocrx_word' id='word_1_202' title='bbox 360 1637 590 1690; x_wconf 84' lang='lat' dir='ltr'><strong>adfixaeque</strong></span> <span class='ocrx_word' id='word_1_203' title='bbox 621 1639 844 1692; x_wconf 85' lang='lat' dir='ltr'><strong>longuriis,</strong></span> <span class='ocrx_word' id='word_1_204' title='bbox 877 1653 956 1679; x_wconf 90' lang='lat' dir='ltr'><strong>non</strong></span> <span class='ocrx_word' id='word_1_205' title='bbox 986 1639 1155 1679; x_wconf 87' lang='lat' dir='ltr'><strong>absimili</strong></span> <span class='ocrx_word' id='word_1_206' title='bbox 1186 1641 1313 1679; x_wconf 89' lang='lat' dir='ltr'><strong>forma</strong></span> <span class='ocrx_word' id='word_1_207' title='bbox 1342 1641 1549 1681; x_wconf 86' lang='lat' dir='ltr'><strong>muralium</strong></span> <span class='ocrx_word' id='word_1_208' title='bbox 1580 1643 1653 1683; x_wconf 86' lang='lat' dir='ltr'><strong>fal-</strong></span> 
     </span>
     <span class='ocr_line' id='line_1_24' title="bbox 166 1703 1699 1759; baseline 0.005 -16"><span class='ocrx_word' id='word_1_209' title='bbox 166 1703 284 1743; x_wconf 87' lang='lat' dir='ltr'><strong>cium.</strong></span> <span class='ocrx_word' id='word_1_210' title='bbox 337 1703 411 1744; x_wconf 86' lang='lat' dir='ltr'><strong>His</strong></span> <span class='ocrx_word' id='word_1_211' title='bbox 436 1719 520 1745; x_wconf 89' lang='lat' dir='ltr'><strong>cum</strong></span> <span class='ocrx_word' id='word_1_212' title='bbox 545 1707 682 1755; x_wconf 87' lang='lat' dir='ltr'><strong>funes,</strong></span> <span class='ocrx_word' id='word_1_213' title='bbox 716 1706 781 1759; x_wconf 89' lang='lat' dir='ltr'><strong>qui</strong></span> <span class='ocrx_word' id='word_1_214' title='bbox 802 1713 1008 1747; x_wconf 87' lang='lat' dir='ltr'><strong>antemnas</strong></span> <span class='ocrx_word' id='word_1_215' title='bbox 1031 1708 1078 1746; x_wconf 81' lang='lat' dir='ltr'><strong>ad</strong></span> <span class='ocrx_word' id='word_1_216' title='bbox 1101 1706 1224 1747; x_wconf 90' lang='lat' dir='ltr'><strong>malos</strong></span> <span class='ocrx_word' id='word_1_217' title='bbox 1248 1706 1524 1758; x_wconf 87' lang='lat' dir='ltr'><strong>destinabant,</strong></span> <span class='ocrx_word' id='word_1_218' title='bbox 1558 1724 1651 1750; x_wconf 88' lang='lat' dir='ltr'><strong>con·</strong></span> <span class='ocrx_word' id='word_1_219' title='bbox 1672 1710 1699 1751; x_wconf 88' lang='grc'><strong>6</strong></span> 
     </span>
     <span class='ocr_line' id='line_1_25' title="bbox 164 1772 1651 1831; baseline 0.003 -20"><span class='ocrx_word' id='word_1_220' title='bbox 164 1772 347 1825; x_wconf 89' lang='lat' dir='ltr'><strong>prehensi</strong></span> <span class='ocrx_word' id='word_1_221' title='bbox 370 1773 607 1826; x_wconf 88' lang='lat' dir='ltr'><strong>adductique</strong></span> <span class='ocrx_word' id='word_1_222' title='bbox 630 1781 767 1824; x_wconf 85' lang='lat' dir='ltr'><strong>erant,</strong></span> <span class='ocrx_word' id='word_1_223' title='bbox 806 1775 966 1828; x_wconf 85' lang='lat' dir='ltr'><strong>nauigio</strong></span> <span class='ocrx_word' id='word_1_224' title='bbox 988 1774 1110 1815; x_wconf 88' lang='lat' dir='ltr'><strong>remis</strong></span> <span class='ocrx_word' id='word_1_225' title='bbox 1132 1775 1299 1815; x_wconf 85' lang='lat' dir='ltr'><strong>incitato</strong></span> <span class='ocrx_word' id='word_1_226' title='bbox 1322 1776 1651 1831; x_wconf 86' lang='lat' dir='ltr'><strong>praerumpehan-</strong></span> 
     </span>
     <span class='ocr_line' id='line_1_26' title="bbox 164 1837 1700 1895; baseline 0.005 -16"><span class='ocrx_word' id='word_1_227' title='bbox 164 1846 241 1880; x_wconf 87' lang='lat' dir='ltr'><strong>tur.</strong></span> <span class='ocrx_word' id='word_1_228' title='bbox 296 1837 448 1892; x_wconf 82' lang='lat' dir='ltr'><strong>Quibus</strong></span> <span class='ocrx_word' id='word_1_229' title='bbox 471 1841 636 1882; x_wconf 88' lang='lat' dir='ltr'><strong>abscisis</strong></span> <span class='ocrx_word' id='word_1_230' title='bbox 659 1849 867 1884; x_wconf 87' lang='lat' dir='ltr'><strong>antemnae</strong></span> <span class='ocrx_word' id='word_1_231' title='bbox 890 1843 1119 1884; x_wconf 87' lang='lat' dir='ltr'><strong>necessario</strong></span> <span class='ocrx_word' id='word_1_232' title='bbox 1143 1843 1425 1894; x_wconf 87' lang='lat' dir='ltr'><strong>concidebant,</strong></span> <span class='ocrx_word' id='word_1_233' title='bbox 1460 1850 1528 1895; x_wconf 90' lang='lat' dir='ltr'><strong>ut,</strong></span> <span class='ocrx_word' id='word_1_234' title='bbox 1565 1859 1652 1886; x_wconf 90' lang='lat' dir='ltr'><strong>cum</strong></span> <span class='ocrx_word' id='word_1_235' title='bbox 1673 1846 1700 1887; x_wconf 90' lang='lat'>7</span> 
     </span>
    </p>
   </div>
   <div class='ocr_carea' id='block_1_6' title="bbox 162 1942 1655 2917">
    <p class='ocr_par' dir='ltr' id='par_1_6' title="bbox 162 1942 1655 2245">
     <span class='ocr_line' id='line_1_27' title="bbox 309 1942 1653 1988; baseline 0.005 -15"><span class='ocrx_word' id='word_1_236' title='bbox 309 1942 323 1974; x_wconf 86' lang='lat'>1</span> <span class='ocrx_word' id='word_1_237' title='bbox 345 1944 658 1976; x_wconf 85' lang='lat' dir='ltr'><strong>accommodaciora</strong></span> <span class='ocrx_word' id='word_1_238' title='bbox 678 1955 724 1977; x_wconf 85' lang='lat' dir='ltr'><strong>m.</strong></span> <span class='ocrx_word' id='word_1_239' title='bbox 739 1955 801 1987; x_wconf 82' lang='lat' dir='ltr'><strong>pr.</strong></span> <span class='ocrx_word' id='word_1_240' title='bbox 821 1946 871 1987; x_wconf 88' lang='lat' dir='ltr'><strong>B,</strong></span> <span class='ocrx_word' id='word_1_241' title='bbox 894 1947 1161 1978; x_wconf 85' lang='lat' dir='ltr'><strong>commodatiora</strong></span> <span class='ocrx_word' id='word_1_242' title='bbox 1180 1947 1213 1978; x_wconf 83' lang='lat' dir='ltr'><strong>b.</strong></span> <span class='ocrx_word' id='word_1_243' title='bbox 1365 1947 1385 1981; x_wconf 80' lang='lat'>2</span> <span class='ocrx_word' id='word_1_244' title='bbox 1404 1947 1437 1978; x_wconf 87' lang='lat' dir='ltr'><strong>in</strong></span> <span class='ocrx_word' id='word_1_245' title='bbox 1457 1947 1504 1979; x_wconf 85' lang='lat' dir='ltr'><strong>eis</strong></span> <span class='ocrx_word' id='word_1_246' title='bbox 1526 1948 1543 1979; x_wconf 81' lang='lat' dir='ltr'><strong><em>b</em></strong></span> <span class='ocrx_word' id='word_1_247' title='bbox 1558 1958 1599 1988; x_wconf 81' lang='lat' dir='ltr'><strong>u,</strong></span> <span class='ocrx_word' id='word_1_248' title='bbox 1619 1949 1653 1980; x_wconf 89' lang='lat' dir='ltr'><strong>in</strong></span> 
     </span>
     <span class='ocr_line' id='line_1_28' title="bbox 166 1992 1655 2041; baseline 0.007 -20"><span class='ocrx_word' id='word_1_249' title='bbox 166 1992 217 2022; x_wconf 91' lang='lat' dir='ltr'><strong>his</strong></span> <span class='ocrx_word' id='word_1_250' title='bbox 233 1992 367 2034; x_wconf 73' lang='lat' dir='ltr'><strong>reliqui</strong></span> <span class='ocrx_word' id='word_1_251' title='bbox 384 1994 484 2026; x_wconf 78' lang='lat' dir='ltr'><strong>codd.</strong></span> <span class='ocrx_word' id='word_1_252' title='bbox 505 1998 539 2027; x_wconf 81' lang='lat' dir='ltr'><strong>et</strong></span> <span class='ocrx_word' id='word_1_253' title='bbox 556 1995 635 2028; x_wconf 82' lang='lat' dir='ltr'><strong>edd.</strong></span> <span class='ocrx_word' id='word_1_254' title='bbox 822 1997 841 2029; x_wconf 88' lang='grc'><strong>3</strong></span> <span class='ocrx_word' id='word_1_255' title='bbox 860 1999 992 2040; x_wconf 87' lang='lat' dir='ltr'><strong>copulis</strong></span> <span class='ocrx_word' id='word_1_256' title='bbox 1010 1998 1225 2037; x_wconf 69' lang='lat' dir='ltr'><strong>Palatinus-,-</strong></span> <span class='ocrx_word' id='word_1_257' title='bbox 1246 1997 1393 2039; x_wconf 86' lang='lat' dir='ltr'><strong>scopolis</strong></span> <span class='ocrx_word' id='word_1_258' title='bbox 1413 2008 1491 2029; x_wconf 79' lang='lat' dir='ltr'><strong>cum</strong></span> <span class='ocrx_word' id='word_1_259' title='bbox 1509 2010 1530 2030; x_wconf 92' lang='lat' dir='ltr'><strong>u</strong></span> <span class='ocrx_word' id='word_1_260' title='bbox 1547 2009 1655 2041; x_wconf 79' lang='lat' dir='ltr'><strong>super</strong></span> 
     </span>
     <span class='ocr_line' id='line_1_29' title="bbox 165 2045 1654 2091; baseline 0.006 -17"><span class='ocrx_word' id='word_1_261' title='bbox 165 2055 205 2086; x_wconf 87' lang='lat' dir='ltr'><strong>po</strong></span> <span class='ocrx_word' id='word_1_262' title='bbox 224 2045 274 2085; x_wconf 85' lang='lat' dir='ltr'><strong>B,</strong></span> <span class='ocrx_word' id='word_1_263' title='bbox 296 2046 445 2088; x_wconf 88' lang='lat' dir='ltr'><strong>scopulis</strong></span> <span class='ocrx_word' id='word_1_264' title='bbox 464 2047 611 2089; x_wconf 75' lang='lat' dir='ltr'><strong>reliqui.</strong></span> <span class='ocrx_word' id='word_1_265' title='bbox 766 2050 787 2082; x_wconf 84' lang='lat'>4</span> <span class='ocrx_word' id='word_1_266' title='bbox 807 2049 897 2091; x_wconf 86' lang='lat' dir='ltr'><strong>cum]</strong></span> <span class='ocrx_word' id='word_1_267' title='bbox 919 2060 994 2080; x_wconf 88' lang='lat' dir='ltr'><strong>cum</strong></span> <span class='ocrx_word' id='word_1_268' title='bbox 1012 2059 1047 2080; x_wconf 85' lang='lat' dir='ltr'><strong>se</strong></span> <span class='ocrx_word' id='word_1_269' title='bbox 1070 2049 1110 2081; x_wconf 89' lang='lat' dir='ltr'><strong>C.</strong></span> <span class='ocrx_word' id='word_1_270' title='bbox 1269 2049 1406 2080; x_wconf 89' lang='lat' dir='ltr'><strong>saeuire</strong></span> <span class='ocrx_word' id='word_1_271' title='bbox 1432 2055 1558 2081; x_wconf 84' lang='lat' dir='ltr'><strong>uentus</strong></span> <span class='ocrx_word' id='word_1_272' title='bbox 1577 2062 1654 2083; x_wconf 85' lang='lat' dir='ltr'><strong>coe-</strong></span> 
     </span>
     <span class='ocr_line' id='line_1_30' title="bbox 164 2096 1653 2145; baseline 0.004 -19"><span class='ocrx_word' id='word_1_273' title='bbox 164 2096 270 2137; x_wconf 86' lang='lat' dir='ltr'><strong>pisset</strong></span> <span class='ocrx_word' id='word_1_274' title='bbox 287 2106 355 2128; x_wconf 81' lang='lat' dir='ltr'><strong>om.</strong></span> <span class='ocrx_word' id='word_1_275' title='bbox 377 2098 440 2139; x_wconf 77' lang='lat' dir='ltr'><strong>es.</strong></span> <span class='ocrx_word' id='word_1_276' title='bbox 557 2103 592 2130; x_wconf 90' lang='lat' dir='ltr'><strong>et</strong></span> <span class='ocrx_word' id='word_1_277' title='bbox 609 2108 665 2139; x_wconf 87' lang='lat' dir='ltr'><strong>se,</strong></span> <span class='ocrx_word' id='word_1_278' title='bbox 686 2100 739 2130; x_wconf 79' lang='lat' dir='ltr'><strong>ita</strong></span> <span class='ocrx_word' id='word_1_279' title='bbox 760 2103 801 2131; x_wconf 80' lang='lat' dir='ltr'><strong>ut</strong></span> <span class='ocrx_word' id='word_1_280' title='bbox 818 2110 854 2131; x_wconf 87' lang='lat' dir='ltr'><strong>se</strong></span> <span class='ocrx_word' id='word_1_281' title='bbox 874 2102 941 2131; x_wconf 74' lang='lat' dir='ltr'><strong>int.</strong></span> <span class='ocrx_word' id='word_1_282' title='bbox 962 2110 1055 2131; x_wconf 76' lang='lat' dir='ltr'><strong>uers.</strong></span> <span class='ocrx_word' id='word_1_283' title='bbox 1079 2100 1238 2142; x_wconf 69' lang='lat' dir='ltr'><strong>legatur,</strong></span> <span class='ocrx_word' id='word_1_284' title='bbox 1257 2099 1321 2131; x_wconf 74' lang='lat' dir='ltr'><strong>sed</strong></span> <span class='ocrx_word' id='word_1_285' title='bbox 1337 2099 1414 2131; x_wconf 80' lang='lat' dir='ltr'><strong>ead.</strong></span> <span class='ocrx_word' id='word_1_286' title='bbox 1430 2124 1440 2140; x_wconf 85' lang='lat'><strong>,</strong></span> <span class='ocrx_word' id='word_1_287' title='bbox 1460 2103 1502 2132; x_wconf 73' lang='lat' dir='ltr'><strong>ut</strong></span> <span class='ocrx_word' id='word_1_288' title='bbox 1517 2102 1653 2145; x_wconf 73' lang='lat' dir='ltr'><strong>Beycr-</strong></span> 
     </span>
     <span class='ocr_line' id='line_1_31' title="bbox 164 2146 1649 2195; baseline 0.006 -18"><span class='ocrx_word' id='word_1_289' title='bbox 164 2146 213 2177; x_wconf 77' lang='lat' dir='ltr'><strong>Ilo</strong></span> <span class='ocrx_word' id='word_1_290' title='bbox 233 2147 392 2187; x_wconf 72' lang='lat' dir='ltr'><strong>uidetur,</strong></span> <span class='ocrx_word' id='word_1_291' title='bbox 420 2158 467 2180; x_wconf 82' lang='lat' dir='ltr'><strong>m.</strong></span> <span class='ocrx_word' id='word_1_292' title='bbox 496 2152 691 2191; x_wconf 70' lang='lat' dir='ltr'><strong>scriptum,</strong></span> <span class='ocrx_word' id='word_1_293' title='bbox 719 2151 771 2190; x_wconf 84' lang='lat' dir='ltr'><strong>B3</strong></span> <span class='ocrx_word' id='word_1_294' title='bbox 799 2161 857 2191; x_wconf 86' lang='lat' dir='ltr'><strong>se,</strong></span> <span class='ocrx_word' id='word_1_295' title='bbox 885 2154 1016 2184; x_wconf 77' lang='lat' dir='ltr'><strong>omisso</strong></span> <span class='ocrx_word' id='word_1_296' title='bbox 1044 2156 1098 2192; x_wconf 85' lang='lat' dir='ltr'><strong>et,</strong></span> <span class='ocrx_word' id='word_1_297' title='bbox 1131 2151 1342 2193; x_wconf 79' lang='lat' dir='ltr'><strong>C?D?es,·</strong></span> <span class='ocrx_word' id='word_1_298' title='bbox 1371 2155 1562 2195; x_wconf 69' lang='lat' dir='ltr'><strong>utrumque</strong></span> <span class='ocrx_word' id='word_1_299' title='bbox 1581 2165 1649 2186; x_wconf 80' lang='lat' dir='ltr'><strong>om.</strong></span> 
     </span>
     <span class='ocr_line' id='line_1_32' title="bbox 162 2199 1559 2245; baseline 0.004 -15"><span class='ocrx_word' id='word_1_300' title='bbox 162 2199 195 2230; x_wconf 81' lang='lat' dir='ltr'><em>A</em></span> <span class='ocrx_word' id='word_1_301' title='bbox 206 2199 250 2231; x_wconf 89' lang='lat' dir='ltr'><strong>E.</strong></span> <span class='ocrx_word' id='word_1_302' title='bbox 392 2200 410 2232; x_wconf 89' lang='lat'>5</span> <span class='ocrx_word' id='word_1_303' title='bbox 429 2206 531 2233; x_wconf 89' lang='lat' dir='ltr'><strong>uento</strong></span> <span class='ocrx_word' id='word_1_304' title='bbox 551 2212 586 2233; x_wconf 91' lang='lat' dir='ltr'><strong>se</strong></span> <span class='ocrx_word' id='word_1_305' title='bbox 606 2202 783 2234; x_wconf 87' lang='lat' dir='ltr'><strong>dedissent</strong></span> <span class='ocrx_word' id='word_1_306' title='bbox 799 2202 882 2235; x_wconf 91' lang='lat' dir='ltr'><strong>DE.</strong></span> <span class='ocrx_word' id='word_1_307' title='bbox 1025 2208 1059 2235; x_wconf 87' lang='lat' dir='ltr'><strong>ct</strong></span> <span class='ocrx_word' id='word_1_308' title='bbox 1077 2206 1161 2235; x_wconf 79' lang='lat' dir='ltr'><strong>ante</strong></span> <span class='ocrx_word' id='word_1_309' title='bbox 1180 2207 1420 2245; x_wconf 85' lang='lat' dir='ltr'><strong>tempestatem</strong></span> <span class='ocrx_word' id='word_1_310' title='bbox 1438 2214 1507 2236; x_wconf 84' lang='lat' dir='ltr'><strong>om.</strong></span> <span class='ocrx_word' id='word_1_311' title='bbox 1529 2206 1559 2237; x_wconf 85' lang='lat' dir='ltr'><strong>b.</strong></span> 
     </span>
    </p>

    <p class='ocr_par' dir='ltr' id='par_1_7' title="bbox 163 2250 1652 2917">
     <span class='ocr_line' id='line_1_33' title="bbox 164 2250 1649 2297; baseline 0.006 -16"><span class='ocrx_word' id='word_1_312' title='bbox 164 2250 182 2282; x_wconf 75' lang='lat'>0</span> <span class='ocrx_word' id='word_1_313' title='bbox 202 2251 305 2282; x_wconf 90' lang='lat' dir='ltr'><strong>totius</strong></span> <span class='ocrx_word' id='word_1_314' title='bbox 323 2261 370 2283; x_wconf 86' lang='lat' dir='ltr'><strong>m.</strong></span> <span class='ocrx_word' id='word_1_315' title='bbox 389 2262 447 2294; x_wconf 83' lang='lat' dir='ltr'><strong>pr.</strong></span> <span class='ocrx_word' id='word_1_316' title='bbox 467 2253 510 2285; x_wconf 88' lang='lat' dir='ltr'><strong>B.</strong></span> <span class='ocrx_word' id='word_1_317' title='bbox 675 2254 874 2297; x_wconf 82' lang='lat' dir='ltr'><strong>relictaef,</strong></span> <span class='ocrx_word' id='word_1_318' title='bbox 896 2254 946 2287; x_wconf 90' lang='lat' dir='ltr'><strong>rei</strong></span> <span class='ocrx_word' id='word_1_319' title='bbox 965 2255 1108 2287; x_wconf 85' lang='lat' dir='ltr'><strong>relictae</strong></span> <span class='ocrx_word' id='word_1_320' title='bbox 1125 2255 1199 2287; x_wconf 80' lang='lat' dir='ltr'><strong>AB</strong></span> <span class='ocrx_word' id='word_1_321' title='bbox 1214 2255 1283 2287; x_wconf 86' lang='lat' dir='ltr'><strong>CD</strong></span> <span class='ocrx_word' id='word_1_322' title='bbox 1296 2256 1327 2287; x_wconf 91' lang='lat' dir='ltr'><em>E</em></span> <span class='ocrx_word' id='word_1_323' title='bbox 1345 2255 1362 2286; x_wconf 86' lang='lat' dir='ltr'><strong>b</strong></span> <span class='ocrx_word' id='word_1_324' title='bbox 1377 2281 1388 2296; x_wconf 82' lang='grc'>,</span> <span class='ocrx_word' id='word_1_325' title='bbox 1409 2256 1594 2289; x_wconf 86' lang='lat' dir='ltr'><strong>derelictae</strong></span> <span class='ocrx_word' id='word_1_326' title='bbox 1614 2269 1649 2291; x_wconf 80' lang='lat' dir='ltr'><strong>u.</strong></span> 
     </span>
     <span class='ocr_line' id='line_1_34' title="bbox 305 2304 1652 2350; baseline 0.006 -15"><span class='ocrx_word' id='word_1_327' title='bbox 305 2304 352 2336; x_wconf 90' lang='lat' dir='ltr'><strong>nil</strong></span> <span class='ocrx_word' id='word_1_328' title='bbox 370 2305 402 2337; x_wconf 84' lang='lat' dir='ltr'><strong>b.</strong></span> <span class='ocrx_word' id='word_1_329' title='bbox 543 2311 638 2338; x_wconf 87' lang='lat' dir='ltr'><strong>cotes</strong></span> <span class='ocrx_word' id='word_1_330' title='bbox 659 2307 676 2338; x_wconf 82' lang='lat' dir='ltr'><em>b</em></span> <span class='ocrx_word' id='word_1_331' title='bbox 690 2308 753 2350; x_wconf 81' lang='lat' dir='ltr'><strong>cs.</strong></span> <span class='ocrx_word' id='word_1_332' title='bbox 895 2307 914 2341; x_wconf 82' lang='lat'>7</span> <span class='ocrx_word' id='word_1_333' title='bbox 934 2313 1032 2340; x_wconf 88' lang='lat' dir='ltr'><strong>erant</strong></span> <span class='ocrx_word' id='word_1_334' title='bbox 1051 2308 1300 2340; x_wconf 83' lang='lat' dir='ltr'><strong>extimescendi</strong></span> <span class='ocrx_word' id='word_1_335' title='bbox 1321 2308 1414 2350; x_wconf 80' lang='lat' dir='ltr'><strong>bes.</strong></span> <span class='ocrx_word' id='word_1_336' title='bbox 1533 2311 1553 2342; x_wconf 92' lang='grc'>8</span> <span class='ocrx_word' id='word_1_337' title='bbox 1573 2322 1652 2343; x_wconf 82' lang='lat' dir='ltr'><strong>con-</strong></span> 
     </span>
     <span class='ocr_line' id='line_1_35' title="bbox 163 2355 1648 2403; baseline 0.005 -16"><span class='ocrx_word' id='word_1_338' title='bbox 163 2355 314 2397; x_wconf 88' lang='lat' dir='ltr'><strong>pluribus</strong></span> <span class='ocrx_word' id='word_1_339' title='bbox 332 2357 374 2390; x_wconf 90' lang='lat' dir='ltr'><strong>B.</strong></span> <span class='ocrx_word' id='word_1_340' title='bbox 517 2359 735 2401; x_wconf 82' lang='lat' dir='ltr'><strong>expugnatis]</strong></span> <span class='ocrx_word' id='word_1_341' title='bbox 757 2360 961 2403; x_wconf 86' lang='lat' dir='ltr'><strong>oppugnatis</strong></span> <span class='ocrx_word' id='word_1_342' title='bbox 979 2360 1062 2392; x_wconf 81' lang='lat' dir='ltr'><strong>add.</strong></span> <span class='ocrx_word' id='word_1_343' title='bbox 1086 2360 1127 2392; x_wconf 85' lang='lat' dir='ltr'><strong>C.</strong></span> <span class='ocrx_word' id='word_1_344' title='bbox 1270 2360 1310 2392; x_wconf 91' lang='lat'><strong>10</strong></span> <span class='ocrx_word' id='word_1_345' title='bbox 1330 2360 1372 2391; x_wconf 87' lang='lat' dir='ltr'><strong>iis</strong></span> <span class='ocrx_word' id='word_1_346' title='bbox 1390 2360 1525 2399; x_wconf 77' lang='lat' dir='ltr'><strong>ABE,</strong></span> <span class='ocrx_word' id='word_1_347' title='bbox 1544 2362 1595 2394; x_wconf 87' lang='lat' dir='ltr'><strong>his</strong></span> <span class='ocrx_word' id='word_1_348' title='bbox 1614 2374 1648 2395; x_wconf 78' lang='grc' dir='ltr'><strong>η.</strong></span> 
     </span>
     <span class='ocr_line' id='line_1_36' title="bbox 305 2410 1652 2456; baseline 0.004 -15"><span class='ocrx_word' id='word_1_349' title='bbox 305 2410 549 2451; x_wconf 79' lang='lat' dir='ltr'><strong>expectandam</strong></span> <span class='ocrx_word' id='word_1_350' title='bbox 568 2412 610 2443; x_wconf 90' lang='lat' dir='ltr'><strong>B.</strong></span> <span class='ocrx_word' id='word_1_351' title='bbox 778 2413 815 2444; x_wconf 88' lang='lat'><strong>11</strong></span> <span class='ocrx_word' id='word_1_352' title='bbox 838 2413 878 2443; x_wconf 85' lang='lat' dir='ltr'><strong>ab</strong></span> <span class='ocrx_word' id='word_1_353' title='bbox 900 2423 969 2444; x_wconf 87' lang='lat' dir='ltr'><strong>om.</strong></span> <span class='ocrx_word' id='word_1_354' title='bbox 991 2413 1022 2444; x_wconf 88' lang='lat' dir='ltr'><strong>b.</strong></span> <span class='ocrx_word' id='word_1_355' title='bbox 1189 2411 1354 2444; x_wconf 85' lang='lat' dir='ltr'><strong>ducentas</strong></span> <span class='ocrx_word' id='word_1_356' title='bbox 1380 2423 1426 2443; x_wconf 83' lang='lat' dir='ltr'><strong>xx</strong></span> <span class='ocrx_word' id='word_1_357' title='bbox 1443 2412 1517 2444; x_wconf 83' lang='lat' dir='ltr'><strong>AB</strong></span> <span class='ocrx_word' id='word_1_358' title='bbox 1531 2414 1572 2456; x_wconf 84' lang='lat' dir='ltr'><strong>C,</strong></span> <span class='ocrx_word' id='word_1_359' title='bbox 1592 2415 1652 2447; x_wconf 91' lang='lat' dir='ltr'><strong>du-</strong></span> 
     </span>
     <span class='ocr_line' id='line_1_37' title="bbox 165 2461 1525 2507; baseline 0.004 -17"><span class='ocrx_word' id='word_1_360' title='bbox 165 2465 279 2492; x_wconf 82' lang='lat' dir='ltr'><strong>centas</strong></span> <span class='ocrx_word' id='word_1_361' title='bbox 297 2461 417 2502; x_wconf 87' lang='lat' dir='ltr'><strong>uiginti</strong></span> <span class='ocrx_word' id='word_1_362' title='bbox 433 2463 515 2495; x_wconf 87' lang='lat' dir='ltr'><strong>DE.</strong></span> <span class='ocrx_word' id='word_1_363' title='bbox 660 2464 702 2499; x_wconf 77' lang='lat'><strong>12</strong></span> <span class='ocrx_word' id='word_1_364' title='bbox 721 2463 878 2507; x_wconf 85' lang='lat' dir='ltr'><strong>profecta</strong></span> <span class='ocrx_word' id='word_1_365' title='bbox 897 2474 938 2496; x_wconf 85' lang='lat' dir='ltr'><strong>ex</strong></span> <span class='ocrx_word' id='word_1_366' title='bbox 957 2468 1056 2506; x_wconf 83' lang='lat' dir='ltr'><strong>portu</strong></span> <span class='ocrx_word' id='word_1_367' title='bbox 1073 2464 1125 2505; x_wconf 84' lang='lat' dir='ltr'><strong>A,</strong></span> <span class='ocrx_word' id='word_1_368' title='bbox 1146 2474 1163 2496; x_wconf 89' lang='lat' dir='ltr'><strong>e</strong></span> <span class='ocrx_word' id='word_1_369' title='bbox 1181 2469 1281 2507; x_wconf 89' lang='lat' dir='ltr'><strong>portu</strong></span> <span class='ocrx_word' id='word_1_370' title='bbox 1300 2463 1525 2507; x_wconf 84' lang='lat' dir='ltr'><strong>profectaes.</strong></span> 
     </span>
     <span class='ocr_line' id='line_1_38' title="bbox 168 2509 1649 2562; baseline 0.006 -21"><span class='ocrx_word' id='word_1_371' title='bbox 168 2509 206 2542; x_wconf 73' lang='lat'><strong>14</strong></span> <span class='ocrx_word' id='word_1_372' title='bbox 224 2511 379 2544; x_wconf 86' lang='lat' dir='ltr'><strong>tribunus</strong></span> <span class='ocrx_word' id='word_1_373' title='bbox 396 2523 443 2545; x_wconf 86' lang='lat' dir='ltr'><strong>m.</strong></span> <span class='ocrx_word' id='word_1_374' title='bbox 458 2524 517 2555; x_wconf 78' lang='lat' dir='ltr'><strong>pr.</strong></span> <span class='ocrx_word' id='word_1_375' title='bbox 538 2514 581 2546; x_wconf 89' lang='lat' dir='ltr'><strong>B.</strong></span> <span class='ocrx_word' id='word_1_376' title='bbox 771 2516 809 2548; x_wconf 88' lang='lat'><strong>15</strong></span> <span class='ocrx_word' id='word_1_377' title='bbox 831 2516 1026 2548; x_wconf 87' lang='lat' dir='ltr'><strong>adtributae</strong></span> <span class='ocrx_word' id='word_1_378' title='bbox 1044 2516 1088 2548; x_wconf 87' lang='lat' dir='ltr'><strong>B.</strong></span> <span class='ocrx_word' id='word_1_379' title='bbox 1240 2527 1339 2559; x_wconf 88' lang='lat' dir='ltr'><strong>quam</strong></span> <span class='ocrx_word' id='word_1_380' title='bbox 1357 2517 1525 2549; x_wconf 86' lang='lat' dir='ltr'><strong>rationem</strong></span> <span class='ocrx_word' id='word_1_381' title='bbox 1543 2519 1578 2551; x_wconf 86' lang='lat' dir='ltr'><em>A</em></span> <span class='ocrx_word' id='word_1_382' title='bbox 1588 2519 1649 2562; x_wconf 89' lang='lat' dir='ltr'><strong>(B)</strong></span> 
     </span>
     <span class='ocr_line' id='line_1_39' title="bbox 168 2562 1648 2610; baseline 0.005 -18"><span class='ocrx_word' id='word_1_383' title='bbox 168 2562 237 2592; x_wconf 85' lang='grc' dir='ltr'><strong>(Ἰ)</strong></span> <span class='ocrx_word' id='word_1_384' title='bbox 252 2563 333 2603; x_wconf 81' lang='lat' dir='ltr'><strong>Es,</strong></span> <span class='ocrx_word' id='word_1_385' title='bbox 354 2575 417 2605; x_wconf 87' lang='lat' dir='ltr'><strong>qua</strong></span> <span class='ocrx_word' id='word_1_386' title='bbox 437 2566 569 2597; x_wconf 83' lang='lat' dir='ltr'><strong>ratione</strong></span> <span class='ocrx_word' id='word_1_387' title='bbox 590 2564 897 2608; x_wconf 76' lang='lat' dir='ltr'><strong>‘mss.pler1&#39;que&#39;.</strong></span> <span class='ocrx_word' id='word_1_388' title='bbox 1040 2566 1080 2598; x_wconf 86' lang='grc'><strong>16</strong></span> <span class='ocrx_word' id='word_1_389' title='bbox 1100 2576 1165 2598; x_wconf 91' lang='lat' dir='ltr'><strong>non</strong></span> <span class='ocrx_word' id='word_1_390' title='bbox 1183 2577 1282 2610; x_wconf 88' lang='lat' dir='ltr'><strong>posse</strong></span> <span class='ocrx_word' id='word_1_391' title='bbox 1302 2578 1371 2599; x_wconf 85' lang='lat' dir='ltr'><strong>om.</strong></span> <span class='ocrx_word' id='word_1_392' title='bbox 1395 2568 1434 2600; x_wconf 80' lang='lat' dir='ltr'><strong>C.</strong></span> <span class='ocrx_word' id='word_1_393' title='bbox 1548 2569 1588 2602; x_wconf 81' lang='lat'><strong>19</strong></span> <span class='ocrx_word' id='word_1_394' title='bbox 1607 2573 1648 2602; x_wconf 80' lang='lat' dir='ltr'><strong>ab</strong></span> 
     </span>
     <span class='ocr_line' id='line_1_40' title="bbox 167 2613 1645 2662; baseline 0.006 -18"><span class='ocrx_word' id='word_1_395' title='bbox 167 2613 226 2655; x_wconf 87' lang='lat' dir='ltr'><strong>(B)</strong></span> <span class='ocrx_word' id='word_1_396' title='bbox 243 2615 269 2645; x_wconf 75' lang='lat' dir='ltr'><em>G</em></span> <span class='ocrx_word' id='word_1_397' title='bbox 282 2615 313 2646; x_wconf 91' lang='lat' dir='ltr'><strong><em>D</em></strong></span> <span class='ocrx_word' id='word_1_398' title='bbox 329 2616 386 2657; x_wconf 87' lang='lat' dir='ltr'><strong>(E)</strong></span> <span class='ocrx_word' id='word_1_399' title='bbox 406 2618 528 2658; x_wconf 60' lang='lat' dir='ltr'><strong>‘ms-9),</strong></span> <span class='ocrx_word' id='word_1_400' title='bbox 549 2619 615 2658; x_wconf 81' lang='lat' dir='ltr'><strong>af.</strong></span> <span class='ocrx_word' id='word_1_401' title='bbox 765 2619 805 2652; x_wconf 74' lang='lat'><strong>21</strong></span> <span class='ocrx_word' id='word_1_402' title='bbox 827 2620 979 2650; x_wconf 87' lang='lat' dir='ltr'><strong>insertae</strong></span> <span class='ocrx_word' id='word_1_403' title='bbox 998 2619 1115 2661; x_wconf 81' lang='lat' dir='ltr'><strong>om.f.</strong></span> <span class='ocrx_word' id='word_1_404' title='bbox 1280 2618 1497 2662; x_wconf 78' lang='lat' dir='ltr'><strong>(adfixaeque</strong></span> <span class='ocrx_word' id='word_1_405' title='bbox 1517 2621 1587 2653; x_wconf 82' lang='lat' dir='ltr'><strong>AB</strong></span> <span class='ocrx_word' id='word_1_406' title='bbox 1602 2623 1645 2659; x_wconf 71' lang='grc' dir='ltr'><strong>(ζ’)</strong></span> 
     </span>
     <span class='ocr_line' id='line_1_41' title="bbox 167 2665 1647 2711; baseline 0.006 -17"><span class='ocrx_word' id='word_1_407' title='bbox 167 2665 328 2707; x_wconf 79' lang='lat' dir='ltr'><strong>atlixacs.</strong></span> <span class='ocrx_word' id='word_1_408' title='bbox 467 2669 645 2701; x_wconf 86' lang='lat' dir='ltr'><strong>moralium</strong></span> <span class='ocrx_word' id='word_1_409' title='bbox 670 2669 699 2701; x_wconf 89' lang='lat' dir='ltr'><em>B</em></span> <span class='ocrx_word' id='word_1_410' title='bbox 713 2669 781 2702; x_wconf 90' lang='lat' dir='ltr'><strong>CD</strong></span> <span class='ocrx_word' id='word_1_411' title='bbox 795 2695 804 2711; x_wconf 84' lang='lat'>‚</span> <span class='ocrx_word' id='word_1_412' title='bbox 824 2670 990 2701; x_wconf 88' lang='lat' dir='ltr'><strong>ruralium</strong></span> <span class='ocrx_word' id='word_1_413' title='bbox 1010 2681 1041 2701; x_wconf 84' lang='lat' dir='ltr'><strong>c.</strong></span> <span class='ocrx_word' id='word_1_414' title='bbox 1182 2669 1328 2702; x_wconf 85' lang='lat' dir='ltr'><strong>faecium</strong></span> <span class='ocrx_word' id='word_1_415' title='bbox 1350 2671 1386 2702; x_wconf 92' lang='lat' dir='ltr'><strong>C.</strong></span> <span class='ocrx_word' id='word_1_416' title='bbox 1527 2672 1570 2705; x_wconf 80' lang='lat'><strong>22</strong></span> <span class='ocrx_word' id='word_1_417' title='bbox 1589 2682 1647 2703; x_wconf 88' lang='lat' dir='ltr'><strong>an-</strong></span> 
     </span>
     <span class='ocr_line' id='line_1_42' title="bbox 165 2718 1647 2762; baseline 0.006 -18"><span class='ocrx_word' id='word_1_418' title='bbox 165 2719 296 2746; x_wconf 82' lang='lat' dir='ltr'><strong>temnas</strong></span> <span class='ocrx_word' id='word_1_419' title='bbox 317 2718 326 2733; x_wconf 88' lang='lat'>‘</span> <span class='ocrx_word' id='word_1_420' title='bbox 339 2727 421 2749; x_wconf 85' lang='lat' dir='ltr'><strong>mss.</strong></span> <span class='ocrx_word' id='word_1_421' title='bbox 440 2722 685 2752; x_wconf 69' lang='lat' dir='ltr'><strong>uetustissimi</strong></span> <span class='ocrx_word' id='word_1_422' title='bbox 701 2724 736 2752; x_wconf 81' lang='lat' dir='ltr'><strong>et</strong></span> <span class='ocrx_word' id='word_1_423' title='bbox 752 2722 810 2753; x_wconf 78' lang='lat' dir='ltr'><strong>lzz‘e</strong></span> <span class='ocrx_word' id='word_1_424' title='bbox 828 2724 865 2753; x_wconf 74' lang='lat' dir='ltr'><strong>et</strong></span> <span class='ocrx_word' id='word_1_425' title='bbox 879 2721 1033 2762; x_wconf 74' lang='lat' dir='ltr'><strong>ubz&#39;que&#39;,</strong></span> <span class='ocrx_word' id='word_1_426' title='bbox 1054 2725 1242 2753; x_wconf 87' lang='lat' dir='ltr'><strong>amtemnas</strong></span> <span class='ocrx_word' id='word_1_427' title='bbox 1262 2721 1318 2752; x_wconf 79' lang='lat' dir='ltr'><strong>ln‘c</strong></span> <span class='ocrx_word' id='word_1_428' title='bbox 1335 2721 1376 2753; x_wconf 92' lang='lat' dir='ltr'><strong>B.</strong></span> <span class='ocrx_word' id='word_1_429' title='bbox 1519 2723 1559 2753; x_wconf 90' lang='lat' dir='ltr'><strong>ad</strong></span> <span class='ocrx_word' id='word_1_430' title='bbox 1579 2732 1647 2753; x_wconf 82' lang='lat' dir='ltr'><strong>nia-</strong></span> 
     </span>
     <span class='ocr_line' id='line_1_43' title="bbox 165 2765 1640 2813; baseline 0.006 -18"><span class='ocrx_word' id='word_1_431' title='bbox 165 2765 215 2796; x_wconf 86' lang='lat' dir='ltr'><strong>los</strong></span> <span class='ocrx_word' id='word_1_432' title='bbox 235 2768 350 2809; x_wconf 83' lang='lat' dir='ltr'><strong>om.s.</strong></span> <span class='ocrx_word' id='word_1_433' title='bbox 489 2769 706 2803; x_wconf 86' lang='lat' dir='ltr'><strong>destinabant</strong></span> <span class='ocrx_word' id='word_1_434' title='bbox 724 2783 744 2803; x_wconf 89' lang='grc' dir='ltr'><em>α</em></span> <span class='ocrx_word' id='word_1_435' title='bbox 757 2773 774 2803; x_wconf 89' lang='lat' dir='ltr'><strong>b</strong></span> <span class='ocrx_word' id='word_1_436' title='bbox 787 2783 825 2813; x_wconf 83' lang='lat' dir='ltr'><strong>c,</strong></span> <span class='ocrx_word' id='word_1_437' title='bbox 847 2772 1066 2804; x_wconf 86' lang='lat' dir='ltr'><strong>destinebant</strong></span> <span class='ocrx_word' id='word_1_438' title='bbox 1082 2772 1166 2813; x_wconf 81' lang='lat' dir='ltr'><strong>Es,</strong></span> <span class='ocrx_word' id='word_1_439' title='bbox 1187 2771 1475 2804; x_wconf 83' lang='lat' dir='ltr'><strong>distinebant-Ae</strong></span> <span class='ocrx_word' id='word_1_440' title='bbox 1493 2775 1529 2804; x_wconf 80' lang='lat' dir='ltr'><strong>et</strong></span> <span class='ocrx_word' id='word_1_441' title='bbox 1547 2782 1640 2804; x_wconf 77' lang='lat' dir='ltr'><strong>corr.</strong></span> 
     </span>
     <span class='ocr_line' id='line_1_44' title="bbox 163 2818 1639 2865; baseline 0.003 -18"><span class='ocrx_word' id='word_1_442' title='bbox 163 2826 209 2847; x_wconf 81' lang='lat' dir='ltr'><strong>m.</strong></span> <span class='ocrx_word' id='word_1_443' title='bbox 230 2827 297 2849; x_wconf 82' lang='lat' dir='ltr'><strong>sec.</strong></span> <span class='ocrx_word' id='word_1_444' title='bbox 318 2818 360 2857; x_wconf 89' lang='lat' dir='ltr'><strong>B,</strong></span> <span class='ocrx_word' id='word_1_445' title='bbox 380 2818 577 2852; x_wconf 86' lang='lat' dir='ltr'><strong>detinebant</strong></span> <span class='ocrx_word' id='word_1_446' title='bbox 597 2821 624 2852; x_wconf 89' lang='lat' dir='ltr'><em>C</em></span> <span class='ocrx_word' id='word_1_447' title='bbox 639 2825 673 2853; x_wconf 83' lang='lat' dir='ltr'><strong>et</strong></span> <span class='ocrx_word' id='word_1_448' title='bbox 690 2825 773 2853; x_wconf 78' lang='lat' dir='ltr'><strong>ante</strong></span> <span class='ocrx_word' id='word_1_449' title='bbox 791 2832 900 2863; x_wconf 58' lang='lat' dir='ltr'><strong>corr„</strong></span> <span class='ocrx_word' id='word_1_450' title='bbox 920 2825 964 2853; x_wconf 74' lang='lat' dir='ltr'><strong>ut</strong></span> <span class='ocrx_word' id='word_1_451' title='bbox 978 2821 1137 2862; x_wconf 72' lang='lat' dir='ltr'><strong>uidetur,</strong></span> <span class='ocrx_word' id='word_1_452' title='bbox 1156 2822 1199 2854; x_wconf 90' lang='lat' dir='ltr'><strong>B.</strong></span> <span class='ocrx_word' id='word_1_453' title='bbox 1355 2823 1579 2865; x_wconf 88' lang='lat' dir='ltr'><strong>conprehensi</strong></span> <span class='ocrx_word' id='word_1_454' title='bbox 1597 2824 1639 2855; x_wconf 89' lang='lat' dir='ltr'><strong>B.</strong></span> 
     </span>
     <span class='ocr_line' id='line_1_45' title="bbox 305 2871 1372 2917; baseline 0.002 -13"><span class='ocrx_word' id='word_1_455' title='bbox 305 2871 347 2904; x_wconf 75' lang='lat'><strong>23</strong></span> <span class='ocrx_word' id='word_1_456' title='bbox 367 2873 670 2914; x_wconf 85' lang='lat' dir='ltr'><strong>prorumpebantur</strong></span> <span class='ocrx_word' id='word_1_457' title='bbox 689 2874 750 2916; x_wconf 78' lang='lat' dir='ltr'><strong>bs.</strong></span> <span class='ocrx_word' id='word_1_458' title='bbox 888 2875 933 2910; x_wconf 71' lang='lat'><strong>24</strong></span> <span class='ocrx_word' id='word_1_459' title='bbox 951 2874 1072 2916; x_wconf 91' lang='lat' dir='ltr'><strong>quibus</strong></span> <span class='ocrx_word' id='word_1_460' title='bbox 1089 2874 1257 2917; x_wconf 85' lang='lat' dir='ltr'><strong>praecisis</strong></span> <span class='ocrx_word' id='word_1_461' title='bbox 1277 2875 1295 2906; x_wconf 86' lang='lat' dir='ltr'><strong>b</strong></span> <span class='ocrx_word' id='word_1_462' title='bbox 1308 2875 1372 2915; x_wconf 77' lang='lat' dir='ltr'><strong>es.</strong></span> 
     </span>
    </p>
   </div>
  </div>
 </body>
</html>
