1835 3240
96 177 180 220 58ss
661 179 736 222 DE
767 177 956 222 BELLO
990 177 1168 222 CIVlLI

174 292 344 332 diocrem
367 298 485 346 atque
509 307 575 333 eas
598 308 618 334 a
641 293 866 346 quibusdam
889 293 1059 347 protegit
1080 293 1209 334 uentis
1224 323 1234 341 ,
1271 301 1399 335 castra
1423 294 1649 334 communit.

125 359 153 401 2
173 358 233 400 Eo
255 368 403 414 partem
436 362 593 401 nauium
623 362 828 415 longarum
852 361 1093 411 conuenire,
1122 361 1354 401 frumentum
1379 370 1655 404 commeatum-

175 442 248 481 que
270 428 317 469 ab
337 429 436 469 Asia
457 436 572 481 atque
595 428 774 469 omnibus
795 428 1024 483 regionibus
1039 459 1049 478 ,
1075 442 1170 481 quas
1194 429 1375 479 tenebat,
1414 431 1653 485 comportari

127 492 154 535 3
174 495 355 549 imperat.
401 495 554 537 Caesar
584 496 739 549 longius
770 496 913 537 bellum
945 497 1100 536 ductum
1121 496 1169 536 iri
1191 496 1425 537 existimans
1448 505 1487 538 et
1508 500 1555 540 de
1575 497 1654 540 Ita-

173 564 259 604 licis
282 564 561 605 commeatibus
584 565 799 618 desperans
814 595 825 614 ,
859 565 959 617 quod
990 571 1097 604 tanta
1120 564 1324 617 diligentia
1346 565 1476 605 omnia
1496 566 1611 606 litora
1632 581 1654 607 a
1686 575 1704 606 5

173 629 426 685 Pompeianis
449 631 710 680 tenebantur,
747 632 971 685 classesque
994 632 1115 686 ipsius
1131 662 1141 680 ,
1178 646 1272 684 quas
1293 632 1419 673 hieme
1440 633 1480 673 in
1503 631 1652 683 Sicilia,

176 697 332 748 Gallia,
369 697 482 739 Italia
506 700 678 749 fecerat,
713 699 995 750 morabantur,
1031 701 1069 739 in
1092 699 1255 753 Epirum
1287 699 1344 739 rei
1377 702 1657 742 frumentariae

126 766 155 807 4
177 781 295 808 causa
318 763 370 818 Q.
397 767 561 808 Tillium
596 775 635 809 et
664 767 715 809 L.
743 765 978 808 Canuleium
1010 768 1182 823 legatum
1211 767 1342 818 misit,
1378 768 1555 821 quodque
1586 769 1659 810 hae

174 835 360 887 regiones
383 835 548 876 aberant
569 837 739 890 lougius,
765 836 862 877 locis
885 836 1003 877 certis
1027 836 1169 876 horrea
1185 836 1659 890 constituituecturasque

175 903 358 943 frumeuti
392 903 566 944 finitimis
603 904 830 945 ciuitatibus
853 905 1072 958 descripsit.
1116 901 1216 944 Item
1240 902 1358 944 Lisso
1380 902 1661 957 Parthinisque
1695 912 1734 945 10

129 968 154 1010 5
177 976 217 1010 et
237 971 419 1012 omnibus
451 972 625 1013 castellis
657 973 758 1025 quod
792 979 899 1013 esset
931 971 1114 1013 frumenti
1138 972 1314 1025 conquiri
1335 971 1464 1012 iussit.
1508 970 1551 1012 Id
1574 979 1660 1012 erat

174 1039 434 1092 perexiguum
456 1054 541 1080 cum
563 1040 688 1094 ipsius
710 1041 794 1094 agri
818 1048 975 1090 natura,
999 1041 1100 1093 quod
1124 1046 1217 1079 sunt
1236 1039 1323 1080 loca
1345 1053 1484 1093 aspera
1501 1047 1660 1080 etmon-

176 1112 315 1157 tuosa,
341 1121 385 1148 ac
409 1108 633 1162 plerumque
656 1110 854 1149 frumento
875 1116 1041 1149 utuntur
1061 1108 1284 1162 inportato,
1316 1114 1396 1147 tum
1420 1108 1520 1160 quod
1544 1105 1659 1147 Pom-

176 1175 289 1230 peius
311 1175 408 1216 haec
441 1177 668 1230 prouiderat
689 1183 728 1216 et
748 1177 1018 1230 superioribus
1041 1176 1178 1216 diebus
1205 1176 1375 1229 praedae
1397 1176 1482 1215 loco
1504 1173 1662 1215 Parthi-

176 1258 249 1284 nos
272 1243 463 1284 habuerat
484 1245 798 1297 frumentumque
821 1257 935 1284 omne
958 1244 1218 1296 conquisitum
1241 1243 1418 1296 spoliatis
1432 1243 1662 1295 effossisque
1699 1250 1736 1282 15

100 1311 157 1356 43
179 1325 312 1352 eorum
336 1311 512 1351 domibus
536 1326 606 1365 per
627 1313 779 1365 equites
812 1318 1093 1365 comportarat.
1157 1309 1311 1363 Quibus
1341 1311 1459 1351 rebus
1492 1310 1661 1365 cognitis

177 1377 330 1420 Caesar
351 1379 554 1419 eonsilium
586 1380 688 1433 capit
720 1394 773 1420 ex
794 1380 870 1420 loci
893 1386 1045 1421 natura.
1085 1378 1216 1419 Erant
1237 1379 1339 1419 enim
1362 1379 1507 1419 circum
1531 1385 1661 1418 castra

174 1445 351 1501 Pompeii
374 1447 556 1501 permulti
579 1448 670 1488 editi
693 1454 806 1501 atque
826 1447 956 1502 asperi
980 1448 1116 1488 colles.
1162 1446 1246 1487 Hos
1270 1447 1431 1501 primum
1455 1446 1661 1500 praesidiis

129 1520 154 1557 2
179 1515 304 1556 tenuit
325 1516 565 1569 castellaque
587 1516 639 1556 ibi
662 1516 891 1556 communit.
936 1513 1048 1566 Inde,
1073 1522 1116 1555 ut
1136 1516 1212 1555 loci
1235 1515 1420 1568 cuiusque
1443 1522 1587 1554 natura
1611 1515 1664 1554 fe·

176 1584 315 1633 rebat,
349 1598 402 1624 ex
433 1584 596 1624 castello
627 1584 668 1624 in
691 1585 893 1624 castellum
919 1584 1105 1637 perducta
1126 1583 1343 1623 munitione
1367 1582 1665 1623 circumuallare
1695 1589 1738 1623 20

176 1650 406 1707 Pompeium
429 1652 624 1702 instituit,
659 1652 754 1692 haec
778 1659 984 1705 spectans,
1020 1652 1121 1705 quod
1154 1658 1320 1704 augusta
1343 1665 1385 1691 re
1409 1651 1662 1691 frumentaria

176 1720 377 1770 utebatur,
403 1721 580 1773 quodque
602 1719 813 1773 Pompeius
835 1720 1082 1760 multitudine
1105 1721 1275 1772 equitum
1301 1719 1468 1768 ualebat,
1494 1733 1568 1771 quo
1592 1718 1661 1757 mi-

177 1802 275 1828 nore
307 1789 481 1841 periculo
513 1789 682 1841 undique
713 1789 949 1829 frumentum
984 1795 1318 1840 commeatumque
1355 1786 1547 1827 exercitui
1571 1786 1662 1826 sub-

133 1855 158 1896 3
181 1863 340 1909 portare
361 1863 509 1910 posset,
535 1856 675 1906 simul,
701 1857 756 1896 uti
779 1856 1029 1909 pabulatione
1050 1854 1279 1909 Pompeium
1302 1854 1530 1908 prohiberet
1552 1853 1661 1907 equi-

130 1922 157 1963 4
182 1930 380 1977 tatumque
403 1924 486 1964 eius
508 1925 554 1964 ad
577 1938 658 1964 rem
675 1924 886 1977 gerendam
910 1924 1086 1964 inutilem
1100 1924 1285 1972 efficeret,
1312 1922 1443 1972 tertio,
1469 1929 1512 1961 ut
1533 1928 1665 1962 aucto-
1696 1928 1738 1962 25

177 1991 351 2039 ritatem,
377 2006 451 2045 qua
474 1993 538 2032 ille
561 1993 732 2032 maxime
755 1993 856 2046 apud
879 1998 1041 2032 exteras
1064 1991 1246 2031 nationes
1263 1990 1333 2030 niti
1349 1990 1569 2040 uidebatur,
1594 1989 1665 2028 mi-

179 2067 337 2110 nueret,
361 2074 448 2100 eum
472 2061 571 2100 fama
596 2074 666 2114 per
687 2060 820 2100 orbem
845 2067 1037 2101 terrarum
1063 2058 1367 2113 percrebuisset,
1392 2058 1498 2098 illum
1521 2053 1662 2098 aCae-

102 2127 162 2173 44
184 2141 274 2168 sare
305 2127 477 2169 obsideri
508 2141 632 2181 neque
665 2128 809 2169 audere
841 2129 990 2182 proelio
1021 2128 1218 2168 dimicare.
1263 2124 1473 2179 Pompeius
1496 2139 1621 2178 neque
1643 2138 1666 2164 a

180 2195 277 2237 mari
309 2194 638 2250 Dyrrhachioque
670 2197 871 2237 discedere
902 2196 1083 2246 uolebat,
1117 2195 1218 2248 quod
1251 2207 1405 2234 omnem
1437 2199 1665 2246 apparatum

177 2264 283 2314 belli,
309 2264 409 2314 tela,
435 2279 568 2314 arma,
594 2271 790 2305 tormenta
813 2265 864 2305 ibi
888 2265 1152 2305 collocauerat
1175 2264 1489 2314 frumentumque
1512 2260 1667 2301 exerci-
1698 2267 1740 2300 30

181 2331 238 2372 tui
261 2332 427 2372 nauibus
451 2332 722 2386 subportabat,
748 2347 874 2387 neque
890 2333 1128 2373 munitiones
1143 2328 1331 2371 Caesaris
1354 2329 1561 2383 prohibere
1584 2335 1668 2381 pot-

182 2407 291 2451 erat,
318 2400 392 2440 nisi
416 2401 563 2454 proelio
587 2402 789 2442 decertare
815 2401 960 2452 uellet3
987 2400 1086 2453 quod
1110 2413 1155 2440 eo
1178 2405 1353 2452 tempore
1375 2402 1569 2436 statuerat
1592 2410 1669 2435 nou

325 2526 344 2557 3
365 2530 464 2568 atque
484 2527 524 2558 ab
545 2527 700 2558 omnibus
722 2527 752 2557 b.
917 2525 935 2557 6
954 2525 1134 2566 classeque
1152 2532 1185 2553 α.
1350 2522 1468 2564 hyeme
1489 2530 1522 2551 (ι.

181 2580 200 2612 7
220 2580 375 2612 fecerant
394 2590 414 2610 α
429 2580 460 2610 b.
625 2581 644 2612 8
663 2580 800 2611 Tillium
821 2590 841 2610 a
856 2590 895 2618 c,·
914 2578 1041 2610 Titium
1061 2577 1093 2616 tl,
1117 2575 1264 2607 Tullium
1281 2575 1312 2606 b.
1455 2575 1474 2607 9
1494 2574 1616 2605 aberat
1633 2583 1667 2605 a.

330 2632 367 2663 10
387 2632 525 2673 scripsit
547 2632 576 2662 It.
724 2632 762 2663 12
782 2630 829 2672 et]
850 2641 887 2661 ae
903 2631 932 2662 b.
1079 2628 1117 2660 13
1137 2628 1318 2668 importatu
1338 2626 1425 2668 quod
1443 2626 1493 2657 ab
1512 2625 1599 2667 (inp.
1619 2626 1666 2665 a).

329 2685 367 2716 14
388 2683 585 2725 prouiderat
603 2683 718 2714 Aldus
737 2685 771 2713 in
792 2684 939 2723 corrig„
963 2679 1168 2722 prouidcbat
1185 2689 1205 2709 a
1222 2682 1317 2709 ‘ms-s.
1334 2678 1524 2720 plerz'que'.

188 2737 224 2768 15
245 2735 473 2778 conquisitum
492 2735 708 2766 —domibus
729 2737 763 2765 in
785 2743 898 2775 marg.
921 2733 999 2764 ead.
1020 2742 1066 2763 m.
1087 2731 1233 2772 supplet
1248 2740 1282 2762 a.
1425 2730 1465 2762 16
1479 2733 1564 2761 ante
1582 2738 1671 2761 com-

185 2791 338 2829 portarat
355 2786 439 2818 add.
459 2786 603 2827 importa
622 2796 654 2816 [ι.
799 2785 838 2816 19
858 2783 1041 2815 communit
1061 2783 1112 2823 (a)
1134 2783 1218 2813 ‘mei
1235 2780 1362 2821 codd.',
1383 2780 1669 2813 communiitSIe-

180 2839 320 2880 silianus
340 2849 373 2870 ιι.
514 2838 553 2870 21
577 2841 735 2879 spectans
756 2836 971 2877 Stephanus,
995 2838 1179 2876 expectans
1199 2833 1299 2864 codd.
1466 2833 1508 2866 23
1529 2832 1669 2875 subpor-

187 2896 260 2923 tare
280 2901 313 2922 a.
455 2889 497 2923 27
517 2889 791 2932 percrebruisset
811 2888 840 2919 b.
983 2887 1019 2919 31
1044 2885 1268 2927 subportabat
1286 2895 1320 2915 a.
