1835 3240
122 181 204 223 272
644 179 717 220 DE
749 177 937 221 BELLO
971 175 1220 220 GALLICO

121 294 177 338 29
197 294 271 348 ipsi
295 300 431 344 erant,
465 301 713 347 receperunt.
767 292 813 332 In
837 293 978 333 castris
1011 291 1280 334 Heluetiorum
1312 294 1466 335 tabulae
1495 302 1676 349 repertae

197 369 290 403 sunt
310 362 452 403 litteris
476 361 641 402 Graecis
675 362 878 401 confectae
911 367 949 401 et
970 361 1018 401 ad
1041 358 1255 402 Caesarem
1277 363 1442 414 relatae,
1477 363 1613 416 quibus
1636 364 1677 404 in

196 429 340 471 tabulis
372 429 600 470 nominatim
630 429 731 469 ratio
755 430 932 469 confecta
956 436 1063 479 erat,
1097 430 1161 482 qui
1183 444 1368 471 numerus
1391 431 1502 471 domo
1526 431 1679 472 exisset

194 513 347 548 eorum,
373 498 437 551 qui
460 511 567 536 arma
590 498 694 537 ferre
717 503 893 550 possent,
920 503 958 537 et
978 497 1070 538 item
1092 499 1302 552 separatim
1316 499 1440 551 pueri,
1465 513 1582 539 senes
1596 514 1679 540 mu-

147 567 176 609 2
196 567 407 620 lieresque.
463 562 638 616 Quarum
661 565 832 604 omnium
855 578 985 604 rerum
1007 579 1154 606 sumnia
1180 573 1265 606 erat
1287 566 1454 618 capitum
1478 565 1678 606 Heluetio-

198 649 283 676 rum
306 634 409 674 milia
433 639 613 682 CCLXIII‚
637 631 896 686 Tulingorum
921 633 1025 673 milia
1045 640 1205 684 XXXVI,
1232 632 1541 688 Latobrigorum
1562 641 1676 684 XIIII,

197 701 471 743 Rauracorum
493 707 633 747 milli,
668 699 856 741 Boiorum
877 708 1036 753 XXXII3
1069 716 1121 741 ex
1145 703 1219 752 his,
1245 702 1309 754 qui
1331 716 1437 742 arma
1463 702 1566 742 ferre
1587 717 1675 756 pos-

145 770 176 812 3
197 777 303 819 sent⁷
329 770 375 809 ad
398 768 506 809 milia
535 769 751 823 nonaginta
781 769 873 809 duo.
919 767 1080 810 Summa
1110 770 1279 810 omnium
1304 770 1462 809 suerunt
1491 770 1538 810 ad
1572 770 1675 811 milia

199 843 438 878 CCCLXYIII.
463 835 630 887 Eorum,
656 838 719 890 qui
743 838 897 878 domum
920 838 1138 889 redierunt,
1164 852 1284 879 censu
1298 837 1446 887 habito7
1472 844 1513 878 ut
1527 835 1680 880 Caesar

196 906 477 960 imperauerat,
503 911 684 958 repertus
708 912 769 945 est
791 920 975 946 numerus
1000 906 1144 946 milium
1170 913 1193 946 C
1218 912 1257 946 et
1277 912 1322 945 X.

120 995 179 1039 30
314 991 426 1034 Bello
450 991 724 1034 Heluetiorum
748 995 929 1035 confecto
951 995 1070 1036 totius
1094 996 1175 1036 fere
1199 994 1353 1035 Galliae
1375 995 1509 1048 legati,
1536 996 1680 1050 princi-

148 1064 175 1103 2
196 1076 264 1117 pes
288 1062 505 1111 ciuitatum,
541 1062 586 1101 ad
611 1059 826 1103 Caesarem
849 1063 1084 1117 gratulatum
1109 1070 1404 1104 conuenerunt:
1442 1061 1679 1117 Intellegere

195 1145 302 1178 sese,
327 1129 485 1170 tametsi
509 1143 576 1183 pro
599 1130 800 1170 ueteribus
825 1130 1094 1171 Heluetiorum
1118 1131 1271 1171 iniuriis
1294 1131 1421 1185 populi
1441 1130 1611 1171 Romani
1633 1131 1679 1170 ab

195 1200 254 1240 his
278 1212 425 1253 poenas
447 1197 548 1237 bello
571 1197 795 1251 repetisset,
821 1206 949 1239 tamen
972 1214 1056 1239 eam
1080 1213 1160 1240 rem
1184 1214 1263 1239 non
1285 1199 1411 1239 minus
1435 1212 1485 1238 ex
1505 1213 1577 1239 usu
1600 1207 1678 1239 ter-

151 1267 176 1308 3
197 1281 266 1309 rae
279 1265 434 1307 Galliae
465 1279 578 1318 quam
601 1266 729 1318 populi
753 1265 921 1306 Romani
946 1267 1155 1316 accidisse,
1181 1273 1388 1320 propterea
1411 1267 1510 1318 quod
1527 1281 1574 1307 eo
1588 1282 1681 1307 con-

196 1336 285 1376 silio
308 1332 600 1375 florentissimis
619 1333 736 1372 rebus
760 1333 893 1373 domos
916 1348 1008 1374 suas
1030 1334 1207 1374 Heluetii
1229 1334 1496 1387 reliquissent,
1533 1334 1585 1374 uti
1609 1335 1680 1375 toti

196 1401 349 1443 Galliae
370 1401 511 1441 bellum
533 1400 727 1440 inferrent
746 1401 988 1457 imperioque
1011 1402 1232 1456 potirentur
1260 1402 1463 1454 locumque
1485 1401 1681 1443 domicilio

197 1484 249 1510 ex
270 1483 413 1523 magna
435 1468 546 1520 eopia
569 1468 802 1522 deligerent,
828 1483 940 1522 quem
965 1484 1018 1510 ex
1040 1470 1143 1509 omni
1161 1467 1290 1510 Gallia
1304 1470 1680 1524 opportunissimum

196 1552 241 1578 ac
262 1537 620 1578 fructuosissimum
643 1537 906 1587 iudicassent,
931 1538 1178 1591 reliquasque
1203 1538 1383 1579 ciuitates
1405 1537 1682 1592 stipendiarias

150 1607 177 1648 4
199 1606 405 1649 haberent·
437 1602 660 1651 Petierunt,
687 1606 740 1643 uti
764 1605 836 1644 sibi
860 1606 1068 1646 concilium
1091 1606 1212 1645 totius
1235 1604 1389 1646 Galliae
1410 1605 1451 1645 in
1474 1606 1573 1646 diem
1597 1620 1682 1646 cer-

196 1682 274 1715 tam
296 1673 470 1714 indicere
492 1672 608 1724 idque
632 1670 819 1712 Caesaris
843 1673 1046 1713 uoluntate
1071 1675 1199 1714 faeere
1221 1674 1382 1714 liceret:
1417 1687 1506 1714 sese
1535 1673 1682 1715 habere

150 1743 174 1784 5
197 1742 383 1796 quasdam
406 1754 487 1789 reS,
511 1753 607 1793 quas
630 1753 679 1779 ex
705 1741 899 1780 communi
922 1755 1120 1782 consensu
1142 1742 1188 1782 ab
1212 1756 1258 1782 eo
1278 1748 1413 1796 petere
1431 1741 1593 1782 uellent.
1619 1741 1680 1782 Ea

195 1824 240 1851 re
270 1809 459 1864 permissa
492 1807 593 1847 diem
623 1808 788 1848 concilio
820 1809 1113 1849 constituerunt
1144 1817 1181 1849 et
1210 1810 1488 1860 iureiurando,
1522 1823 1571 1850 ne
1593 1811 1679 1864 quis

198 1876 441 1926 enuntiaret,
466 1875 540 1915 nisi
560 1875 698 1928 quibus
722 1877 917 1916 communi
931 1877 1095 1918 consilio
1117 1878 1341 1918 mandatum
1365 1885 1486 1927 esset,
1511 1878 1616 1918 inter
1637 1892 1680 1919 se

118 1946 171 1991 31
193 1951 431 1987 sanxerunt.
466 1942 527 1983 Eo
551 1944 718 1984 coneilio
742 1945 901 1985 dimisso
922 1945 1023 1985 idem
1046 1945 1239 2000 principes
1262 1946 1481 1996 ciuitatum,
1508 1945 1681 1999 quiante

196 2015 377 2063 fuerant,
411 2013 459 2052 ad
491 2009 706 2052 Caesarem
738 2020 992 2053 reuerterunt
1013 2014 1312 2067 petieruntque,
1348 2014 1403 2053 uti
1425 2013 1499 2054 sibi
1522 2021 1679 2054 secreto

338 2157 356 2189 3
376 2161 475 2188 erant
493 2159 577 2188 ante
595 2166 687 2188 corr.
705 2158 749 2188 Β.
859 2156 1015 2189 exissent
1036 2157 1067 2188 b.
1187 2158 1204 2188 5
1226 2156 1371 2187 Orosius
1391 2154 1460 2193 VJ,
1490 2153 1531 2186 7:
1552 2153 1678 2186 Horum

196 2208 273 2246 fuit,
295 2218 368 2239 cum
387 2207 528 2250 primum
548 2217 730 2249 progressa
748 2212 823 2245 est,
843 2207 951 2239 omnis
970 2207 1151 2239 multitudo
1171 2206 1419 2246 Heluetiorum,
1440 2204 1676 2245 Tulingorum,

191 2259 499 2300 Latobrogiorum,
532 2259 764 2291 Rauracorum
791 2264 826 2292 et
852 2260 1008 2291 Boiorum
1035 2260 1213 2301 utriusque
1239 2269 1343 2291 sexus
1369 2258 1411 2290 ad
1429 2262 1563 2290 centum
1583 2258 1679 2299 quin-

194 2311 357 2353 quaginta
377 2316 411 2343 et
428 2316 556 2353 septem
575 2312 669 2343 milia
686 2312 870 2344 hominum.
906 2311 958 2343 Ex
984 2312 1036 2343 his
1064 2311 1290 2354 quadraginta
1318 2315 1353 2343 et
1378 2315 1507 2353 septem
1532 2311 1625 2342 milia
1646 2311 1676 2342 in

192 2362 282 2394 bello
302 2360 522 2405 ceciderunt:
544 2368 661 2394 cetera
679 2363 713 2394 in
733 2368 845 2394 terras
865 2362 1020 2405 proprias
1040 2363 1184 2394 remissa
1203 2368 1295 2394 sunt.
1467 2362 1484 2393 ὃ
1503 2372 1577 2394 XIIII
1596 2362 1675 2403 As,

190 2413 320 2454 xiv(B)
334 2424 369 2445 a.
524 2414 541 2446 7
564 2413 654 2446 Ferre
674 2415 826 2456 possent]
847 2419 989 2456 possent
1006 2416 1191 2457 portares.
1333 2415 1352 2447 8
1373 2415 1412 2446 ad
1432 2415 1526 2447 milia
1548 2434 1579 2437 ——
1607 2416 1679 2447 sue-

194 2468 273 2495 runt
291 2464 407 2505 om.s.
572 2465 756 2505 nonaginta
784 2466 848 2497 duo
866 2467 997 2506 ABE,
1030 2476 1097 2497 xcii
1116 2476 1151 2497 n.
1336 2476 1463 2498 summe
1491 2476 1537 2498 m.
1553 2476 1612 2507 pr.
1632 2468 1676 2498 A.

339 2513 452 2545 suerat
468 2513 500 2544 D
514 2538 525 2554 ,
553 2524 691 2546 suorum
712 2516 743 2547 b.
884 2517 902 2549 9
932 2517 1064 2548 domum
1092 2516 1202 2558 DEf,
1230 2516 1270 2547 de
1289 2516 1384 2548 domo
1402 2516 1454 2557 A,
1484 2517 1579 2548 domo
1595 2518 1625 2548 B
1643 2522 1680 2550 et

194 2566 304 2596 ceteri
321 2568 461 2596 tantum
479 2574 548 2596 non
567 2575 700 2597 omnes.
866 2567 904 2599 13
923 2567 989 2599 iam
1008 2568 1074 2599 etsi
1095 2567 1162 2599 CD
1181 2570 1237 2608 et,
1266 2570 1301 2598 in
1330 2577 1398 2608 quo
1424 2567 1434 2598 i
1456 2571 1678 2601 correctione

197 2618 361 2660 effectum
380 2620 449 2656 est,
469 2618 512 2647 B.
623 2618 738 2660 populi
759 2618 899 2650 Romani
918 2620 950 2651 A
964 2620 1022 2660 (B)
1036 2619 1164 2659 CJ)E,·
1183 2620 1251 2650 alt'z'
1266 2620 1435 2660 ambiguo
1455 2621 1675 2662 compendio,

192 2673 233 2700 vt
248 2680 279 2711 p.
301 2668 340 2700 R.
360 2679 389 2699 e.
567 2668 607 2699 ab
627 2669 678 2700 his
698 2670 817 2712 ABs,
838 2671 878 2702 ab
897 2671 961 2702 hiis
981 2671 1029 2710 E‚·
1055 2671 1095 2702 ab
1115 2671 1157 2702 iis
1176 2681 1211 2702 τι.
1372 2672 1412 2703 15
1431 2682 1463 2713 p.
1486 2671 1524 2704 R.
1543 2673 1594 2711 B,
1621 2683 1678 2715 po—

195 2721 272 2763 pulo
291 2720 330 2752 R.
347 2720 392 2751 D.
506 2721 545 2753 18
564 2721 755 2761 deligerent
774 2732 868 2754 corr.
890 2722 1010 2764 inis,
1032 2722 1223 2763 delegerint
1243 2724 1273 2755 b.
1378 2724 1417 2757 21
1441 2723 1609 2756 indiceret
1626 2735 1673 2757 m.

191 2783 260 2804 sec.
289 2772 319 2804 b.
482 2772 524 2804 23
552 2772 732 2804 concilium
758 2773 802 2804 A.
976 2774 1243 2816 constituerunt]
1269 2779 1467 2807 statuerunt
1492 2775 1530 2808 C.

190 2824 235 2856 24
255 2821 399 2854 concilio
418 2832 462 2854 m.
479 2832 538 2864 pr.
557 2823 600 2855 A.
766 2825 807 2856 ‘25
827 2824 914 2855 idem
933 2823 1005 2855 AB
1020 2824 1175 2867 CDEs‚
1197 2836 1264 2857 non
1284 2826 1398 2858 iidem.
1563 2826 1605 2859 ‘26
1625 2836 1676 2857 re-

195 2873 287 2905 uersi
307 2878 385 2905 sunt
404 2874 421 2905 b
439 2876 477 2905 et
491 2876 528 2905 in
548 2884 663 2915 marg.
685 2875 721 2907 C.
864 2885 961 2906 seero
980 2875 1024 2906 A.

1713 913 1752 946 10

1715 1276 1753 1308 15

1712 1614 1754 1646 20
