1835 3240
81 189 164 232 600
652 184 726 225 DE
758 180 948 225 BELLO
980 180 1154 224 CIVILI

112 302 139 341 4
160 315 229 355 per
260 301 396 341 horum
420 313 586 354 corpora
608 298 773 338 salutem
796 296 868 336 sibi
892 301 1007 348 atque
1030 296 1180 336 exitum
1203 296 1420 349 pariebant.
1466 294 1639 336 Sinistro

161 383 284 409 cornu
307 369 451 409 milites
467 399 477 418 ,
503 381 587 407 cum
611 379 663 405 ex
683 364 786 404 uallo
809 362 1038 416 Pompeium
1061 363 1200 404 adesse
1222 371 1262 404 et
1282 377 1374 404 suos
1397 365 1532 417 fugere
1555 377 1641 404 cer-

161 444 328 486 nerent,
365 435 479 476 ueriti
498 465 507 483 ,
534 448 582 473 ne
603 432 797 485 angustiis
819 431 1206 481 intercluderentur,
1232 446 1316 471 cum
1340 438 1453 471 extra
1476 439 1514 472 et
1536 432 1641 472 intus

161 506 313 545 hostem
338 503 549 547 haberent,
574 501 735 550 eodem,
761 514 835 552 quo
860 505 1068 548 uenerant,
1091 506 1252 552 receptu
1273 498 1347 538 sibi
1368 499 1640 549 consulebant,

162 573 367 624 omniaque
390 575 504 609 erant
525 568 728 617 tumultus,
753 567 922 617 timoris,
948 568 1062 620 fugae
1084 567 1214 620 plena,
1238 567 1336 606 adeo
1359 572 1415 614 ut,
1436 581 1522 606 cum
1538 565 1639 607 Cae-

163 654 230 680 sar
260 639 373 692 signa
407 636 638 689 fugientium
669 649 787 675 manu
818 634 1029 688 prenderet
1059 641 1098 675 et
1120 634 1342 675 consistere
1364 633 1545 683 iuberet,
1579 634 1645 675 alii

166 706 356 761 [dimissis
380 705 509 758 equis]
533 703 698 744 eundem
722 716 878 742 cursum
902 702 1212 756 coniungerent,
1237 702 1303 742 alii
1326 715 1376 742 ex
1400 708 1507 742 metu
1528 702 1645 741 etiam

88 776 145 820 70
163 776 277 828 signa
300 773 556 821 dimitterent,
581 785 705 824 neque
728 770 929 823 quisquam
952 770 1112 810 omnino
1135 770 1389 810 consisteret.
1427 768 1502 809 His
1525 769 1645 808 tantis

163 842 274 883 malis
299 841 394 881 haec
416 839 586 880 subsidia
611 837 909 888 succurrebant,
927 852 1002 891 quo
1024 838 1152 878 minus
1175 839 1300 878 omnis
1318 837 1515 877 deleretur
1531 849 1647 876 excr-

164 912 261 951 citus
278 940 287 957 ,
323 908 424 962 quod
446 905 657 961 Pompeius
678 907 842 947 insidias
866 906 1006 946 timens
1022 937 1032 956 ,
1067 906 1183 947 credo
1199 937 1210 955 ,
1246 906 1346 958 quod
1371 906 1467 945 haec
1490 911 1648 959 praeter

164 991 271 1032 spem
295 977 520 1017 acciderant
542 975 641 1022 eius,
656 975 720 1028 qui
741 974 856 1029 paulo
878 980 970 1015 ante
991 987 1044 1014 ex
1065 974 1208 1014 castris
1231 974 1428 1027 fugientes
1447 986 1540 1013 suos
1556 986 1648 1012 con·

163 1052 376 1099 spexerat,
420 1042 702 1084 munitionibus
733 1041 1047 1096 adpropinquare
1081 1042 1317 1094 aliquamdiu
1350 1055 1427 1081 non
1460 1039 1641 1087 audebat,

163 1114 391 1167 equitesque
424 1112 508 1152 eius
540 1110 734 1164 angustiis
759 1111 921 1164 [portis]
945 1116 1062 1162 atque
1093 1109 1152 1149 his
1180 1110 1228 1149 ab
1252 1107 1440 1150 Caesaris
1462 1107 1646 1148 militibus

115 1181 142 1222 2
165 1181 364 1234 occupatis
388 1180 433 1220 ad
455 1179 737 1232 insequendum
760 1178 1030 1218 tardabantur.
1064 1175 1126 1216 Ita
1148 1191 1293 1230 paruae
1315 1190 1378 1217 res
1402 1189 1583 1229 magnum
1606 1174 1647 1214 in

164 1256 366 1301 utramque
390 1255 537 1301 partem
561 1253 797 1286 momentum
820 1245 1055 1286 habuerunt.
1088 1244 1333 1285 Munitiones
1351 1244 1453 1285 enim
1473 1257 1493 1283 a
1509 1242 1649 1282 castris

165 1317 212 1356 ad
244 1316 386 1355 flumen
420 1315 629 1368 perductae
653 1313 889 1367 expugnatis
912 1313 988 1353 iani
1012 1312 1154 1353 castris
1175 1310 1337 1367 Pompei
1360 1311 1555 1366 propriam
1579 1323 1650 1350 ex-

162 1384 409 1438 peditamque
432 1379 619 1422 Caesaris
641 1381 848 1422 uictoriam
870 1380 1237 1435 interpellauerunt,
1263 1380 1399 1420 eadem
1421 1393 1485 1420 res
1508 1379 1646 1420 celeri-

88 1452 137 1496 71
166 1459 244 1492 tate
266 1450 556 1503 insequentium
579 1451 730 1495 tardata
748 1449 894 1490 nostris
915 1450 1078 1489 salutem
1098 1449 1243 1489 attulit.
1277 1447 1441 1489 Duobus
1459 1447 1517 1488 his
1537 1448 1650 1488 unius

165 1519 240 1560 diei
273 1517 430 1572 proeliis
454 1515 608 1558 Caesar
638 1517 879 1559 desiderauit
910 1516 1052 1557 milites
1084 1523 1289 1557 DCCCCLX
1320 1523 1360 1556 et
1389 1517 1547 1571 equites
1580 1546 1589 1555 .
1610 1546 1618 1555 .
1638 1546 1647 1556 .

163 1585 400 1628 Tuticanum
424 1585 578 1627 Gallum
595 1618 605 1637 ,
638 1585 835 1627 senatoris
865 1585 1011 1636 filium,
1048 1592 1164 1626 notos
1197 1586 1348 1638 equites
1371 1583 1573 1624 Romanos
1597 1581 1646 1624 C.

163 1653 411 1708 Fleginatem
443 1653 673 1704 Placentia,
708 1653 760 1694 A.
797 1652 993 1694 Granium
1025 1651 1230 1703 Puteolis,
1264 1650 1326 1692 Μ.
1362 1651 1650 1693 Sacratiuirum

117 1722 145 1764 2
167 1720 321 1776 Capua,
350 1722 526 1764 tribunos
550 1723 714 1763 militum
737 1729 777 1764 et
798 1722 1050 1762 centuriones
1076 1728 1235 1771 XXX113
1262 1721 1331 1761 sed
1360 1720 1496 1759 horum
1525 1719 1649 1758 omni-

164 1805 228 1831 um
261 1805 351 1845 pars
394 1804 535 1844 magna
575 1791 615 1830 in
648 1790 765 1830 fossis
797 1789 1156 1842 munitionibusque
1189 1796 1227 1829 et
1257 1788 1424 1828 fluminis
1456 1787 1550 1840 ripis
1582 1800 1650 1840 op-

166 1872 303 1912 pressa
325 1873 487 1899 suorum
509 1860 549 1898 in
571 1865 725 1899 terrore
747 1872 793 1898 ac
817 1859 908 1911 fuga
925 1858 1011 1898 sine
1029 1857 1107 1897 ullo
1128 1856 1288 1897 uulnere
1306 1855 1481 1896 interiit:
1517 1855 1649 1909 signa-

119 1926 143 1966 3
167 1940 242 1980 que
275 1933 368 1966 sunt
397 1927 583 1967 militaria
604 1926 750 1966 amissa
769 1932 918 1965 XXXII.
963 1924 1173 1978 Pompeius
1199 1938 1245 1964 eo
1268 1923 1416 1977 proelio
1439 1923 1650 1977 imperator

168 2002 226 2034 est
258 1994 489 2049 appellatus.
535 1993 619 2034 Hoc-
649 2007 791 2034 nomen
823 1993 990 2047 optinuit
1023 2000 1139 2045 atque
1170 1993 1224 2033 ita
1255 2005 1299 2033 se
1331 1998 1466 2046 postea
1487 1991 1650 2031 salutari

307 2167 325 2198 3
346 2171 443 2198 extra
465 2166 555 2198 intus
575 2177 608 2198 α.
772 2167 792 2198 4
812 2169 952 2207 receptu
971 2164 1208 2204 Vascosanus,
1232 2163 1382 2206 receptui
1403 2162 1500 2194 codd.
1522 2161 1561 2193 P.
1588 2161 1648 2194 179

163 2221 259 2249 eoetr.
403 2219 421 2249 5
441 2218 575 2259 plenum
596 2228 630 2249 a.
772 2217 790 2249 6
811 2217 995 2259 prenderet
1014 2216 1076 2255 αἱ),
1099 2215 1329 2257 prehenderet
1351 2224 1384 2245 u.
1544 2212 1562 2245 7
1588 2211 1651 2253 [di-

164 2269 278 2300 missis
291 2267 403 2310 equis]
418 2269 455 2300 Ρ.
475 2269 550 2301 180.
738 2268 988 2309 coniungerent
1005 2278 1087 2310 ego,
1116 2266 1343 2307 confugerent
1360 2276 1380 2297 a
1395 2266 1412 2297 b
1432 2265 1505 2297 eod.
1528 2265 1611 2297 Vrs.
1627 2266 1651 2304 ,5

164 2319 279 2359 dett.;
307 2320 516 2351 conticerent
535 2330 568 2350 ll.
712 2319 814 2350 etiam
833 2330 901 2350 orn.
924 2319 955 2350 b.
1096 2319 1116 2351 8
1135 2318 1326 2349 consistere
1345 2327 1379 2348 α.
1532 2316 1573 2348 12
1592 2316 1651 2347 ad-

164 2370 394 2412 propinquare
412 2380 446 2401 α.
579 2369 780 2412 aliquandiu
799 2368 863 2410 (a).
987 2369 1025 2401 13
1045 2369 1196 2409 angustis
1216 2368 1322 2410 portis
1342 2373 1444 2410 atque
1464 2368 1514 2400 his
1533 2368 1584 2408 (a)
1600 2367 1654 2399 bd

165 2424 182 2455 6
203 2423 288 2454 dett.
302 2447 311 2463 ,
343 2422 511 2463 angustiis
531 2423 705 2465 portisque
723 2421 839 2453 Aldus
857 2431 893 2452 u.
927 2421 966 2452 P.
989 2420 1073 2461 1813
1099 2421 1162 2452 ubi
1177 2429 1246 2451 non
1264 2422 1358 2450 recte
1376 2421 1396 2451 4
1415 2419 1501 2451 dett.
1529 2421 1649 2460 posui.

308 2475 349 2506 ad
368 2485 401 2515 a,
424 2485 442 2506 a
461 2475 539 2507 edd.
731 2475 768 2506 15
789 2478 934 2515 utraque
953 2478 1050 2517 parte
1070 2474 1099 2504 b.
1286 2470 1322 2503 16
1341 2470 1475 2513 Pompei
1495 2481 1528 2503 a.

165 2525 424 2568 expeditamque
443 2536 463 2556 a
478 2527 536 2565 be,
558 2530 592 2557 et
612 2524 805 2567 expeditam
824 2534 859 2556 u.
1005 2524 1044 2556 19
1066 2522 1197 2554 Caesar
1213 2522 1340 2562 Aldus,
1368 2522 1529 2553 Caesaris
1549 2522 1649 2554 codd.

309 2581 342 2607 et
361 2576 495 2617 equites
518 2598 548 2607 ..
569 2600 575 2607 .
598 2575 803 2607 Tuticanum
824 2574 972 2616 Gallum,
992 2575 1162 2606 senatoris
1184 2574 1300 2612 fitium,
1320 2577 1415 2604 notos
1436 2574 1569 2614 equites
1588 2573 1652 2606 Ro-

165 2637 281 2659 manos
300 2637 387 2668 ego5
407 2631 441 2657 et
460 2631 557 2657 notos
576 2627 709 2667 equites
730 2626 769 2657 R.
794 2625 1004 2666 Felginatem
1019 2624 1221 2657 Tuticanum
1238 2623 1385 2665 Gallum,
1406 2624 1578 2656 senatoris
1590 2625 1655 2656 fiti-

165 2688 220 2710 um
240 2689 260 2709 u
280 2688 358 2710 cum
377 2678 535 2718 optimis,
556 2676 619 2707 sed
635 2676 841 2716 Flegmatem
861 2686 894 2716 a,
916 2675 1126 2716 Fleginatem
1148 2676 1178 2707 b.
1198 2675 1237 2707 P.
1263 2675 1337 2707 156.
1478 2675 1519 2709 21
1541 2673 1652 2714 Flegi-

165 2735 276 2762 uatem
298 2730 327 2770 b,
349 2728 555 2760 Flecmatem
575 2738 618 2766 α,·
641 2727 853 2768 Felginatem
874 2738 907 2759 ιι.
1110 2728 1151 2761 24
1172 2728 1203 2758 in
1225 2732 1358 2759 terrore
1377 2728 1439 2769 ab,
1462 2732 1595 2759 terrore
1614 2737 1649 2758 u.

308 2781 428 2814 interit
448 2790 482 2812 α.
639 2779 682 2813 25
702 2780 827 2811 amissa
846 2789 942 2811 xxxu
961 2788 994 2819 a,
1015 2789 1109 2810 xxxii
1129 2779 1255 2811 amissa
1273 2779 1351 2811 edd.
1506 2778 1549 2813 25
1568 2777 1652 2819 opti-

166 2834 238 2866 nuit
258 2845 290 2866 a.
435 2834 567 2875 postea]
585 2836 660 2874 post
677 2832 807 2863 modum
829 2832 859 2863 b.
1003 2831 1139 2863 satutur
1156 2842 1188 2863 a.

1681 910 1721 944 10

1681 1590 1724 1623 20
