1835 3240
591 167 775 212 COMM.
800 168 816 210 1
850 165 974 210 CAP.
1000 165 1201 208 52—53.
1626 168 1710 212 289

155 288 276 330 aciem
299 283 543 339 premebant.
595 281 640 323 Id
669 297 757 323 cum
785 281 1134 323 animaduertisset
1161 279 1324 320 Publius
1347 277 1519 322 Crassus
1541 284 1633 323 adu·
1653 283 1680 325 7

152 357 321 404 lescens,
347 352 409 405 qui
433 351 623 404 equitatui
646 357 853 406 praeerat,
879 350 979 404 quod
1002 348 1227 404 expeditior
1248 354 1336 388 erat
1356 361 1470 400 quam
1492 349 1517 388 ii
1536 380 1546 398 ,
1571 351 1635 402 qui

151 423 258 464 inter
278 421 400 462 aciem
424 420 709 469 uersabantur,
743 419 900 459 tertiam
928 417 1049 458 aciem
1081 415 1351 458 laborantibus
1375 416 1521 455 nostris
1544 417 1635 456 sub-

152 491 250 531 sidio
273 488 394 529 misit.
428 486 487 528 Ita
510 487 697 542 proelium
720 486 945 526 restitutum
967 492 1043 535 est,
1068 493 1183 538 atque
1206 496 1340 525 omnes
1363 483 1497 522 hostes
1521 490 1630 536 terga
1653 485 1711 529 53

106 567 125 599 5
148 564 355 599 uerterunt
377 570 503 609 neque
526 555 632 609 prius
656 556 791 607 fugere
814 554 1067 602 destiterunt,
1093 566 1207 606 quam
1230 552 1276 593 ad
1301 552 1441 592 flumen
1455 550 1638 591 Rhenum

81 904 122 937 10

84 1243 124 1275 15

84 1579 128 1613 20

154 625 259 664 milia
281 639 463 678 passuum
488 637 541 663 ex
562 636 607 663 eo
639 622 725 662 loco
748 621 907 661 circiter
934 620 1215 674 quinquaginta
1245 625 1526 674 peruenerunt.
1579 618 1638 660 Ibi
1658 618 1686 659 2

153 693 339 747 perpauci
360 699 428 732 aut
450 691 598 731 uiribus
622 689 757 730 conlisi
781 696 939 729 tranare
971 688 1263 728 contenderunt
1284 694 1352 727 aut
1372 687 1555 727 lintribus
1578 687 1638 727 in-

154 760 286 801 uentis
297 759 544 800 sibisalutem
559 763 810 812 pepererunt.
836 754 881 796 In
898 757 957 796 his
980 754 1308 805 fuitAriouistus,
1334 755 1396 808 qui
1416 754 1638 795 nauiculam
1659 754 1684 796 3

157 828 365 881 deligatam
397 826 443 866 ad
475 826 596 879 ripam
633 831 768 865 nactus
801 838 846 865 ea
878 824 1072 878 profugit:
1108 823 1282 876 reliquos
1306 837 1441 863 omnes
1463 823 1640 876 equitatu

154 895 357 937 consecuti
389 894 514 934 nostri
545 894 849 934 interfecerunt.
894 891 1007 932 Duae
1049 892 1208 932 suerunt
1244 891 1439 930 Ariouisti
1470 904 1636 941 uxores,
1660 890 1687 931 4

153 978 234 1005 una
257 961 387 1003 Sueua
411 962 586 1011 natione,
612 975 724 1015 quam
748 961 861 1000 domo
883 974 1016 1000 secum
1040 959 1223 1009 duxerat,
1248 959 1374 999 altera
1386 957 1553 1008 Norica,
1578 972 1642 999 re-

155 1032 215 1085 gis
248 1030 456 1071 Voctionis
488 1043 624 1079 soror,
667 1043 778 1082 quam
811 1028 851 1068 in
885 1026 1014 1068 Gallia
1047 1028 1214 1068 duxerat
1245 1042 1267 1068 a
1298 1028 1422 1067 fratre
1453 1027 1638 1068 missam:

153 1108 344 1152 utraeque
365 1098 403 1137 in
426 1111 471 1137 ea
494 1098 587 1151 fuga
609 1097 825 1151 perierunt.
879 1095 992 1137 Duae
1025 1096 1125 1136 filiae
1147 1096 1283 1136 harum
1301 1126 1311 1145 ,
1345 1096 1468 1136 altera
1491 1095 1639 1146 occisa,

157 1167 280 1207 altera
303 1172 413 1220 capta
437 1172 512 1206 est.
567 1164 689 1206 Gaius
712 1164 898 1206 Valerius
921 1163 1116 1205 Procillus
1133 1195 1143 1214 ,
1178 1179 1264 1204 cum
1293 1179 1315 1205 a
1347 1165 1572 1206 custodibus
1603 1166 1644 1206 in
1666 1165 1690 1206 5

158 1236 246 1289 fuga
268 1234 383 1274 trinis
407 1233 556 1274 catenis
581 1233 733 1273 uinctus
764 1232 1014 1282 traheretur,
1047 1232 1087 1272 in
1115 1232 1240 1285 ipsum
1273 1230 1489 1274 Caesarem
1521 1234 1644 1274 hostis

159 1303 332 1355 equitatu
353 1308 651 1355 persequentem
666 1301 818 1341 incidit.
854 1298 966 1353 Quae
988 1299 1142 1353 quidem
1164 1314 1230 1341 res
1244 1297 1411 1342 Caesari
1428 1316 1506 1341 non
1520 1302 1645 1342 mino·
1667 1301 1693 1341 6

159 1383 242 1409 rem
257 1384 367 1421 quam
381 1369 465 1422 ipsa
478 1369 644 1409 uictoria
658 1369 896 1422 uoluptatem
911 1368 1064 1415 adtulit,
1090 1369 1191 1421 quod
1206 1368 1400 1409 hominem
1414 1370 1645 1410 honestissi-

163 1452 262 1477 mum
287 1436 517 1491 prouinciae
540 1435 719 1487 Galliae,
743 1451 854 1477 suum
880 1436 1107 1476 familiarem
1131 1443 1170 1476 et
1191 1435 1401 1490 hospitem,
1426 1445 1602 1492 ereptum
1625 1451 1647 1478 e

162 1504 340 1544 manibus
364 1504 533 1544 hostium
555 1505 628 1545 sibi
653 1506 875 1545 restitutum
900 1504 1070 1553 uidebat,
1097 1517 1223 1559 neque
1247 1504 1330 1545 eius
1354 1506 1578 1547 calamitate
1601 1506 1647 1547 de

160 1578 269 1612 tanta
291 1572 492 1625 uoluptate
506 1580 544 1612 et
565 1572 829 1626 gratulatione
852 1572 1056 1625 quicquam
1081 1573 1237 1612 fortuna
1261 1572 1520 1615 deminuerat.
1554 1572 1593 1614 Is
1605 1587 1648 1615 se
1668 1574 1695 1615 7

162 1646 369 1693 praesente
402 1641 448 1680 de
481 1655 524 1681 se
545 1648 605 1681 ter
625 1640 796 1680 sortibus
819 1640 1040 1680 consultum
1064 1639 1233 1691 dicebat,
1257 1647 1389 1680 utrum
1410 1641 1493 1695 igni
1514 1642 1648 1682 statim

160 1714 384 1755 necaretur,
400 1721 448 1747 an
463 1708 504 1748 in
519 1708 622 1749 aliud
643 1715 792 1762 tempus
808 1713 1108 1748 reseruaretur:
1124 1708 1289 1748 sortium
1301 1708 1491 1750 beneficio
1503 1723 1545 1750 se
1558 1723 1649 1750 esse

161 1775 414 1816 incolumem.
449 1774 547 1816 Item
560 1774 724 1817 Marcus
745 1774 894 1817 Metius
917 1782 1098 1830 repertus
1121 1783 1160 1817 et
1180 1776 1228 1816 ad
1251 1790 1338 1816 eum
1360 1777 1548 1818 reductus
1571 1785 1646 1819 est.
1670 1776 1696 1818 8

309 1893 322 1925 1
344 1892 484 1924 Publius
500 1894 543 1932 B,
564 1891 600 1925 P.
622 1903 656 1925 u.
791 1892 996 1925 adulescens
1017 1893 1046 1924 B
1064 1896 1098 1924 et
1115 1902 1277 1934 suprasc.
1297 1904 1314 1924 ο
1332 1894 1377 1924 A.
1517 1894 1539 1926 2
1556 1893 1651 1935 equi-

165 1946 239 1974 tatu
257 1954 335 1976 cum
355 1955 424 1976 uno
438 1946 594 1986 pessimo
613 1955 649 1976 u.
792 1944 837 1983 hi,
860 1944 914 1986 qui
936 1943 1036 1976 codd.
1058 1947 1093 1976 et
1111 1944 1189 1975 edd.
1310 1943 1329 1976 3
1349 1944 1439 1976 intra
1463 1945 1517 1977 C?
1536 1945 1650 1977 Oxon.

168 1996 205 2025 et
218 2004 265 2026 m.
286 2006 353 2028 sec.
375 1996 417 2028 B.
591 1994 713 2037 aciem]
734 1999 863 2037 partem
886 1995 980 2037 ΟΥ]
993 1998 1027 2026 et
1044 2005 1091 2026 m.
1111 2006 1182 2028 sec.
1201 1997 1245 2027 B.
1421 1996 1440 2028 6
1459 1996 1595 2028 milibus
1616 1997 1648 2028 b.

309 2048 552 2090 quinquaginta
582 2047 728 2078 Orosius
748 2046 817 2085 VI,
846 2047 887 2087 73
915 2048 1062 2088 quinque
1082 2046 1184 2078 codd.
1208 2047 1388 2079 Caesaris.
1529 2058 1651 2089 perue-

165 2102 287 2129 nerunt
305 2097 410 2140 e(s),
431 2097 652 2141 peruenerint
669 2099 701 2129 Α
714 2098 873 2138 (B>DE‚
895 2098 1118 2139 peruenirent
1138 2098 1169 2129 b.
1344 2099 1362 2131 7
1381 2104 1557 2131 tranatare
1579 2101 1596 2131 b
1609 2111 1648 2142 c,

165 2149 432 2191 transnatares.
588 2149 609 2180 8
627 2153 835 2191 pepererunt
854 2149 1034 2190 Heinsius,
1065 2154 1271 2191 repererunt
1287 2150 1388 2182 codd.
1419 2151 1498 2191 (sed
1513 2162 1648 2194 repper.

164 2199 225 2243 Β).
244 2200 285 2233 Ρ.
303 2201 358 2233 58.
475 2201 494 2233 9
514 2200 648 2243 equites
667 2200 844 2232 consecuti
864 2211 902 2241 c,
923 2201 1098 2233 consecuti
1118 2202 1250 2243 equites
1272 2203 1289 2233 b
1304 2202 1358 2243 es.
1480 2203 1520 2236 10
1541 2206 1650 2237 nostri

166 2262 234 2283 om.
253 2251 300 2283 D.
488 2252 525 2284 11
549 2262 648 2294 quam
667 2262 686 2283 a
705 2252 802 2283 domo
824 2253 909 2284 C?b
923 2253 1035 2296 edes
1053 2257 1090 2286 et
1114 2265 1161 2286 m.
1181 2266 1249 2287 sec.
1269 2257 1313 2287 Β.
1503 2256 1651 2291 duxerat

166 2305 238 2336 AD
250 2305 301 2345 E5
321 2304 490 2336 eduxerat
506 2306 537 2336 B
552 2304 580 2336 C
593 2305 610 2336 b
623 2315 640 2336 c
653 2304 721 2345 de,
741 2305 980 2348 adduxerats.
1120 2306 1236 2340 Norici
1255 2319 1324 2340 sec.
1343 2319 1391 2340 m.
1410 2311 1448 2340 in
1465 2319 1583 2351 marg.
1602 2312 1647 2344 B.

331 2357 374 2392 12
390 2355 565 2389 Voctionis
584 2357 662 2399 Af,
692 2356 873 2389 Voccionis
891 2358 941 2399 E,
971 2358 1150 2391 Boccionis
1173 2360 1256 2400 CD,
1277 2360 1452 2393 hoccionis
1472 2361 1568 2393 linea
1584 2373 1649 2404 per

167 2410 386 2449 superiorem
398 2413 543 2451 partem
561 2410 708 2442 litterae
726 2410 743 2441 h
762 2410 871 2442 ducta
889 2411 931 2443 B.
1167 2413 1207 2445 13
1227 2418 1392 2456 utraeque
1408 2433 1455 2438 —
1470 2415 1650 2458 perierunt

168 2459 240 2490 AB
253 2460 364 2501 C(E)
377 2461 394 2491 b
409 2485 416 2499 ‚
437 2465 582 2502 utraque
600 2479 642 2484 —
662 2461 764 2504 periit
780 2472 801 2493 α
815 2461 905 2504 def.
927 2462 965 2494 P.
987 2461 1043 2495 57.
1170 2464 1302 2507 harum]
1324 2476 1440 2498 earum
1459 2467 1490 2498 b.

172 2509 212 2540 14
230 2509 333 2542 Gaius
351 2512 421 2542 AB
437 2512 572 2551 CDE,
607 2510 646 2543 G.
668 2511 711 2553 d,
732 2512 853 2554 C.fu.
1006 2513 1167 2547 Pricillus
1190 2516 1267 2548 DE.
1458 2517 1498 2550 15
1518 2517 1649 2559 (hostis

169 2561 279 2593 ABD
293 2562 352 2604 bc)
370 2563 517 2596 hostium
540 2564 567 2596 C
580 2564 628 2596 ?d
645 2575 661 2596 c
679 2568 715 2596 et
732 2575 780 2597 m.
798 2575 868 2597 sec.
888 2566 931 2596 Β.
1077 2566 1115 2598 16
1136 2568 1291 2610 equitatu
1310 2568 1436 2607 BDd,
1458 2570 1647 2611 equitatum

168 2612 198 2642 A
212 2611 335 2644 Cbce.
472 2615 707 2657 insequentem
729 2616 746 2647 b
759 2616 820 2648 de.
965 2616 1006 2649 17
1024 2618 1151 2650 adtulit
1165 2620 1209 2650 B.
1370 2621 1409 2653 18
1427 2626 1582 2664 eruptum
1600 2623 1645 2654 A.

313 2661 344 2704 e]
363 2663 402 2695 ‹le
423 2664 519 2697 C?b.
666 2667 702 2699 19
721 2667 858 2699 uiderat
878 2667 948 2699 AD
967 2671 1003 2699 et
1017 2679 1063 2700 m.
1082 2679 1140 2710 pr.
1162 2670 1204 2701 B.
1341 2671 1385 2704 20
1404 2671 1582 2714 quicquam
1600 2673 1643 2703 B.

314 2713 518 2748 diminuerat
533 2718 565 2748 B
583 2717 679 2749 ‘ms-s.
698 2718 887 2760 pler·z‘que'.
1030 2719 1073 2762 is]
1095 2720 1147 2752 bic
1167 2721 1198 2752 b.
1347 2722 1386 2754 21
1409 2727 1460 2754 ter
1477 2723 1643 2766 sortibus]

173 2763 362 2804 tergoribus
379 2765 453 2797 AD
465 2790 473 2806 ,
493 2767 684 2801 terroribus
699 2779 746 2800 m.
764 2779 822 2812 pr.
835 2770 878 2801 B.
972 2771 1015 2803 22
1033 2770 1232 2813 necaretur]
1247 2778 1585 2814 cremareturm.pr.
1602 2773 1642 2805 C.

312 2814 355 2846 23
374 2814 509 2849 Marcus
528 2819 578 2859 B,
598 2818 643 2851 M.
665 2830 699 2851 u.
866 2818 992 2853 Metius
1009 2822 1041 2854 A
1056 2822 1126 2854 CD
1138 2822 1196 2864 ds
1208 2825 1302 2854 ‘mss.
1324 2824 1430 2865 longe
1442 2824 1596 2864 plnrt'mt'
1612 2828 1648 2856 et

172 2865 410 2905 uetustiores,
430 2865 556 2900 Mecius
574 2870 622 2907 Ε,
645 2870 785 2903 Mettius
805 2870 877 2910 (B)
896 2881 931 2902 υ.
1074 2872 1114 2903 ad
1135 2873 1243 2915 ipsum
1263 2876 1393 2905 omisso
1412 2879 1447 2906 et
1468 2875 1498 2904 b.

206 2928 325 2963 caesar,
348 2929 392 2956 ed.
415 2928 555 2966 Nipperd.
1396 2937 1447 2978 19
