1835 3240
690 190 794 195 --
854 163 908 205 ‘26
967 188 1079 194 —-

146 280 340 321 ‘auersos'
363 281 434 330 22,
459 280 508 330 33
545 279 836 320 ‘administrare
869 275 1040 316 caedem'
1071 275 1142 326 36,
1169 278 1210 318 4.
1245 277 1313 328 30,
1337 280 1386 331 23
1423 280 1622 324 ‘Lusitani

144 350 192 389 ad
223 348 379 389 Didium
412 362 454 388 se
486 346 701 401 reportant'
733 345 801 393 40,
825 344 874 394 2,
912 340 1080 384 ‘Caesar
1112 344 1285 387 Gadibus
1317 362 1455 390 rursus
1483 351 1530 389 ad
1554 350 1623 390 Hi-

143 417 280 471 spalim
301 415 481 456 recurrit'
504 415 559 455 40
580 424 683 453 extr.
727 412 877 451 Eodem
910 411 1107 464 pertinent
1135 412 1230 452 haec
1252 428 1386 467 parum
1408 417 1563 470 proprie
1586 425 1625 458 et

145 492 328 525 accurate
351 485 472 523 dicta:
510 488 569 521 ‘ut
591 494 731 534 magno
755 487 885 519 tamen
908 478 1078 532 periculo
1101 493 1284 520 accessus
1307 495 1441 522 eorum
1461 485 1625 525 habere-

145 552 220 592 tur'
243 552 312 601 30,
338 551 385 601 53
423 551 579 590 ‘balista
609 549 729 586 missa
760 562 781 586 a
805 547 951 586 nostris
975 554 1122 586 turrem
1145 548 1297 588 deiecit*
1321 548 1374 588 13
1397 558 1529 602 extr.3
1565 557 1626 592 ‘ut

145 634 264 674 prope
305 619 505 658 uideretur
543 617 657 656 linem
690 614 859 654 bellandi
890 615 1052 654 duorum
1085 614 1266 655 dirimere
1300 616 1540 669 p1,1gna''25,
1573 619 1623 670 63

147 692 253 727 ‘cum
294 693 443 726 certum
485 683 772 736 comperissent
810 682 1031 737 legatorum
1071 697 1262 736 responsa
1291 683 1346 723 ita
1379 698 1466 724 esse
1497 693 1625 739 gesta,

146 753 463 807 quemadmodum
495 750 550 790 illi
582 750 825 790 retulissent'
855 750 926 800 22,
959 750 1000 790 4.
1046 749 1120 790 Hic
1151 751 1189 790 id
1220 751 1516 805 uituperandum
1549 761 1625 803 est,

146 823 247 875 quod
278 834 466 873 responsa
496 820 552 858 ita
575 826 688 872 gesta
710 819 918 868 dicuntur,
953 819 1273 871 quemadmodum
1295 819 1416 872 legati
1438 835 1630 874 responsa

145 889 395 929 retulissent:
430 887 525 927 illud
555 901 692 926 uerum
726 901 805 926 non
838 893 923 936 est,
958 887 1059 938 quod
1085 884 1351 927 Sclmeiderus
1386 889 1443 940 (in
1465 890 1627 942 specim.

147 971 275 997 nouae
307 957 398 996 edit.
436 952 556 994 Caes.
592 968 733 994 comm.
758 953 874 995 Vrat.
902 953 1030 1007 1829)
1063 955 1109 994 ad
1134 969 1168 994 c.
1198 954 1235 1005 1,
1259 954 1285 995 7
1308 957 1535 1007 annotauit,
1569 970 1631 997 re-

146 1024 339 1077 spondere
370 1022 602 1075 scriptorem
634 1022 815 1076 posuisse
847 1036 916 1076 pro
946 1022 1110 1062 diceudo
1143 1023 1207 1063 uel
1239 1024 1470 1076 eloquendo.
1523 1023 1630 1064 Nam

150 1098 356 1144 ‘responsa
386 1090 617 1144 legatorum⁹
650 1104 695 1131 ea
725 1090 948 1140 intellexit,
991 1103 1089 1142 quae
1125 1091 1449 1144 percontantibus
1481 1092 1632 1132 ciuibus

147 1159 267 1212 legati
299 1159 600 1212 exposuissent,
637 1165 676 1198 et
709 1157 775 1208 18,
809 1156 833 1198 5
866 1165 974 1198 recte
997 1159 1158 1214 scripsit
1180 1158 1403 1198 cohortanti
1424 1157 1630 1213 Pompeio,

149 1234 190 1266 ut
219 1226 376 1279 Ategua
406 1227 503 1266 clam
535 1226 582 1266 ab
612 1226 788 1267 obsessis
811 1226 1086 1276 desereretur,
1123 1231 1259 1266 ‘unum
1281 1226 1559 1280 respondisse,
1592 1233 1635 1267 ut

149 1295 278 1349 potius
311 1295 357 1334 ad
390 1294 649 1334 dimicandum
682 1294 993 1342 descenderent,
1027 1307 1139 1345 quam
1172 1294 1326 1346 signum
1358 1295 1474 1348 fugae
1500 1302 1635 1335 osten-

150 1361 326 1412 derent',
360 1362 548 1414 siquidem
580 1377 658 1401 non
689 1361 950 1416 interroganti
982 1361 1133 1409 solum,
1166 1361 1235 1401 sed
1273 1361 1458 1413 quidlibet
1490 1362 1636 1401 dicenti

150 1430 453 1483 respondemus:
490 1444 524 1469 c.
553 1429 591 1480 1,
615 1429 641 1469 7
674 1437 805 1470 autem
832 1429 1063 1481 ‘mediisque
1085 1442 1218 1468 eorum
1241 1428 1444 1481 praesidiis
1467 1443 1551 1468 cum
1575 1443 1637 1469 es-

152 1504 264 1546 sent,
299 1511 398 1536 unus
431 1511 483 1537 ex
515 1498 663 1537 nostris
695 1497 910 1551 respondit'
944 1504 1032 1550 post
1058 1496 1218 1536 uerbum
1253 1496 1441 1546 ‘essent',
1476 1504 1520 1536 ut
1541 1496 1637 1536 mul-

152 1565 201 1604 tis
223 1565 309 1604 aliis
332 1565 443 1604 huius
466 1565 554 1604 libri
575 1565 671 1605 locis
694 1566 881 1618 quaedam
913 1565 1164 1604 exciderunt.
1209 1564 1419 1605 Ablatiuus
1442 1566 1548 1605 solus
1570 1579 1637 1618 po-

153 1632 253 1672 situs
286 1639 371 1679 est,
405 1632 469 1671 ubi
502 1633 737 1686 praepositio
775 1640 859 1673 erat
890 1632 1119 1682 adicienda,
1155 1640 1197 1672 ut
1232 1632 1301 1672 ‘in'
1333 1634 1374 1682 9,
1399 1632 1426 1672 4
1461 1638 1562 1672 ‘cum
1585 1646 1638 1673 ex

155 1699 317 1740 castello
347 1713 569 1752 repugnare
591 1701 837 1753 coepissent,
871 1701 1162 1754 maioribusque
1188 1700 1328 1740 castris
1352 1698 1517 1740 Caesari
1540 1714 1640 1740 nun-

153 1767 231 1807 tius
253 1774 360 1807 esset
381 1766 536 1807 allatus’
559 1774 599 1807 et
622 1766 688 1816 18,
714 1768 738 1808 3
764 1772 905 1821 ‘neque
929 1769 1050 1809 licere
1072 1769 1213 1808 castris
1237 1765 1314 1808 Cn.
1340 1766 1517 1821 Pompeii
1540 1782 1640 1807 nun-

156 1834 293 1884 tiare',
332 1834 412 1875 ‘ex'
439 1834 504 1884 15,
529 1834 557 1875 2
589 1836 754 1888 ‘pedites
786 1836 866 1876 leui
897 1844 1097 1876 armatura
1119 1836 1210 1876 lecti
1233 1837 1280 1876 ad
1303 1835 1483 1889 pugnam*
1507 1842 1546 1875 et
1567 1833 1637 1884 520,

155 1902 182 1942 4
217 1903 357 1943 ‘saucii
389 1903 540 1955 aliquot
570 1903 803 1943 occiderunt
831 1904 908 1943 leui
931 1904 1156 1944 armatura'.
1203 1901 1346 1943 ‘Clam'
1370 1903 1555 1943 adiuncto
1578 1917 1642 1943 ac-

158 1971 336 2010 cusatiuo
367 1970 556 2023 scriptum
589 1978 649 2010 est
680 1969 721 2019 3,
754 1971 795 2010 2.
839 1970 908 2018 35,
934 1971 958 2011 3
986 1979 1024 2012 et
1047 1986 1099 2012 ex
1121 1971 1346 2012 necessaria
1368 1970 1642 2010 emendatione

158 2036 234 2088 16,
272 2037 319 2087 1,
365 2038 473 2078 cuius
506 2037 800 2091 compositionis
832 2038 884 2078 ibi
912 2052 965 2078 ex
993 2038 1134 2079 Plauto
1167 2047 1205 2079 et
1237 2039 1428 2079 Terentio
1462 2038 1643 2092 exempla

158 2106 341 2159 ascripsit
370 2104 573 2146 Dauisius.
609 2103 656 2146 C.
683 2103 754 2155 40,
791 2104 811 2144 1
843 2106 1010 2160 legitur:
1049 2105 1203 2146 ‘Didius
1227 2107 1407 2159 proximo
1430 2120 1473 2145 se
1494 2105 1644 2158 recepit

159 2173 357 2223 castello',
392 2188 476 2213 cum
510 2173 671 2214 castello
703 2172 850 2226 recipi,
884 2187 926 2213 se
956 2174 1136 2226 recipere
1166 2174 1206 2213 in
1229 2174 1429 2214 castellum
1454 2174 1527 2213 dici
1551 2187 1645 2213 con-

159 2241 299 2281 suerit.
345 2239 393 2281 C.
427 2240 482 2281 24
513 2249 619 2281 extr.
648 2247 786 2281 auctor
807 2242 990 2294 scripsit:
1028 2241 1097 2280 ‘ita
1119 2242 1241 2294 pridie
1265 2242 1425 2281 duorum
1449 2241 1646 2281 centurio-

161 2323 251 2349 num
284 2309 461 2349 interitio
498 2309 568 2349 liae
606 2309 925 2349 aduersariorum
957 2322 1082 2362 poena
1113 2316 1174 2349 cst
1203 2309 1350 2356 litata',
1395 2324 1480 2348 cum
1508 2308 1646 2348 interi-

162 2376 259 2417 tioni
289 2377 441 2417 litatum
473 2391 561 2418 esse
597 2377 727 2417 dicere
757 2377 931 2417 deberet.
977 2373 1025 2415 C.
1054 2376 1120 2424 13,
1146 2375 1170 2416 5
1201 2377 1360 2416 uerbum
1395 2375 1537 2417 ‘orare'
1563 2376 1648 2415 inti-

162 2445 328 2485 nitiuum
361 2446 577 2485 subiectum
609 2445 744 2484 habet:
781 2444 937 2484 ‘missos
970 2446 1099 2484 facere
1129 2445 1341 2494 loricatos,
1376 2445 1439 2497 qui
1462 2443 1648 2497 praesidii

163 2527 282 2553 causa
313 2513 525 2566 praepositi
556 2513 694 2565 oppido
727 2527 749 2551 a
778 2510 966 2565 Pompeio
997 2520 1153 2562 essent,
1188 2512 1391 2561 orabant',
1437 2519 1478 2551 ut
1504 2510 1648 2565 Vergi-

164 2581 238 2621 lius
271 2581 371 2620 dixit
402 2579 490 2620 Ecl.
525 2580 567 2629 2,
601 2579 678 2631 433
711 2594 747 2619 c.
781 2578 850 2626 36,
883 2581 910 2621 2
941 2579 1283 2620 ‘animaduertere’
1316 2594 1384 2633 pro
1421 2582 1648 2619 aecusatiuo

166 2662 251 2688 cum
282 2648 477 2687 inlinitiuo
510 2648 738 2700 particulam
773 2646 867 2686 ‘ut'z
906 2646 1036 2699 ‘Quod
1059 2645 1214 2687 Caesar
1244 2662 1330 2687 cum
1361 2648 1650 2687 animaduerte-

165 2723 253 2764 ret,
287 2716 320 2756 si
353 2715 531 2769 oppidum
564 2728 704 2768 capere
728 2715 1006 2765 contenderet,
1041 2722 1082 2754 ut
1104 2714 1279 2755 homines
1303 2715 1445 2768 perditi
1468 2715 1650 2756 incende-

166 2790 258 2823 rent
296 2790 336 2823 ct
367 2783 522 2823 moenia
552 2782 765 2834 delerent-'3
809 2797 844 2822 c.
878 2783 954 2833 33,
990 2782 1016 2821 4
1058 2782 1277 2835 ‘imperare'
1311 2791 1349 2822 et
1380 2783 1650 2823 accusatiuum

168 2864 254 2890 cum
283 2851 478 2892 inlinitiuo
511 2858 551 2892 et
582 2851 840 2905 gerundium:
877 2854 1056 2891 ‘coenam
1080 2850 1212 2891 afferri
1234 2865 1347 2903 quam
1370 2851 1555 2905 optimam
1577 2851 1649 2891 im-
