1835 3240
57 168 140 211 486
585 165 660 208 DE
691 165 883 209 BELLO
915 164 1162 209 GALLICO

137 287 343 322 uereretur
357 310 368 331 ‚
407 293 457 321 ne
478 280 567 333 quid
590 279 822 320 crudelitate
844 284 1009 319 naturae
1030 279 1234 322 uideretur
1254 282 1432 336 asperius
1454 283 1615 331 fecisse,

140 361 266 403 neque
287 347 437 389 exitum
459 347 711 387 consiliorum
733 359 894 386 suorum
915 346 1270 399 animaduerteret,
1309 350 1343 390 si
1373 350 1441 390 tali
1463 351 1617 391 ratione

139 416 306 457 diuersis
328 416 368 455 in
389 414 485 455 locis
507 414 640 468 plures
661 413 825 453 consilia
846 413 1039 465 inissent,
1073 417 1255 469 exemplo
1284 417 1460 471 supplicii
1491 419 1619 459 deter-

138 484 285 525 rendos
304 484 476 536 reliquos
499 481 756 521 existimauit.
799 479 936 533 Itaque
968 482 1170 532 omnibus,
1204 483 1267 536 qui
1299 497 1408 524 arma
1429 485 1617 535 tulerant,

139 565 277 592 manus
298 550 488 604 praecidit
509 549 705 602 uitamque
727 548 950 599 concessit,
974 564 1049 603 quo
1071 550 1254 591 testatior
1273 559 1381 591 esset
1401 566 1527 605 poena
1546 553 1617 592 im-

92 619 118 659 2
141 619 364 674 proborum.
407 616 608 670 Drappes,
633 630 747 670 quem
769 624 922 670 captum
944 630 1036 658 esse
1056 632 1080 658 a
1102 616 1272 658 Caninio
1295 619 1431 669 docui,
1455 620 1540 660 siue
1560 620 1620 660 in-

142 687 333 741 dignitate
363 691 404 725 et
432 684 568 724 dolore
594 684 842 725 uinculorum
864 684 949 726 siue
970 685 1110 726 timore
1128 687 1325 740 grauioris
1339 686 1515 740 supplicii
1528 701 1621 740 pau-

95 755 120 794 3
144 756 198 795 cis
222 753 357 794 diebus
381 752 467 792 cibo
488 765 532 792 se
554 751 741 792 abstinuit
763 759 881 808 atque
902 753 958 793 ita
977 753 1143 794 interiit.
1178 753 1329 795 Eodem
1353 761 1528 807 tempore
1541 753 1621 794 Lu-

141 822 304 870 cterius,
329 833 441 873 quem
464 820 687 874 profugisse.
710 834 761 861 ex
783 821 933 873 proelio
954 821 1110 874 scripsi,
1136 836 1222 861 cum
1244 822 1285 861 in
1307 828 1541 875 potestatem
1555 835 1623 862 ue-

141 890 268 930 nisset
286 887 503 942 Epasnacti
530 887 705 928 Aruerni
736 888 894 940 (crebro
925 888 1027 928 enim
1058 889 1255 929 mutandis
1286 890 1384 929 locis
1413 889 1624 928 multorum

143 956 231 997 fidei
253 970 297 997 se
309 955 589 1005 committebat,
605 956 706 1008 quod
720 970 909 1010 nusquam
922 956 1065 996 diutius
1078 957 1165 997 sine
1177 956 1350 1010 periculo
1364 963 1624 996 commoratu-

141 1038 208 1064 rus
222 1023 443 1074 uidebatur,
470 1037 555 1064 cum
569 1023 644 1064 sibi
657 1023 838 1064 conscius
852 1031 973 1074 esset,
990 1038 1103 1077 quam
1125 1024 1324 1064 inimicum
1346 1024 1506 1064 deberet
1521 1022 1624 1064 Cae-

142 1105 271 1133 sarem
301 1092 490 1145 habere),
524 1091 626 1131 hunc
656 1089 907 1144 Epasnactus
933 1091 1169 1142 Aruernus,
1201 1092 1461 1132 amicissimus
1495 1091 1624 1145 populi

142 1159 340 1209 Romani,
364 1160 450 1200 sine
473 1159 716 1200 dubitatione
737 1159 818 1198 ulla
838 1159 1011 1200 uinctum
1032 1160 1080 1200 ad
1103 1157 1318 1200 Caesarem
1341 1159 1519 1200 deduxit.

68 1227 126 1272 45
262 1225 466 1267 Labienus
487 1227 644 1267 interim
675 1227 716 1266 in
737 1225 925 1267 Treueris
957 1234 1139 1279 equestre
1161 1227 1351 1279 proelium
1373 1227 1468 1266 facit
1489 1239 1629 1266 secun-

145 1294 234 1335 dum
266 1294 592 1347 conpluribusque
613 1293 805 1334 Treueris
836 1294 1057 1334 interfectis
1087 1301 1125 1334 et
1146 1292 1385 1341 Germanis,
1418 1293 1484 1346 qui
1512 1292 1629 1332 nullis

144 1361 336 1402 aduersus
358 1360 562 1402 Romanos
584 1361 734 1401 auxilia
757 1361 1021 1415 denegabant,
1046 1362 1242 1416 principes
1265 1375 1400 1402 eorum
1413 1361 1526 1400 uiuos
1541 1360 1629 1400 red-

96 1429 123 1469 2
144 1429 218 1483 igit
238 1429 278 1469 in
299 1443 409 1470 suam
432 1435 667 1483 potestatem
688 1435 806 1482 atque
827 1429 868 1469 in
891 1429 949 1470 his
972 1427 1117 1470 Surum
1141 1429 1344 1470 Haeduum
1359 1459 1369 1478 ‚
1404 1428 1467 1482 qui
1490 1435 1530 1468 et
1549 1427 1630 1467 uir-

146 1496 240 1537 tutis
263 1504 302 1537 et
322 1497 480 1552 generis
503 1510 694 1537 summam
715 1497 959 1538 nobilitatem
983 1497 1150 1537 habebat
1170 1497 1355 1551 solusque
1379 1511 1432 1537 ex
1452 1495 1629 1536 Haeduis

70 1564 129 1610 46
147 1565 194 1605 ad
216 1564 253 1604 id
278 1572 430 1619 tempus
452 1572 723 1619 permanserat
752 1565 794 1605 in
824 1565 960 1606 armis.
1011 1564 1072 1606 Ea
1092 1579 1135 1606 re
1157 1566 1316 1619 cognita
1336 1562 1514 1614 Caesar,
1545 1576 1631 1603 cum

145 1633 187 1673 in
217 1632 395 1673 omnibus
427 1633 602 1686 partibus
635 1631 788 1674 Galliae
819 1633 920 1674 bene
949 1647 1014 1674 res
1053 1633 1139 1687 geri
1180 1633 1334 1673 uideret
1359 1632 1630 1683 iudicaretque

146 1700 417 1755 superioribus
439 1701 603 1741 aestiuis
626 1699 794 1742 Galliam
819 1702 1011 1742 deuictam
1033 1702 1312 1754 subactamque
1335 1713 1441 1749 esse,
1464 1698 1630 1751 Aquita·

149 1770 251 1809 niam
275 1783 484 1822 numquam
507 1769 682 1820 adisset,
714 1782 783 1823 per
815 1768 996 1810 Publium
1030 1767 1219 1809 Crassum
1252 1768 1414 1821 quadam
1447 1780 1498 1806 ex
1521 1772 1631 1820 parte

289 1939 311 1973 2
330 1939 466 1971 consilii
484 1940 536 1971 sui
557 1940 616 1972 be.
775 1940 793 1973 3
813 1939 958 1972 consilia
976 1939 1125 1971 inissent
1142 1938 1172 1970 B
1193 1937 1350 1977 ‘ceteri’,
1368 1936 1539 1968 rebellare
1558 1945 1633 1968 coe—

147 1992 280 2035 pissent
296 2002 313 2022 e
333 1992 450 2023 Ooeon.
471 1995 506 2023 ct
517 2002 586 2033 pro
604 2002 682 2023 uar.
705 1991 788 2023 lect.
810 2002 840 2023 c.
981 1992 998 2022 5
1018 1991 1190 2032 uitamque
1203 1990 1234 2022 B
1250 1986 1428 2030 ‘7·elz'q11c''‚
1448 1987 1554 2018 uitam
1575 1986 1632 2017 be.

149 2045 295 2077 Orosius
308 2055 318 2075 ι
339 2043 470 2075 Caesar
488 2049 598 2076 autem
619 2044 786 2083 omnibus,
806 2044 862 2086 qui
882 2052 973 2074 arma
993 2043 1158 2082 tulerant,
1177 2051 1296 2072 manus
1315 2040 1457 2072 sustulit
1475 2043 1511 2070 et
1527 2037 1633 2068 uitam

146 2095 300 2138 reliquit,
321 2105 385 2137 quo
405 2096 567 2127 testatior
583 2100 678 2127 esset
696 2096 799 2127 etiam
816 2095 966 2137 posteris
984 2104 1091 2137 poena
1110 2094 1353 2136 improborum.
1508 2090 1527 2122 6
1545 2088 1632 2120 indi-

148 2147 279 2188 gnitate
297 2146 328 2178 B
341 2146 439 2179 CDa
452 2147 578 2186 bceA,
600 2146 836 2187 indignatione
855 2145 878 2177 d
894 2145 989 2177 And.
1013 2144 1130 2176 0³:0⁷1.
1295 2142 1313 2175 7
1333 2146 1368 2173 et
1386 2140 1502 2172 dolore
1522 2149 1590 2171 om.
1611 2149 1632 2170 α

148 2198 254 2230 bede
265 2198 308 2230 A.
449 2198 567 2240 paucis
586 2198 705 2230 diebus
725 2208 794 2230 om.
816 2199 846 2230 b.
988 2197 1009 2230 8
1027 2197 1100 2228 cibo
1120 2206 1156 2228 se
1170 2195 1201 2227 B
1215 2193 1393 2236 ‘relc'quz”‚
1413 2203 1449 2224 se
1468 2192 1544 2224 cibo
1563 2202 1580 2222 e
1598 2194 1635 2223 ct

148 2252 263 2281 inuito
284 2249 371 2281 Oud.
392 2260 427 2282 n.
568 2250 586 2282 9
607 2249 777 2292 exscripsi
794 2249 841 2281 D.
983 2248 1023 2281 10
1043 2247 1182 2280 mutatis
1203 2248 1234 2279 b.
1391 2245 1432 2279 12
1451 2244 1581 2276 Caesar
1599 2244 1628 2275 b.

293 2301 331 2333 15
352 2301 516 2333 Treueris
534 2302 577 2342 B,
597 2312 667 2333 non
687 2301 824 2333 Treuir.
963 2300 1049 2332 facit
1066 2299 1292 2332 secundumB
1307 2299 1402 2330 ‘mssa
1422 2297 1556 2337 multi',
1579 2307 1631 2328 se-

149 2351 294 2383 cundum
315 2351 399 2383 facit
415 2363 451 2384 u.
594 2353 634 2385 16
654 2352 885 2394 compluribus
904 2356 938 2384 et
955 2350 1063 2384 Treu.
1083 2356 1117 2383 et
1136 2349 1314 2382 Germanis
1334 2348 1528 2380 interfectis
1549 2349 1567 2380 b
1585 2352 1630 2387 et,

150 2404 215 2444 qui
230 2403 331 2434 etiam
348 2413 414 2444 pro
429 2405 553 2445 priore
572 2408 619 2445 et,
640 2414 657 2435 e
675 2404 803 2446 (eonpl.
825 2407 862 2436 et
878 2402 1043 2435 Treueris
1061 2403 1120 2443 B).
1285 2401 1389 2432 nullis
1406 2401 1438 2433 B
1459 2400 1634 2442 ‘reliqni’‚

150 2453 235 2485 nulli
255 2454 311 2485 be.
331 2453 414 2486 Veri.
433 2453 524 2496 Nep.
547 2455 669 2487 leem.
689 2455 723 2496 4,
746 2456 777 2488 1.
921 2455 961 2487 17
982 2453 1197 2494 denegabant
1213 2462 1260 2484 m.
1275 2461 1334 2493 pr.
1353 2451 1397 2483 B.
1545 2451 1636 2483 redi-

150 2505 199 2546 git
216 2505 250 2537 in
269 2515 363 2537 suam
383 2510 587 2548 potestatem
607 2507 637 2538 B
650 2506 809 2546 CDeA‚·
829 2506 863 2538 in
882 2516 976 2538 suam
995 2505 1131 2546 redegit
1147 2509 1351 2547 potestatem
1370 2513 1410 2543 u,
1432 2503 1495 2534 sed.
1512 2503 1637 2544 redigit

151 2559 247 2590 ¹mss.
267 2560 499 2599 meipraeter
525 2560 541 2590 b
555 2558 622 2590 cd'
641 2562 677 2591 et
697 2558 875 2601 ‘plerique
903 2559 1064 2590 ordinem
1080 2560 1227 2589 mutant
1245 2556 1370 2596 redigit
1386 2556 1418 2586 in
1439 2564 1532 2586 suam
1552 2555 1635 2597 pot.'

294 2609 335 2641 18
355 2609 406 2641 bis
425 2609 455 2641 B
473 2609 551 2640 edd.
573 2612 655 2641 ante
671 2609 769 2649 Alci„
790 2610 832 2641 iis
849 2609 966 2641 Aldus
983 2619 1018 2640 u.
1227 2607 1392 2638 uirtutem
1410 2606 1440 2638 B
1454 2606 1490 2638 C.

150 2659 191 2692 21
212 2659 245 2691 in
264 2669 334 2691 om.
356 2659 387 2691 b.
588 2659 744 2701 partibus
763 2658 896 2691 Galliae
916 2658 978 2700 (B)
997 2658 1076 2690 edd.
1097 2661 1179 2690 ante
1197 2668 1233 2699 u,
1257 2656 1391 2689 Galliae
1412 2656 1565 2698 partibus
1582 2653 1637 2698 (e)

153 2714 189 2742 et
203 2713 282 2742 sine
299 2712 535 2743 annotatione
553 2720 587 2742 η.
729 2710 803 2751 geri
820 2710 851 2742 B
871 2710 968 2742 ‘ms-9.
989 2710 1055 2751 11’,
1075 2714 1191 2750 gestas
1210 2720 1226 2739 e
1239 2719 1273 2740 n.
1415 2708 1459 2743 22
1477 2705 1635 2748 aestiuis]

153 2762 253 2794 bellis
270 2763 315 2794 D.
456 2761 698 2804 subactamque
716 2762 748 2793 B
769 2760 946 2803 ‘relz'qui'‚
969 2765 1004 2794 et
1021 2761 1194 2792 subactam
1216 2761 1233 2792 b
1247 2771 1264 2792 c
1276 2760 1340 2794 de.
1480 2759 1523 2795 23
1543 2769 1638 2790 num-

153 2823 251 2855 quam
269 2813 310 2853 B,
333 2823 401 2845 non
421 2822 523 2855 uunq.
663 2811 795 2843 adisset
813 2811 843 2843 B
863 2810 1042 2853 ‘1·eliquz'’,
1064 2811 1135 2853 ipse
1155 2811 1287 2843 adisset
1304 2822 1321 2842 e
1339 2810 1433 2843 And.
1457 2809 1571 2842 Ooeon.
1591 2809 1635 2841 A.

298 2875 357 2907 per
373 2863 607 2907 B‘plere‘qne',
630 2864 689 2895 sed
709 2874 769 2906 per
787 2873 849 2895 eu.
1007 2863 1161 2895 Publium
1181 2863 1221 2903 B,
1243 2862 1279 2894 P.
1301 2874 1335 2894 u.
