1835 3240
92 165 175 207 278
614 166 688 208 DE
720 167 910 211 BELLO
943 167 1191 211 GALLICO

118 276 144 317 6
165 277 320 319 radices
349 279 493 320 montis
522 293 575 321 ex
595 287 762 334 utraque
784 288 894 336 parte
915 282 1024 336 ripae
1046 283 1214 324 fluminis
1234 285 1480 340 contingant.
1529 285 1645 327 Hunc

120 345 147 385 7
164 359 301 387 murus
323 347 584 388 circumdatus
607 361 736 388 arcem
759 349 876 388 efficit
896 356 1033 390 etcum
1047 351 1186 404 oppido
1199 353 1416 407 coniungit.
1441 352 1528 394 Huc
1542 351 1645 395 Cae-

166 427 234 454 sar
263 415 417 468 magnis
440 416 644 456 nocturnis
666 415 892 469 diurnisque
920 417 1126 458 itineribus
1159 420 1358 460 contendit
1380 428 1646 475 occupatoque

163 482 302 537 oppido
323 482 376 523 ibi
398 482 634 535 praesidium
658 483 852 524 conlocat.

87 559 145 604 39
279 559 384 601 Dum
407 575 550 615 paucos
573 562 654 602 dies
676 562 724 602 ad
745 561 1032 604 Vesontionem
1063 564 1121 604 rei
1145 565 1426 605 frumentariae
1448 579 1640 606 commea-
1671 574 1689 605 5

162 635 299 681 tusque
333 642 451 669 causa
481 636 682 679 moratur,
727 643 779 669 ex
811 631 1107 683 percontatione
1139 639 1361 672 nostrorum
1406 632 1642 686 uocibusque

162 694 366 736 Gallorum
390 709 434 736 ac
456 703 736 745 mercatorum,
762 697 825 750 qui
847 697 997 751 ingenti
1019 699 1287 752 magnitudine
1312 713 1517 754 corporum
1541 698 1643 741 Ger-

159 776 296 803 manos
312 794 322 813 ,
360 763 580 804 incredibili
601 764 746 804 uirtute
768 771 885 818 atque
907 767 1195 807 exercitatione
1216 768 1256 807 in
1278 768 1397 808 armis
1420 780 1508 807 esse
1530 780 1644 820 prae-

158 829 334 870 dicabant
362 833 663 884 (saepenumero
684 845 773 873 sese
791 847 878 873 cum
901 834 959 873 his
981 847 1217 888 congressos
1239 849 1288 875 ne
1318 836 1466 875 uultum
1490 835 1642 887 quidem

159 905 277 950 atque
299 898 423 938 aciem
446 898 646 939 oculorum
669 900 851 941 dicebant
872 902 977 941 ferre
999 902 1211 956 potuisse),
1235 909 1368 942 tantus
1386 902 1514 942 subito
1528 902 1646 942 timor
1677 909 1717 942 10

158 978 313 1005 omnem
337 966 555 1006 exercitum
579 968 810 1022 occupauit,
845 975 887 1008 ut
914 983 992 1009 non
1019 970 1272 1011 mediocriter
1294 971 1467 1010 omnium
1488 977 1642 1011 mentes

108 1030 135 1071 2
156 1032 386 1086 animosque
417 1034 681 1087 perturbaret.
734 1035 811 1077 Hic
839 1037 1004 1091 primum
1025 1044 1136 1077 ortus
1159 1045 1220 1078 est
1240 1052 1262 1078 a
1284 1038 1454 1079 tribunis
1476 1039 1640 1078 militum

155 1101 365 1152 praefectis
386 1102 651 1156 reliquisque,
686 1104 750 1157 qui
774 1118 827 1145 ex
856 1105 952 1145 urbe
981 1105 1177 1146 amicitiae
1199 1119 1316 1146 causa
1339 1104 1554 1147 Caesarem
1577 1119 1640 1146 se-

109 1164 133 1204 3
157 1167 235 1206 cuti
256 1182 336 1208 non
357 1183 538 1223 magnum
560 1170 600 1210 in
623 1184 666 1211 re
688 1171 847 1211 militari
871 1186 983 1212 usum
1006 1172 1227 1213 habebant:
1254 1187 1415 1225 quorum
1440 1174 1540 1214 alius
1563 1173 1640 1214 alia

155 1247 274 1274 causa
295 1236 433 1286 inlata,
459 1252 573 1291 quam
595 1239 667 1279 sibi
687 1239 733 1279 ad
747 1239 1072 1292 proficiscendum
1089 1241 1355 1281 necessariam
1369 1254 1457 1281 esse
1472 1242 1637 1291 diceret,
1675 1248 1714 1281 15

155 1302 327 1354 petebat,
344 1310 387 1343 ut
399 1304 482 1344 eius
495 1306 701 1346 uoluntate
714 1307 915 1347 discedere
929 1308 1069 1348 liceret
1083 1324 1093 1357 ς
1118 1308 1293 1348 nonnulli
1307 1308 1453 1361 pudore
1466 1308 1638 1358 adducti,

42 1422 50 1427 .
106 1367 132 1406 4
154 1375 197 1408 ut
230 1369 381 1410 timoris
413 1372 674 1426 suspicionem
706 1374 902 1424 uitarent,
936 1375 1210 1415 remanebant.
1263 1374 1316 1414 Hi
1338 1388 1465 1427 neque
1487 1375 1640 1415 uultum

152 1436 304 1488 fingere
325 1451 451 1491 neque
473 1440 669 1480 interdum
692 1441 876 1482 lacrimas
902 1449 1036 1483 tenere
1058 1449 1263 1496 poterant:
1306 1441 1427 1481 abditi
1448 1442 1489 1482 in
1511 1442 1641 1482 taber-

153 1504 304 1544 naculis
337 1513 406 1546 aut
437 1520 549 1547 suum
583 1509 704 1548 fatum
737 1509 1026 1563 querebantur,
1061 1517 1128 1550 aut
1159 1524 1243 1550 cum
1276 1510 1533 1550 familiaribus
1555 1509 1638 1549 suis

107 1569 131 1610 5
155 1585 363 1613 commune
385 1574 601 1627 periculum
624 1577 930 1618 miserabantur.
965 1576 1096 1631 Volgo
1122 1578 1217 1618 totis
1240 1577 1380 1618 castris
1404 1583 1641 1618 testamenta
1669 1583 1714 1617 20

149 1638 473 1692 obsignabantur.
521 1642 669 1684 Horum
698 1645 860 1685 uocibus
891 1659 937 1686 ac
966 1645 1108 1686 timore
1138 1645 1325 1699 paulatim
1347 1644 1464 1685 etiam
1487 1643 1540 1693 ii,
1574 1643 1639 1696 qui

149 1720 331 1760 magnum
353 1708 393 1748 in
416 1711 558 1750 castris
581 1725 693 1751 usum
717 1713 935 1763 habebant,
967 1713 1111 1754 milites
1143 1713 1472 1765 centurionesque
1494 1711 1637 1764 quique

101 1771 127 1813 6
149 1774 336 1828 equitatui
359 1784 586 1830 praeerant,
611 1779 933 1832 peturbabantur.
987 1778 1066 1833 Qui
1098 1794 1140 1821 se
1172 1795 1224 1822 ex
1245 1781 1305 1820 his
1328 1780 1456 1820 minus
1478 1779 1635 1819 timidos

148 1841 371 1882 existimari
393 1844 596 1893 uolebant,
622 1861 700 1887 non
723 1861 766 1887 se
789 1848 940 1888 hostem
963 1848 1112 1898 uereri,
1145 1848 1213 1888 sed
1235 1848 1440 1903 angustias
1462 1847 1632 1897 itineris,

147 1909 455 1963 magnitudinem
478 1913 683 1966 siluarum,
709 1929 807 1968 quae
829 1916 1123 1956 intercederent
1142 1916 1248 1956 inter
1269 1915 1374 1970 ipsos
1389 1921 1506 1968 atque
1519 1912 1637 1954 Ario-

1667 1921 1688 1955 ’ω

1691 1921 1710 1953 G(

336 2030 349 2062 1
382 2032 517 2064 radices
544 2034 670 2065 montis
695 2034 836 2077 ΑΒΕ,
864 2037 950 2068 item
967 2035 1018 2077 B,
1046 2038 1082 2067 in
1109 2046 1177 2077 quo
1204 2036 1276 2067 eius
1298 2039 1386 2079 post
1409 2036 1544 2067 radices
1570 2045 1618 2067 m.

145 2088 214 2110 sec.
232 2089 418 2122 supr-asc.,·
448 2084 582 2115 radices
603 2084 677 2117 eius
695 2086 867 2128 montisf.
1105 2087 1125 2119 3
1145 2086 1321 2118 nocturnis
1349 2096 1417 2118 om.
1447 2096 1493 2117 m.
1510 2095 1569 2127 pr.
1592 2084 1633 2117 C·

333 2133 572 2177 diuturnisque
591 2136 670 2169 BC.
914 2138 934 2170 4
960 2137 1116 2169 conlocat
1134 2138 1247 2178 ABf.
1501 2138 1518 2169 5
1538 2135 1630 2177 dum]

145 2194 219 2216 cum
245 2184 288 2216 B.
452 2184 470 2216 6
498 2186 755 2227 percontatione
782 2187 938 2228 ABCf,
971 2187 1250 2229 percunctatione
1282 2186 1340 2227 (E)
1371 2189 1405 2218 et
1432 2187 1564 2228 ubique
1596 2197 1630 2217 u.

310 2238 328 2270 9
349 2236 401 2268 his
420 2237 577 2279 ABEs;
605 2238 654 2270 eis
672 2248 708 2271 u.
872 2239 914 2271 10
930 2239 1092 2270 dicebant
1110 2241 1147 2270 in
1165 2248 1282 2280 marg.
1304 2239 1322 2269 b
1340 2238 1545 2280 suppletum
1563 2249 1631 2270 om.

143 2293 358 2333 upauez'que
372 2293 537 2332 pessimi.
665 2292 706 2324 12
725 2292 813 2333 abs.
958 2292 997 2324 13
1016 2292 1240 2335 reliquiisque
1261 2292 1304 2324 B.
1438 2290 1548 2323 secuti
1567 2300 1631 2322 non

142 2351 298 2382 magnum
318 2342 352 2373 in
371 2352 406 2373 re
425 2342 497 2373 DE
511 2345 549 2373 et
563 2342 747 2385 delt.fere
766 2353 885 2375 omnes
899 2356 909 2374 :
938 2343 1047 2375 secuti
1067 2354 1129 2375 non
1150 2353 1307 2383 magnum
1326 2342 1513 2384 periculum
1531 2341 1634 2373 mise-

146 2392 311 2425 rabantur
327 2394 359 2424 in
381 2403 417 2425 re
436 2394 485 2433 B,
517 2396 552 2425 in
584 2405 652 2435 quo
678 2397 786 2427 uerba
813 2395 1002 2437 periculum
1029 2397 1282 2427 miserabantur
1307 2395 1423 2426 deleta
1442 2398 1479 2426 et
1494 2405 1561 2425 see.
1581 2405 1628 2426 m.

143 2445 263 2477 eadem
285 2448 320 2476 et
335 2445 421 2487 quod
441 2446 460 2476 fi
480 2455 636 2486 magnum
653 2450 904 2488 suprascripta
922 2451 1027 2488 sunt;
1054 2448 1162 2479 secuti
1183 2458 1245 2478 non
1265 2457 1419 2488 magnum
1440 2448 1631 2489 periculum

140 2496 408 2533 miserabantur,
429 2497 518 2538 quod
539 2507 601 2528 non
621 2508 777 2538 magnum
797 2499 829 2530 in
851 2509 887 2530 re
910 2499 959 2539 Ο,-
981 2499 1091 2531 secuti
1110 2509 1266 2539 magnum
1286 2498 1472 2540 periculum
1491 2499 1633 2531 misera-

140 2548 287 2589 bantur,
329 2549 416 2590 quod
444 2559 509 2579 non
538 2559 692 2588 magnum
721 2551 753 2582 in
782 2561 818 2582 re
845 2551 877 2582 A
902 2550 978 2591 (sed
1008 2551 1286 2583 inisereabantur
1313 2561 1388 2582 cum
1415 2554 1550 2591 puncto
1567 2552 1632 2583 sub

142 2610 160 2631 e
178 2603 261 2632 ante
279 2600 314 2635 a)
333 2610 354 2631 a
375 2600 392 2631 b
411 2598 486 2640 (lzz‘e
502 2599 769 2644 miserebantur)
789 2602 880 2643 des.
902 2602 941 2633 P.
963 2603 999 2634 41
1025 2606 1119 2634 emer.
1139 2605 1172 2633 et
1190 2601 1246 2634 47.
1348 2603 1385 2635 15
1408 2603 1516 2634 inlata
1533 2603 1645 2646 ABf.

201 2650 244 2683 20
264 2649 364 2690 uolgo
382 2650 413 2681 B
431 2654 467 2682 et
481 2660 528 2682 m.
547 2661 613 2682 sec.
634 2651 674 2683 C.
768 2653 806 2686 21
832 2652 864 2683 hi
886 2653 1034 2694 ABEs.
1130 2653 1175 2686 22
1195 2653 1317 2694 quique
1335 2653 1410 2686 Cet
1423 2664 1517 2686 corr.
1531 2655 1574 2694 B,
1594 2660 1632 2686 ut

141 2698 285 2742 quisque
304 2700 377 2731 AD
396 2704 431 2732 et
447 2703 531 2732 ante
557 2711 648 2732 corr.
670 2703 712 2741 B,
746 2702 871 2744 quique
891 2702 946 2744 qui
967 2703 999 2734 b.
1155 2703 1196 2734 ‘23
1217 2703 1370 2745 equitatu
1390 2714 1413 2735 u
1430 2715 1508 2736 cvm
1527 2705 1631 2737 ‘Vos-

137 2751 266 2784 sz'ano’.
396 2752 440 2785 24
457 2752 605 2792 itineris,
626 2752 768 2792 magnit.
793 2756 888 2784 ‘ms-s.
906 2753 1080 2795 plerz'que'
1100 2754 1212 2785 ΑΒΕ
1229 2758 1266 2785 et
1280 2765 1326 2786 m.
1344 2765 1402 2796 pr.
1422 2756 1473 2796 B3
1494 2755 1630 2787 itineris

143 2807 178 2833 et
194 2802 336 2843 magnit.
356 2811 391 2834 u.
548 2804 590 2837 25
611 2803 869 2835 intercederent
886 2804 978 2835 inter
994 2804 1085 2846 ipsos
1105 2809 1206 2846 atquc
1226 2805 1436 2838 Ariouistum
1456 2807 1508 2847 B,
1532 2809 1628 2838 ‘mss.

141 2857 276 2886 ueteres
298 2853 488 2896 plere'que'‚
522 2855 611 2897 ‘sere
639 2855 768 2895 iidem,
797 2858 860 2897 qni
886 2860 920 2887 ct
946 2859 1029 2887 ante
1048 2857 1315 2896 magnitudinem
1335 2856 1417 2889 om.’
1436 2857 1625 2890 Schnez·cl.:
