<?xml version="1.0" encoding="UTF-8"?>
<!DOCTYPE html PUBLIC "-//W3C//DTD XHTML 1.0 Transitional//EN"
    "http://www.w3.org/TR/xhtml1/DTD/xhtml1-transitional.dtd">
<html xmlns="http://www.w3.org/1999/xhtml" xml:lang="en" lang="en">
 <head>
  <title>
</title>
<meta http-equiv="Content-Type" content="text/html;charset=utf-8" />
  <meta name='ocr-system' content='tesseract 3.04.00' />
  <meta name='ocr-capabilities' content='ocr_page ocr_carea ocr_par ocr_line ocrx_word'/>
</head>
<body>
  <div class='ocr_page' id='page_1' title='image "./commentarii00caesuoft_0203.png"; bbox 0 0 1835 3240; ppageno 0'>
   <div class='ocr_carea' id='block_1_1' title="bbox 652 185 1075 228">
    <p class='ocr_par' dir='ltr' id='par_1_1' title="bbox 652 185 1075 228">
     <span class='ocr_line' id='line_1_1' title="bbox 652 185 1075 228; baseline 0.005 -3"><span class='ocrx_word' id='word_1_1' title='bbox 652 185 1075 228; x_wconf 84' lang='lat'>—193—</span> 
     </span>
    </p>
   </div>
   <div class='ocr_carea' id='block_1_2' title="bbox 121 297 1621 2867">
    <p class='ocr_par' dir='ltr' id='par_1_2' title="bbox 128 297 1620 624">
     <span class='ocr_line' id='line_1_2' title="bbox 135 297 1619 354; baseline 0.001 -10"><span class='ocrx_word' id='word_1_2' title='bbox 135 298 402 344; x_wconf 78' lang='lat' dir='ltr'>‘contendere&#39;</span> <span class='ocrx_word' id='word_1_3' title='bbox 428 299 565 339; x_wconf 88' lang='lat' dir='ltr'>falsum</span> <span class='ocrx_word' id='word_1_4' title='bbox 590 306 664 339; x_wconf 86' lang='lat' dir='ltr'>est:</span> <span class='ocrx_word' id='word_1_5' title='bbox 691 297 927 340; x_wconf 79' lang='lat' dir='ltr'>Caesariani</span> <span class='ocrx_word' id='word_1_6' title='bbox 946 299 1068 349; x_wconf 89' lang='lat' dir='ltr'>enim,</span> <span class='ocrx_word' id='word_1_7' title='bbox 1094 313 1178 339; x_wconf 92' lang='lat' dir='ltr'>cum</span> <span class='ocrx_word' id='word_1_8' title='bbox 1203 308 1358 354; x_wconf 88' lang='lat' dir='ltr'>pontem</span> <span class='ocrx_word' id='word_1_9' title='bbox 1377 311 1513 344; x_wconf 86' lang='lat' dir='ltr'>contra</span> <span class='ocrx_word' id='word_1_10' title='bbox 1525 305 1619 346; x_wconf 88' lang='lat' dir='ltr'>Ale-</span> 
     </span>
     <span class='ocr_line' id='line_1_3' title="bbox 131 365 1620 422; baseline 0 -12"><span class='ocrx_word' id='word_1_11' title='bbox 131 368 346 410; x_wconf 85' lang='lat' dir='ltr'>xandrinos</span> <span class='ocrx_word' id='word_1_12' title='bbox 369 367 662 421; x_wconf 85' lang='lat' dir='ltr'>praeuallarent</span> <span class='ocrx_word' id='word_1_13' title='bbox 684 366 771 418; x_wconf 83' lang='lat'>(19,</span> <span class='ocrx_word' id='word_1_14' title='bbox 796 366 837 406; x_wconf 87' lang='lat'>4.</span> <span class='ocrx_word' id='word_1_15' title='bbox 861 365 940 414; x_wconf 78' lang='lat'>20,</span> <span class='ocrx_word' id='word_1_16' title='bbox 966 366 1026 418; x_wconf 87' lang='lat'>5),</span> <span class='ocrx_word' id='word_1_17' title='bbox 1061 367 1101 406; x_wconf 87' lang='lat' dir='ltr'>in</span> <span class='ocrx_word' id='word_1_18' title='bbox 1118 366 1204 421; x_wconf 88' lang='lat' dir='ltr'>ipso</span> <span class='ocrx_word' id='word_1_19' title='bbox 1217 375 1335 422; x_wconf 88' lang='lat' dir='ltr'>ponte</span> <span class='ocrx_word' id='word_1_20' title='bbox 1349 377 1477 409; x_wconf 88' lang='lat' dir='ltr'>erant.</span> <span class='ocrx_word' id='word_1_21' title='bbox 1512 370 1620 411; x_wconf 84' lang='lat' dir='ltr'>Scri-</span> 
     </span>
     <span class='ocr_line' id='line_1_4' title="bbox 129 432 1616 489; baseline 0.001 -12"><span class='ocrx_word' id='word_1_22' title='bbox 129 437 296 477; x_wconf 88' lang='lat' dir='ltr'>bendum</span> <span class='ocrx_word' id='word_1_23' title='bbox 329 443 439 485; x_wconf 87' lang='lat' dir='ltr'>erat,</span> <span class='ocrx_word' id='word_1_24' title='bbox 473 442 516 475; x_wconf 95' lang='lat' dir='ltr'>ut</span> <span class='ocrx_word' id='word_1_25' title='bbox 547 434 715 474; x_wconf 86' lang='lat' dir='ltr'>coniecit</span> <span class='ocrx_word' id='word_1_26' title='bbox 750 432 925 474; x_wconf 89' lang='lat' dir='ltr'>Iuriuius</span> <span class='ocrx_word' id='word_1_27' title='bbox 957 435 998 474; x_wconf 86' lang='lat' dir='ltr'>in</span> <span class='ocrx_word' id='word_1_28' title='bbox 1021 435 1187 475; x_wconf 88' lang='lat' dir='ltr'>addend.</span> <span class='ocrx_word' id='word_1_29' title='bbox 1223 450 1258 489; x_wconf 63' lang='lat' dir='ltr'>p,</span> <span class='ocrx_word' id='word_1_30' title='bbox 1295 435 1392 486; x_wconf 87' lang='grc'>571,</span> <span class='ocrx_word' id='word_1_31' title='bbox 1432 434 1616 489; x_wconf 53' lang='grc' dir='ltr'>(Εῑιοεῑιν,</span> 
     </span>
     <span class='ocr_line' id='line_1_5' title="bbox 129 502 1615 557; baseline 0.001 -14"><span class='ocrx_word' id='word_1_32' title='bbox 129 504 254 557; x_wconf 87' lang='lat' dir='ltr'>quoad</span> <span class='ocrx_word' id='word_1_33' title='bbox 287 503 413 557; x_wconf 84' lang='lat' dir='ltr'>potuit</span> <span class='ocrx_word' id='word_1_34' title='bbox 443 502 686 543; x_wconf 83' lang='lat' dir='ltr'>cohortando</span> <span class='ocrx_word' id='word_1_35' title='bbox 705 515 798 541; x_wconf 92' lang='lat' dir='ltr'>suos</span> <span class='ocrx_word' id='word_1_36' title='bbox 817 503 864 541; x_wconf 89' lang='lat' dir='ltr'>ad</span> <span class='ocrx_word' id='word_1_37' title='bbox 887 509 1043 554; x_wconf 89' lang='lat' dir='ltr'>pontem</span> <span class='ocrx_word' id='word_1_38' title='bbox 1067 516 1112 542; x_wconf 87' lang='lat' dir='ltr'>ac</span> <span class='ocrx_word' id='word_1_39' title='bbox 1134 503 1372 544; x_wconf 72' lang='lat' dir='ltr'>munitiones</span> <span class='ocrx_word' id='word_1_40' title='bbox 1395 505 1615 553; x_wconf 87' lang='lat' dir='ltr'>continere,</span> 
     </span>
     <span class='ocr_line' id='line_1_6' title="bbox 128 569 841 624; baseline -0.003 -14"><span class='ocrx_word' id='word_1_41' title='bbox 128 571 263 611; x_wconf 86' lang='lat' dir='ltr'>eodem</span> <span class='ocrx_word' id='word_1_42' title='bbox 288 572 325 610; x_wconf 91' lang='lat' dir='ltr'>iu</span> <span class='ocrx_word' id='word_1_43' title='bbox 350 571 523 624; x_wconf 87' lang='lat' dir='ltr'>periculo</span> <span class='ocrx_word' id='word_1_44' title='bbox 547 577 729 610; x_wconf 88' lang='lat' dir='ltr'>uersatus</span> <span class='ocrx_word' id='word_1_45' title='bbox 754 569 841 609; x_wconf 85' lang='lat' dir='ltr'>est&#39;.</span> 
     </span>
    </p>

    <p class='ocr_par' dir='ltr' id='par_1_3' title="bbox 122 636 1621 2117">
     <span class='ocr_line' id='line_1_7' title="bbox 243 636 1619 690; baseline 0.001 -11"><span class='ocrx_word' id='word_1_46' title='bbox 243 636 292 679; x_wconf 91' lang='lat' dir='ltr'>C.</span> <span class='ocrx_word' id='word_1_47' title='bbox 308 639 363 678; x_wconf 76' lang='lat'>22</span> <span class='ocrx_word' id='word_1_48' title='bbox 386 639 535 678; x_wconf 94' lang='lat' dir='ltr'>duobus</span> <span class='ocrx_word' id='word_1_49' title='bbox 558 637 654 677; x_wconf 88' lang='lat' dir='ltr'>locis</span> <span class='ocrx_word' id='word_1_50' title='bbox 678 638 864 690; x_wconf 84' lang='lat' dir='ltr'>quaedam</span> <span class='ocrx_word' id='word_1_51' title='bbox 888 638 1089 678; x_wconf 76' lang='lat' dir='ltr'>excidisse</span> <span class='ocrx_word' id='word_1_52' title='bbox 1112 640 1324 680; x_wconf 90' lang='lat' dir='ltr'>notandum</span> <span class='ocrx_word' id='word_1_53' title='bbox 1348 648 1434 681; x_wconf 84' lang='lat' dir='ltr'>erat</span> <span class='ocrx_word' id='word_1_54' title='bbox 1454 641 1494 681; x_wconf 91' lang='lat' dir='ltr'>in</span> <span class='ocrx_word' id='word_1_55' title='bbox 1519 642 1619 681; x_wconf 84' lang='lat' dir='ltr'>hunc</span> 
     </span>
     <span class='ocr_line' id='line_1_8' title="bbox 127 705 1620 763; baseline 0.001 -16"><span class='ocrx_word' id='word_1_56' title='bbox 127 708 307 747; x_wconf 89' lang='lat' dir='ltr'>modum:</span> <span class='ocrx_word' id='word_1_57' title='bbox 349 705 452 745; x_wconf 88' lang='lat' dir='ltr'>‘Hoc</span> <span class='ocrx_word' id='word_1_58' title='bbox 473 705 708 745; x_wconf 87' lang='lat' dir='ltr'>detrimento</span> <span class='ocrx_word' id='word_1_59' title='bbox 732 705 876 745; x_wconf 81' lang='lat' dir='ltr'>milites</span> <span class='ocrx_word' id='word_1_60' title='bbox 899 705 1023 745; x_wconf 83' lang='lat' dir='ltr'>nostri</span> <span class='ocrx_word' id='word_1_61' title='bbox 1047 711 1197 746; x_wconf 88' lang='lat' dir='ltr'>tantum</span> <span class='ocrx_word' id='word_1_62' title='bbox 1222 708 1431 760; x_wconf 77' lang='lat' dir='ltr'>afuerunt,</span> <span class='ocrx_word' id='word_1_63' title='bbox 1471 717 1510 749; x_wconf 88' lang='lat' dir='ltr'>ut</span> <span class='ocrx_word' id='word_1_64' title='bbox 1532 724 1620 763; x_wconf 92' lang='lat' dir='ltr'>per-</span> 
     </span>
     <span class='ocr_line' id='line_1_9' title="bbox 126 773 1621 828; baseline 0.001 -12"><span class='ocrx_word' id='word_1_65' title='bbox 126 775 395 821; x_wconf 73' lang='lat' dir='ltr'>turbarentur,</span> <span class='ocrx_word' id='word_1_66' title='bbox 430 781 471 813; x_wconf 91' lang='lat' dir='ltr'>ut</span> <span class='ocrx_word' id='word_1_67' title='bbox 492 773 645 813; x_wconf 80' lang='lat' dir='ltr'>incensi</span> <span class='ocrx_word' id='word_1_68' title='bbox 668 779 784 825; x_wconf 89' lang='lat' dir='ltr'>atque</span> <span class='ocrx_word' id='word_1_69' title='bbox 806 773 958 812; x_wconf 87' lang='lat' dir='ltr'>incitati</span> <span class='ocrx_word' id='word_1_70' title='bbox 983 787 1144 828; x_wconf 84' lang='lat' dir='ltr'>magnas</span> <span class='ocrx_word' id='word_1_71' title='bbox 1177 775 1428 817; x_wconf 79' lang='lat' dir='ltr'>accessiones</span> <span class='ocrx_word' id='word_1_72' title='bbox 1452 778 1621 818; x_wconf 81' lang='lat' dir='ltr'>fecerint</span> 
     </span>
     <span class='ocr_line' id='line_1_10' title="bbox 125 841 1619 898; baseline 0.003 -16"><span class='ocrx_word' id='word_1_73' title='bbox 125 843 165 882; x_wconf 91' lang='lat' dir='ltr'>in</span> <span class='ocrx_word' id='word_1_74' title='bbox 196 842 380 897; x_wconf 89' lang='lat' dir='ltr'>operibus</span> <span class='ocrx_word' id='word_1_75' title='bbox 410 842 577 881; x_wconf 90' lang='lat' dir='ltr'>hostium</span> <span class='ocrx_word' id='word_1_76' title='bbox 612 841 902 894; x_wconf 85' lang='lat' dir='ltr'>expugnandiS,</span> <span class='ocrx_word' id='word_1_77' title='bbox 937 842 976 881; x_wconf 91' lang='lat' dir='ltr'>in</span> <span class='ocrx_word' id='word_1_78' title='bbox 1000 843 1156 894; x_wconf 89' lang='lat' dir='ltr'>proeliis</span> <span class='ocrx_word' id='word_1_79' title='bbox 1175 843 1410 892; x_wconf 79' lang='lat' dir='ltr'>cotidianis,</span> <span class='ocrx_word' id='word_1_80' title='bbox 1444 846 1619 898; x_wconf 87' lang='lat' dir='ltr'>quando-</span> 
     </span>
     <span class='ocr_line' id='line_1_11' title="bbox 123 909 1617 964; baseline 0.001 -13"><span class='ocrx_word' id='word_1_81' title='bbox 123 924 289 964; x_wconf 86' lang='lat' dir='ltr'>cumque</span> <span class='ocrx_word' id='word_1_82' title='bbox 311 910 393 950; x_wconf 88' lang='lat' dir='ltr'>fors</span> <span class='ocrx_word' id='word_1_83' title='bbox 425 909 647 958; x_wconf 87' lang='lat' dir='ltr'>obtulerat,</span> <span class='ocrx_word' id='word_1_84' title='bbox 685 909 1008 961; x_wconf 75' lang='lat' dir='ltr'>procurrentibus</span> <span class='ocrx_word' id='word_1_85' title='bbox 1040 917 1078 950; x_wconf 89' lang='lat' dir='ltr'>et</span> <span class='ocrx_word' id='word_1_86' title='bbox 1110 911 1405 964; x_wconf 77' lang='lat' dir='ltr'>erumpentibus</span> <span class='ocrx_word' id='word_1_87' title='bbox 1438 913 1617 953; x_wconf 87' lang='lat' dir='ltr'>Alexan-</span> 
     </span>
     <span class='ocr_line' id='line_1_12' title="bbox 123 976 1617 1031; baseline 0.003 -13"><span class='ocrx_word' id='word_1_88' title='bbox 123 978 249 1018; x_wconf 87' lang='lat' dir='ltr'>drinis</span> <span class='ocrx_word' id='word_1_89' title='bbox 272 992 427 1018; x_wconf 89' lang='lat' dir='ltr'>manum</span> <span class='ocrx_word' id='word_1_90' title='bbox 454 1008 462 1016; x_wconf 93' lang='lat'>.</span> <span class='ocrx_word' id='word_1_91' title='bbox 482 1008 491 1017; x_wconf 90' lang='lat'><strong>.</strong></span> <span class='ocrx_word' id='word_1_92' title='bbox 513 1008 520 1017; x_wconf 88' lang='lat'>.</span> <span class='ocrx_word' id='word_1_93' title='bbox 540 1007 549 1016; x_wconf 85' lang='grc'><strong>.</strong></span> <span class='ocrx_word' id='word_1_94' title='bbox 586 976 872 1030; x_wconf 68' lang='lat' dir='ltr'>comprehendi}</span> <span class='ocrx_word' id='word_1_95' title='bbox 895 978 1056 1017; x_wconf 90' lang='lat' dir='ltr'>multum</span> <span class='ocrx_word' id='word_1_96' title='bbox 1085 979 1267 1031; x_wconf 83' lang='lat' dir='ltr'>operibus</span> <span class='ocrx_word' id='word_1_97' title='bbox 1295 1010 1302 1018; x_wconf 92' lang='lat'><strong><em>.</em></strong></span> <span class='ocrx_word' id='word_1_98' title='bbox 1323 1011 1331 1019; x_wconf 90' lang='lat'><strong>.</strong></span> <span class='ocrx_word' id='word_1_99' title='bbox 1351 1010 1359 1018; x_wconf 88' lang='lat'><strong>.</strong></span> <span class='ocrx_word' id='word_1_100' title='bbox 1379 1011 1387 1020; x_wconf 87' lang='lat'><strong><em>.</em></strong></span> <span class='ocrx_word' id='word_1_101' title='bbox 1414 988 1454 1021; x_wconf 90' lang='lat' dir='ltr'>et</span> <span class='ocrx_word' id='word_1_102' title='bbox 1475 982 1617 1022; x_wconf 87' lang='lat' dir='ltr'>arden-</span> 
     </span>
     <span class='ocr_line' id='line_1_13' title="bbox 124 1042 1617 1101; baseline 0.002 -15"><span class='ocrx_word' id='word_1_103' title='bbox 124 1046 227 1086; x_wconf 84' lang='lat' dir='ltr'>tibus</span> <span class='ocrx_word' id='word_1_104' title='bbox 250 1045 389 1085; x_wconf 88' lang='lat' dir='ltr'>studiis</span> <span class='ocrx_word' id='word_1_105' title='bbox 413 1045 592 1094; x_wconf 88' lang='lat' dir='ltr'>militum,</span> <span class='ocrx_word' id='word_1_106' title='bbox 628 1059 699 1085; x_wconf 88' lang='lat' dir='ltr'>nec</span> <span class='ocrx_word' id='word_1_107' title='bbox 723 1044 921 1099; x_wconf 81' lang='lat' dir='ltr'>diuulgata</span> <span class='ocrx_word' id='word_1_108' title='bbox 946 1042 1134 1085; x_wconf 75' lang='lat' dir='ltr'>Caesaris</span> <span class='ocrx_word' id='word_1_109' title='bbox 1159 1046 1329 1087; x_wconf 73' lang='lat' dir='ltr'>hortatio</span> <span class='ocrx_word' id='word_1_110' title='bbox 1352 1048 1536 1101; x_wconf 86' lang='lat' dir='ltr'>subsequi</span> <span class='ocrx_word' id='word_1_111' title='bbox 1561 1050 1617 1089; x_wconf 85' lang='lat' dir='ltr'>le.-</span> 
     </span>
     <span class='ocr_line' id='line_1_14' title="bbox 124 1113 1615 1170; baseline 0.001 -15"><span class='ocrx_word' id='word_1_112' title='bbox 124 1115 283 1168; x_wconf 87' lang='lat' dir='ltr'>gionum</span> <span class='ocrx_word' id='word_1_113' title='bbox 308 1121 373 1153; x_wconf 90' lang='lat' dir='ltr'>aut</span> <span class='ocrx_word' id='word_1_114' title='bbox 400 1113 575 1153; x_wconf 87' lang='lat' dir='ltr'>laborem</span> <span class='ocrx_word' id='word_1_115' title='bbox 609 1120 675 1153; x_wconf 87' lang='lat' dir='ltr'>aut</span> <span class='ocrx_word' id='word_1_116' title='bbox 708 1114 904 1167; x_wconf 84' lang='lat' dir='ltr'>pugnandi</span> <span class='ocrx_word' id='word_1_117' title='bbox 938 1120 1092 1167; x_wconf 85' lang='lat' dir='ltr'>poterat</span> <span class='ocrx_word' id='word_1_118' title='bbox 1123 1115 1392 1167; x_wconf 84' lang='lat' dir='ltr'>cupiditatem,</span> <span class='ocrx_word' id='word_1_119' title='bbox 1428 1123 1470 1156; x_wconf 88' lang='lat' dir='ltr'>ut</span> <span class='ocrx_word' id='word_1_120' title='bbox 1492 1117 1615 1170; x_wconf 85' lang='lat' dir='ltr'>magis</span> 
     </span>
     <span class='ocr_line' id='line_1_15' title="bbox 125 1181 1613 1235; baseline 0.001 -13"><span class='ocrx_word' id='word_1_121' title='bbox 125 1181 349 1223; x_wconf 84' lang='lat' dir='ltr'>deterrendi</span> <span class='ocrx_word' id='word_1_122' title='bbox 380 1188 418 1221; x_wconf 83' lang='lat' dir='ltr'>et</span> <span class='ocrx_word' id='word_1_123' title='bbox 449 1181 676 1221; x_wconf 89' lang='lat' dir='ltr'>continendi</span> <span class='ocrx_word' id='word_1_124' title='bbox 700 1195 718 1219; x_wconf 88' lang='lat' dir='ltr'>a</span> <span class='ocrx_word' id='word_1_125' title='bbox 754 1181 1100 1235; x_wconf 78' lang='lat' dir='ltr'>periculosissimis</span> <span class='ocrx_word' id='word_1_126' title='bbox 1124 1190 1259 1223; x_wconf 89' lang='lat' dir='ltr'>essent</span> <span class='ocrx_word' id='word_1_127' title='bbox 1281 1184 1613 1234; x_wconf 80' lang='lat' dir='ltr'>dimicationibus,</span> 
     </span>
     <span class='ocr_line' id='line_1_16' title="bbox 124 1248 1615 1305; baseline 0.002 -16"><span class='ocrx_word' id='word_1_128' title='bbox 124 1264 237 1303; x_wconf 90' lang='lat' dir='ltr'>quam</span> <span class='ocrx_word' id='word_1_129' title='bbox 269 1250 458 1289; x_wconf 90' lang='lat' dir='ltr'>incitandi</span> <span class='ocrx_word' id='word_1_130' title='bbox 490 1250 537 1289; x_wconf 89' lang='lat' dir='ltr'>ad</span> <span class='ocrx_word' id='word_1_131' title='bbox 568 1251 847 1304; x_wconf 81' lang='lat' dir='ltr'>pugnandum&#39;.</span> <span class='ocrx_word' id='word_1_132' title='bbox 892 1248 1004 1302; x_wconf 80' lang='lat' dir='ltr'>Quae</span> <span class='ocrx_word' id='word_1_133' title='bbox 1035 1257 1127 1303; x_wconf 88' lang='lat' dir='ltr'>post</span> <span class='ocrx_word' id='word_1_134' title='bbox 1156 1251 1278 1291; x_wconf 90' lang='lat' dir='ltr'>uerba</span> <span class='ocrx_word' id='word_1_135' title='bbox 1302 1252 1615 1305; x_wconf 86' lang='lat' dir='ltr'>‘erumpentibus</span> 
     </span>
     <span class='ocr_line' id='line_1_17' title="bbox 125 1317 1616 1372; baseline 0.002 -16"><span class='ocrx_word' id='word_1_136' title='bbox 125 1317 429 1358; x_wconf 83' lang='lat' dir='ltr'>Alexandrinis&#39;</span> <span class='ocrx_word' id='word_1_137' title='bbox 461 1317 670 1372; x_wconf 83' lang='lat' dir='ltr'>leguntur,</span> <span class='ocrx_word' id='word_1_138' title='bbox 709 1318 982 1371; x_wconf 89' lang='lat' dir='ltr'>superioribus</span> <span class='ocrx_word' id='word_1_139' title='bbox 1016 1332 1094 1357; x_wconf 88' lang='lat' dir='ltr'>nou</span> <span class='ocrx_word' id='word_1_140' title='bbox 1128 1318 1343 1359; x_wconf 81' lang='lat' dir='ltr'>cohaerere</span> <span class='ocrx_word' id='word_1_141' title='bbox 1374 1319 1616 1360; x_wconf 84' lang='lat' dir='ltr'>intellectum</span> 
     </span>
     <span class='ocr_line' id='line_1_18' title="bbox 125 1384 1612 1442; baseline 0.002 -17"><span class='ocrx_word' id='word_1_142' title='bbox 125 1391 236 1434; x_wconf 85' lang='lat' dir='ltr'>erat,</span> <span class='ocrx_word' id='word_1_143' title='bbox 261 1392 301 1424; x_wconf 84' lang='lat' dir='ltr'>et</span> <span class='ocrx_word' id='word_1_144' title='bbox 321 1385 463 1425; x_wconf 86' lang='lat' dir='ltr'>lacuna</span> <span class='ocrx_word' id='word_1_145' title='bbox 486 1392 577 1425; x_wconf 88' lang='lat' dir='ltr'>ante</span> <span class='ocrx_word' id='word_1_146' title='bbox 602 1390 611 1408; x_wconf 73' lang='lat'><strong>⁶</strong></span> <span class='ocrx_word' id='word_1_147' title='bbox 627 1385 805 1424; x_wconf 85' lang='lat' dir='ltr'>manum&#39;</span> <span class='ocrx_word' id='word_1_148' title='bbox 829 1386 1061 1438; x_wconf 77' lang='lat' dir='ltr'>significata.</span> <span class='ocrx_word' id='word_1_149' title='bbox 1118 1384 1195 1426; x_wconf 90' lang='lat' dir='ltr'>Sed</span> <span class='ocrx_word' id='word_1_150' title='bbox 1230 1401 1307 1427; x_wconf 89' lang='lat' dir='ltr'>uon</span> <span class='ocrx_word' id='word_1_151' title='bbox 1338 1388 1463 1442; x_wconf 82' lang='lat' dir='ltr'>magis</span> <span class='ocrx_word' id='word_1_152' title='bbox 1490 1388 1612 1428; x_wconf 87' lang='lat' dir='ltr'>haec:</span> 
     </span>
     <span class='ocr_line' id='line_1_19' title="bbox 128 1452 1617 1510; baseline 0.003 -19"><span class='ocrx_word' id='word_1_153' title='bbox 128 1457 308 1491; x_wconf 83' lang='lat' dir='ltr'>‘manum</span> <span class='ocrx_word' id='word_1_154' title='bbox 343 1452 619 1505; x_wconf 89' lang='lat' dir='ltr'>comprehendi</span> <span class='ocrx_word' id='word_1_155' title='bbox 651 1453 811 1492; x_wconf 90' lang='lat' dir='ltr'>multum</span> <span class='ocrx_word' id='word_1_156' title='bbox 846 1452 1049 1506; x_wconf 90' lang='lat' dir='ltr'>operibus&#39;</span> <span class='ocrx_word' id='word_1_157' title='bbox 1089 1453 1128 1492; x_wconf 91' lang='lat' dir='ltr'>in</span> <span class='ocrx_word' id='word_1_158' title='bbox 1161 1454 1241 1493; x_wconf 86' lang='lat' dir='ltr'>ulla</span> <span class='ocrx_word' id='word_1_159' title='bbox 1274 1456 1396 1495; x_wconf 87' lang='lat' dir='ltr'>forma</span> <span class='ocrx_word' id='word_1_160' title='bbox 1430 1456 1617 1510; x_wconf 87' lang='lat' dir='ltr'>coniungi</span> 
     </span>
     <span class='ocr_line' id='line_1_20' title="bbox 126 1518 1618 1576; baseline 0.004 -18"><span class='ocrx_word' id='word_1_161' title='bbox 126 1526 352 1572; x_wconf 88' lang='lat' dir='ltr'>potueruut.</span> <span class='ocrx_word' id='word_1_162' title='bbox 410 1518 603 1559; x_wconf 85' lang='lat' dir='ltr'>‘Manum&#39;</span> <span class='ocrx_word' id='word_1_163' title='bbox 647 1527 777 1560; x_wconf 89' lang='lat' dir='ltr'>autem</span> <span class='ocrx_word' id='word_1_164' title='bbox 818 1520 1088 1574; x_wconf 75' lang='lat' dir='ltr'>superioribus</span> <span class='ocrx_word' id='word_1_165' title='bbox 1140 1522 1358 1576; x_wconf 86' lang='lat' dir='ltr'>adiungere</span> <span class='ocrx_word' id='word_1_166' title='bbox 1408 1523 1524 1573; x_wconf 90' lang='lat' dir='ltr'>licet,</span> <span class='ocrx_word' id='word_1_167' title='bbox 1575 1531 1618 1563; x_wconf 85' lang='lat' dir='ltr'>ut</span> 
     </span>
     <span class='ocr_line' id='line_1_21' title="bbox 124 1587 1618 1643; baseline 0.003 -17"><span class='ocrx_word' id='word_1_168' title='bbox 124 1587 263 1626; x_wconf 91' lang='lat' dir='ltr'>deinde</span> <span class='ocrx_word' id='word_1_169' title='bbox 293 1587 492 1626; x_wconf 80' lang='lat' dir='ltr'>excidisse</span> <span class='ocrx_word' id='word_1_170' title='bbox 525 1594 742 1627; x_wconf 83' lang='lat' dir='ltr'>statuamus</span> <span class='ocrx_word' id='word_1_171' title='bbox 777 1588 1066 1628; x_wconf 78' lang='lat' dir='ltr'>‘conserentes&#39;</span> <span class='ocrx_word' id='word_1_172' title='bbox 1088 1589 1151 1629; x_wconf 89' lang='lat' dir='ltr'>uel</span> <span class='ocrx_word' id='word_1_173' title='bbox 1174 1589 1301 1630; x_wconf 86' lang='lat' dir='ltr'>simile</span> <span class='ocrx_word' id='word_1_174' title='bbox 1332 1591 1436 1643; x_wconf 89' lang='lat' dir='ltr'>quid.</span> <span class='ocrx_word' id='word_1_175' title='bbox 1481 1590 1618 1631; x_wconf 87' lang='lat' dir='ltr'>Verba</span> 
     </span>
     <span class='ocr_line' id='line_1_22' title="bbox 128 1654 1616 1710; baseline 0.005 -18"><span class='ocrx_word' id='word_1_176' title='bbox 128 1654 427 1706; x_wconf 78' lang='lat' dir='ltr'>‘comprehendi</span> <span class='ocrx_word' id='word_1_177' title='bbox 468 1656 633 1695; x_wconf 90' lang='lat' dir='ltr'>multum</span> <span class='ocrx_word' id='word_1_178' title='bbox 664 1655 872 1709; x_wconf 84' lang='lat' dir='ltr'>operibus&#39;</span> <span class='ocrx_word' id='word_1_179' title='bbox 905 1656 1096 1710; x_wconf 84' lang='lat' dir='ltr'>reliquiae</span> <span class='ocrx_word' id='word_1_180' title='bbox 1127 1664 1221 1697; x_wconf 88' lang='lat' dir='ltr'>sunt</span> <span class='ocrx_word' id='word_1_181' title='bbox 1261 1658 1483 1699; x_wconf 88' lang='lat' dir='ltr'>huiusmodi</span> <span class='ocrx_word' id='word_1_182' title='bbox 1523 1673 1616 1699; x_wconf 91' lang='lat' dir='ltr'>sen-</span> 
     </span>
     <span class='ocr_line' id='line_1_23' title="bbox 125 1718 1613 1778; baseline 0.004 -17"><span class='ocrx_word' id='word_1_183' title='bbox 125 1721 294 1771; x_wconf 86' lang='lat' dir='ltr'>tentiae,</span> <span class='ocrx_word' id='word_1_184' title='bbox 340 1718 554 1762; x_wconf 87' lang='lat' dir='ltr'>Caesarem</span> <span class='ocrx_word' id='word_1_185' title='bbox 597 1723 872 1776; x_wconf 85' lang='lat' dir='ltr'>comprehendi</span> <span class='ocrx_word' id='word_1_186' title='bbox 914 1724 1074 1763; x_wconf 90' lang='lat' dir='ltr'>multum</span> <span class='ocrx_word' id='word_1_187' title='bbox 1107 1725 1289 1778; x_wconf 90' lang='lat' dir='ltr'>operibus</span> <span class='ocrx_word' id='word_1_188' title='bbox 1330 1727 1532 1777; x_wconf 88' lang='lat' dir='ltr'>noluisse,</span> <span class='ocrx_word' id='word_1_189' title='bbox 1576 1727 1613 1768; x_wconf 87' lang='lat' dir='ltr'>id</span> 
     </span>
     <span class='ocr_line' id='line_1_24' title="bbox 123 1789 1614 1848; baseline 0.005 -20"><span class='ocrx_word' id='word_1_190' title='bbox 123 1789 239 1842; x_wconf 87' lang='lat' dir='ltr'>quod,</span> <span class='ocrx_word' id='word_1_191' title='bbox 265 1803 351 1829; x_wconf 91' lang='lat' dir='ltr'>cum</span> <span class='ocrx_word' id='word_1_192' title='bbox 374 1790 517 1830; x_wconf 84' lang='lat' dir='ltr'>milites</span> <span class='ocrx_word' id='word_1_193' title='bbox 539 1789 837 1831; x_wconf 80' lang='lat' dir='ltr'>Alexandrinos</span> <span class='ocrx_word' id='word_1_194' title='bbox 860 1791 1019 1832; x_wconf 86' lang='lat' dir='ltr'>assidue</span> <span class='ocrx_word' id='word_1_195' title='bbox 1049 1800 1277 1846; x_wconf 85' lang='lat' dir='ltr'>premerent</span> <span class='ocrx_word' id='word_1_196' title='bbox 1299 1801 1338 1834; x_wconf 87' lang='lat' dir='ltr'>ct</span> <span class='ocrx_word' id='word_1_197' title='bbox 1358 1795 1614 1848; x_wconf 85' lang='lat' dir='ltr'>repellerent,</span> 
     </span>
     <span class='ocr_line' id='line_1_25' title="bbox 124 1858 1618 1911; baseline 0.003 -14"><span class='ocrx_word' id='word_1_198' title='bbox 124 1858 349 1898; x_wconf 88' lang='lat' dir='ltr'>necessario</span> <span class='ocrx_word' id='word_1_199' title='bbox 383 1860 713 1911; x_wconf 88' lang='lat' dir='ltr'>consequebatur.</span> <span class='ocrx_word' id='word_1_200' title='bbox 764 1858 958 1899; x_wconf 86' lang='lat' dir='ltr'>Proxima</span> <span class='ocrx_word' id='word_1_201' title='bbox 991 1867 1054 1900; x_wconf 88' lang='lat' dir='ltr'>‘et</span> <span class='ocrx_word' id='word_1_202' title='bbox 1082 1862 1310 1902; x_wconf 87' lang='lat' dir='ltr'>ardentibus</span> <span class='ocrx_word' id='word_1_203' title='bbox 1342 1862 1484 1903; x_wconf 87' lang='lat' dir='ltr'>studiis</span> <span class='ocrx_word' id='word_1_204' title='bbox 1517 1863 1618 1902; x_wconf 88' lang='lat' dir='ltr'>mili-</span> 
     </span>
     <span class='ocr_line' id='line_1_26' title="bbox 123 1925 1618 1985; baseline 0.005 -21"><span class='ocrx_word' id='word_1_205' title='bbox 123 1925 215 1964; x_wconf 86' lang='lat' dir='ltr'>tum&#39;</span> <span class='ocrx_word' id='word_1_206' title='bbox 239 1933 416 1966; x_wconf 87' lang='lat' dir='ltr'>extrema</span> <span class='ocrx_word' id='word_1_207' title='bbox 438 1928 599 1967; x_wconf 87' lang='lat' dir='ltr'>fuerunt</span> <span class='ocrx_word' id='word_1_208' title='bbox 631 1927 821 1981; x_wconf 89' lang='lat' dir='ltr'>deperditi</span> <span class='ocrx_word' id='word_1_209' title='bbox 851 1927 1070 1968; x_wconf 83' lang='lat' dir='ltr'>enuntiati:</span> <span class='ocrx_word' id='word_1_210' title='bbox 1105 1943 1192 1969; x_wconf 88' lang='lat' dir='ltr'>nam</span> <span class='ocrx_word' id='word_1_211' title='bbox 1224 1944 1351 1983; x_wconf 88' lang='lat' dir='ltr'>neque</span> <span class='ocrx_word' id='word_1_212' title='bbox 1384 1945 1469 1970; x_wconf 86' lang='lat' dir='ltr'>cum</span> <span class='ocrx_word' id='word_1_213' title='bbox 1500 1945 1618 1985; x_wconf 88' lang='lat' dir='ltr'>supe-</span> 
     </span>
     <span class='ocr_line' id='line_1_27' title="bbox 122 1992 1616 2052; baseline 0.004 -19"><span class='ocrx_word' id='word_1_214' title='bbox 122 1992 290 2034; x_wconf 91' lang='lat' dir='ltr'>rioribus</span> <span class='ocrx_word' id='word_1_215' title='bbox 312 1995 542 2045; x_wconf 84' lang='lat' dir='ltr'>cohaerent,</span> <span class='ocrx_word' id='word_1_216' title='bbox 568 2002 608 2035; x_wconf 88' lang='lat' dir='ltr'>et</span> <span class='ocrx_word' id='word_1_217' title='bbox 629 2009 648 2035; x_wconf 89' lang='lat' dir='ltr'>a</span> <span class='ocrx_word' id='word_1_218' title='bbox 672 1995 924 2048; x_wconf 89' lang='lat' dir='ltr'>sequentibus</span> <span class='ocrx_word' id='word_1_219' title='bbox 946 1996 1080 2036; x_wconf 89' lang='lat' dir='ltr'>uerbis</span> <span class='ocrx_word' id='word_1_220' title='bbox 1112 2000 1201 2038; x_wconf 82' lang='lat' dir='ltr'>‘nec</span> <span class='ocrx_word' id='word_1_221' title='bbox 1224 1999 1446 2052; x_wconf 79' lang='lat' dir='ltr'>diuulgata&#39;</span> <span class='ocrx_word' id='word_1_222' title='bbox 1473 2013 1616 2039; x_wconf 91' lang='lat' dir='ltr'>nouum</span> 
     </span>
     <span class='ocr_line' id='line_1_28' title="bbox 122 2062 1353 2117; baseline 0.004 -16"><span class='ocrx_word' id='word_1_223' title='bbox 122 2062 364 2102; x_wconf 84' lang='lat' dir='ltr'>enuntiatum</span> <span class='ocrx_word' id='word_1_224' title='bbox 386 2063 549 2117; x_wconf 88' lang='lat' dir='ltr'>incipit,</span> <span class='ocrx_word' id='word_1_225' title='bbox 574 2063 671 2117; x_wconf 88' lang='lat' dir='ltr'>quod</span> <span class='ocrx_word' id='word_1_226' title='bbox 696 2063 890 2117; x_wconf 90' lang='lat' dir='ltr'>superiori</span> <span class='ocrx_word' id='word_1_227' title='bbox 913 2064 967 2104; x_wconf 91' lang='lat' dir='ltr'>illi</span> <span class='ocrx_word' id='word_1_228' title='bbox 992 2064 1242 2106; x_wconf 79' lang='lat' dir='ltr'>coniunctum</span> <span class='ocrx_word' id='word_1_229' title='bbox 1267 2067 1353 2106; x_wconf 84' lang='lat' dir='ltr'>fuit.</span> 
     </span>
    </p>

    <p class='ocr_par' dir='ltr' id='par_1_4' title="bbox 121 2127 1616 2867">
     <span class='ocr_line' id='line_1_29' title="bbox 236 2127 1615 2189; baseline 0.004 -19"><span class='ocrx_word' id='word_1_230' title='bbox 236 2127 284 2170; x_wconf 91' lang='lat' dir='ltr'>C.</span> <span class='ocrx_word' id='word_1_231' title='bbox 310 2129 379 2180; x_wconf 79' lang='lat'>25,</span> <span class='ocrx_word' id='word_1_232' title='bbox 402 2130 431 2170; x_wconf 79' lang='lat'>2</span> <span class='ocrx_word' id='word_1_233' title='bbox 463 2131 558 2171; x_wconf 86' lang='lat' dir='ltr'>haec</span> <span class='ocrx_word' id='word_1_234' title='bbox 585 2131 842 2186; x_wconf 85' lang='lat' dir='ltr'>legebantur:</span> <span class='ocrx_word' id='word_1_235' title='bbox 891 2130 1052 2185; x_wconf 86' lang='lat' dir='ltr'>‘Itaque</span> <span class='ocrx_word' id='word_1_236' title='bbox 1086 2134 1281 2187; x_wconf 86' lang='lat' dir='ltr'>expeditis</span> <span class='ocrx_word' id='word_1_237' title='bbox 1314 2135 1483 2189; x_wconf 83' lang='lat' dir='ltr'>nauigiis</span> <span class='ocrx_word' id='word_1_238' title='bbox 1517 2136 1615 2176; x_wconf 89' lang='lat' dir='ltr'>locis</span> 
     </span>
     <span class='ocr_line' id='line_1_30' title="bbox 121 2196 1616 2254; baseline 0.004 -17"><span class='ocrx_word' id='word_1_239' title='bbox 121 2197 272 2238; x_wconf 90' lang='lat' dir='ltr'>idoneis</span> <span class='ocrx_word' id='word_1_240' title='bbox 304 2199 352 2239; x_wconf 91' lang='lat' dir='ltr'>ad</span> <span class='ocrx_word' id='word_1_241' title='bbox 386 2196 590 2252; x_wconf 83' lang='lat' dir='ltr'>Canopum</span> <span class='ocrx_word' id='word_1_242' title='bbox 623 2200 662 2239; x_wconf 92' lang='lat' dir='ltr'>in</span> <span class='ocrx_word' id='word_1_243' title='bbox 694 2200 866 2240; x_wconf 86' lang='lat' dir='ltr'>statione</span> <span class='ocrx_word' id='word_1_244' title='bbox 896 2201 1097 2254; x_wconf 87' lang='lat' dir='ltr'>dispositis</span> <span class='ocrx_word' id='word_1_245' title='bbox 1131 2202 1295 2241; x_wconf 90' lang='lat' dir='ltr'>nauibus</span> <span class='ocrx_word' id='word_1_246' title='bbox 1325 2202 1616 2243; x_wconf 85' lang='lat' dir='ltr'>insidiabantur</span> 
     </span>
     <span class='ocr_line' id='line_1_31' title="bbox 122 2265 1612 2321; baseline 0.004 -16"><span class='ocrx_word' id='word_1_247' title='bbox 122 2266 267 2306; x_wconf 91' lang='lat' dir='ltr'>nostris</span> <span class='ocrx_word' id='word_1_248' title='bbox 301 2267 594 2307; x_wconf 86' lang='lat' dir='ltr'>commeatibus.</span> <span class='ocrx_word' id='word_1_249' title='bbox 635 2265 750 2320; x_wconf 81' lang='lat' dir='ltr'>Quod</span> <span class='ocrx_word' id='word_1_250' title='bbox 781 2268 845 2307; x_wconf 92' lang='lat' dir='ltr'>ubi</span> <span class='ocrx_word' id='word_1_251' title='bbox 878 2266 1042 2309; x_wconf 87' lang='lat' dir='ltr'>Caesari</span> <span class='ocrx_word' id='word_1_252' title='bbox 1069 2270 1290 2310; x_wconf 83' lang='lat' dir='ltr'>nuntiatum</span> <span class='ocrx_word' id='word_1_253' title='bbox 1323 2278 1408 2321; x_wconf 85' lang='lat' dir='ltr'>est,</span> <span class='ocrx_word' id='word_1_254' title='bbox 1444 2271 1612 2312; x_wconf 74' lang='lat' dir='ltr'>classem</span> 
     </span>
     <span class='ocr_line' id='line_1_32' title="bbox 121 2332 1610 2389; baseline 0.005 -18"><span class='ocrx_word' id='word_1_255' title='bbox 121 2332 226 2373; x_wconf 89' lang='lat' dir='ltr'>iubet</span> <span class='ocrx_word' id='word_1_256' title='bbox 247 2335 425 2388; x_wconf 89' lang='lat' dir='ltr'>expediri</span> <span class='ocrx_word' id='word_1_257' title='bbox 447 2343 562 2389; x_wconf 90' lang='lat' dir='ltr'>atque</span> <span class='ocrx_word' id='word_1_258' title='bbox 585 2336 758 2376; x_wconf 85' lang='lat' dir='ltr'>instrui’.</span> <span class='ocrx_word' id='word_1_259' title='bbox 802 2335 876 2377; x_wconf 91' lang='lat' dir='ltr'>His</span> <span class='ocrx_word' id='word_1_260' title='bbox 898 2337 1032 2378; x_wconf 91' lang='lat' dir='ltr'>uerbis</span> <span class='ocrx_word' id='word_1_261' title='bbox 1054 2338 1217 2378; x_wconf 88' lang='lat' dir='ltr'>ridicule</span> <span class='ocrx_word' id='word_1_262' title='bbox 1240 2339 1504 2379; x_wconf 82' lang='lat' dir='ltr'>Alexandrini</span> <span class='ocrx_word' id='word_1_263' title='bbox 1529 2346 1610 2389; x_wconf 87' lang='lat' dir='ltr'>aut,</span> 
     </span>
     <span class='ocr_line' id='line_1_33' title="bbox 121 2403 1612 2459; baseline 0.004 -19"><span class='ocrx_word' id='word_1_264' title='bbox 121 2413 204 2440; x_wconf 84' lang='lat' dir='ltr'>cum</span> <span class='ocrx_word' id='word_1_265' title='bbox 227 2403 385 2457; x_wconf 83' lang='lat' dir='ltr'>nauigia</span> <span class='ocrx_word' id='word_1_266' title='bbox 406 2404 678 2458; x_wconf 85' lang='lat' dir='ltr'>expedisseut,</span> <span class='ocrx_word' id='word_1_267' title='bbox 704 2419 825 2445; x_wconf 87' lang='lat' dir='ltr'>naues</span> <span class='ocrx_word' id='word_1_268' title='bbox 849 2405 1090 2459; x_wconf 89' lang='lat' dir='ltr'>disposuisse</span> <span class='ocrx_word' id='word_1_269' title='bbox 1104 2406 1302 2456; x_wconf 84' lang='lat' dir='ltr'>dicuntur,</span> <span class='ocrx_word' id='word_1_270' title='bbox 1329 2410 1396 2446; x_wconf 87' lang='lat' dir='ltr'>aut</span> <span class='ocrx_word' id='word_1_271' title='bbox 1409 2406 1612 2447; x_wconf 85' lang='lat' dir='ltr'>uelocibus</span> 
     </span>
     <span class='ocr_line' id='line_1_34' title="bbox 124 2469 1612 2528; baseline 0.005 -21"><span class='ocrx_word' id='word_1_272' title='bbox 124 2469 288 2522; x_wconf 85' lang='lat' dir='ltr'>nauigiis</span> <span class='ocrx_word' id='word_1_273' title='bbox 311 2471 508 2525; x_wconf 86' lang='lat' dir='ltr'>dispositis</span> <span class='ocrx_word' id='word_1_274' title='bbox 531 2473 812 2512; x_wconf 86' lang='lat' dir='ltr'>commeatibus</span> <span class='ocrx_word' id='word_1_275' title='bbox 836 2474 1000 2514; x_wconf 87' lang='lat' dir='ltr'>nauibus</span> <span class='ocrx_word' id='word_1_276' title='bbox 1029 2474 1203 2515; x_wconf 85' lang='lat' dir='ltr'>insidiati</span> <span class='ocrx_word' id='word_1_277' title='bbox 1235 2488 1347 2523; x_wconf 88' lang='lat' dir='ltr'>esse,</span> <span class='ocrx_word' id='word_1_278' title='bbox 1373 2475 1499 2528; x_wconf 89' lang='lat' dir='ltr'>quasi,</span> <span class='ocrx_word' id='word_1_279' title='bbox 1525 2489 1612 2514; x_wconf 83' lang='lat' dir='ltr'>cum</span> 
     </span>
     <span class='ocr_line' id='line_1_35' title="bbox 123 2535 1612 2595; baseline 0.005 -21"><span class='ocrx_word' id='word_1_280' title='bbox 123 2535 227 2586; x_wconf 88' lang='lat' dir='ltr'>prius</span> <span class='ocrx_word' id='word_1_281' title='bbox 250 2537 487 2578; x_wconf 86' lang='lat' dir='ltr'>declaratum</span> <span class='ocrx_word' id='word_1_282' title='bbox 511 2547 631 2589; x_wconf 86' lang='lat' dir='ltr'>esset,</span> <span class='ocrx_word' id='word_1_283' title='bbox 658 2540 820 2581; x_wconf 83' lang='lat' dir='ltr'>alterum</span> <span class='ocrx_word' id='word_1_284' title='bbox 844 2542 1009 2582; x_wconf 87' lang='lat' dir='ltr'>nauibus</span> <span class='ocrx_word' id='word_1_285' title='bbox 1032 2543 1178 2582; x_wconf 84' lang='lat' dir='ltr'>factum</span> <span class='ocrx_word' id='word_1_286' title='bbox 1203 2556 1308 2592; x_wconf 88' lang='lat' dir='ltr'>esse,</span> <span class='ocrx_word' id='word_1_287' title='bbox 1343 2543 1520 2595; x_wconf 83' lang='lat' dir='ltr'>cuiquam</span> <span class='ocrx_word' id='word_1_288' title='bbox 1545 2543 1612 2582; x_wconf 90' lang='lat' dir='ltr'>ob-</span> 
     </span>
     <span class='ocr_line' id='line_1_36' title="bbox 125 2607 1610 2664; baseline 0.006 -24"><span class='ocrx_word' id='word_1_289' title='bbox 125 2614 279 2643; x_wconf 85' lang='lat' dir='ltr'>scurum</span> <span class='ocrx_word' id='word_1_290' title='bbox 313 2619 400 2647; x_wconf 90' lang='lat' dir='ltr'>esse</span> <span class='ocrx_word' id='word_1_291' title='bbox 422 2608 629 2661; x_wconf 86' lang='lat' dir='ltr'>potuisset.</span> <span class='ocrx_word' id='word_1_292' title='bbox 676 2607 723 2648; x_wconf 92' lang='lat' dir='ltr'>In</span> <span class='ocrx_word' id='word_1_293' title='bbox 753 2610 909 2662; x_wconf 81' lang='lat' dir='ltr'>optimis</span> <span class='ocrx_word' id='word_1_294' title='bbox 939 2610 1052 2651; x_wconf 89' lang='lat' dir='ltr'>codd.</span> <span class='ocrx_word' id='word_1_295' title='bbox 1079 2624 1156 2650; x_wconf 93' lang='lat' dir='ltr'>non</span> <span class='ocrx_word' id='word_1_296' title='bbox 1189 2610 1334 2664; x_wconf 85' lang='lat' dir='ltr'>legitur</span> <span class='ocrx_word' id='word_1_297' title='bbox 1368 2611 1610 2650; x_wconf 81' lang='lat' dir='ltr'>‘commeati-</span> 
     </span>
     <span class='ocr_line' id='line_1_37' title="bbox 125 2668 1611 2732; baseline 0.006 -25"><span class='ocrx_word' id='word_1_298' title='bbox 125 2668 224 2716; x_wconf 91' lang='lat' dir='ltr'>bus&#39;,</span> <span class='ocrx_word' id='word_1_299' title='bbox 249 2673 317 2712; x_wconf 90' lang='lat' dir='ltr'>sed</span> <span class='ocrx_word' id='word_1_300' title='bbox 341 2677 603 2716; x_wconf 84' lang='lat' dir='ltr'>‘commeatu&#39;.</span> <span class='ocrx_word' id='word_1_301' title='bbox 637 2675 774 2731; x_wconf 86' lang='lat' dir='ltr'>Itaque</span> <span class='ocrx_word' id='word_1_302' title='bbox 796 2677 952 2718; x_wconf 89' lang='lat' dir='ltr'>Hirtius</span> <span class='ocrx_word' id='word_1_303' title='bbox 974 2677 1027 2718; x_wconf 89' lang='lat' dir='ltr'>ita</span> <span class='ocrx_word' id='word_1_304' title='bbox 1051 2679 1280 2732; x_wconf 85' lang='lat' dir='ltr'>scripserat:</span> <span class='ocrx_word' id='word_1_305' title='bbox 1309 2678 1493 2718; x_wconf 87' lang='lat' dir='ltr'>‘nauibus</span> <span class='ocrx_word' id='word_1_306' title='bbox 1516 2678 1611 2716; x_wconf 86' lang='lat' dir='ltr'>iusi-</span> 
     </span>
     <span class='ocr_line' id='line_1_38' title="bbox 124 2735 1609 2798; baseline 0.005 -24"><span class='ocrx_word' id='word_1_307' title='bbox 124 2735 328 2778; x_wconf 87' lang='lat' dir='ltr'>diabantur</span> <span class='ocrx_word' id='word_1_308' title='bbox 347 2742 492 2783; x_wconf 89' lang='lat' dir='ltr'>nostris</span> <span class='ocrx_word' id='word_1_309' title='bbox 514 2752 826 2798; x_wconf 86' lang='lat' dir='ltr'>commeatuque.</span> <span class='ocrx_word' id='word_1_310' title='bbox 862 2743 977 2798; x_wconf 83' lang='lat' dir='ltr'>Quod</span> <span class='ocrx_word' id='word_1_311' title='bbox 998 2745 1078 2786; x_wconf 86' lang='lat' dir='ltr'>ubi&#39;</span> <span class='ocrx_word' id='word_1_312' title='bbox 1105 2753 1199 2786; x_wconf 88' lang='lat' dir='ltr'>cett.</span> <span class='ocrx_word' id='word_1_313' title='bbox 1235 2745 1388 2787; x_wconf 89' lang='lat' dir='ltr'>Deinde</span> <span class='ocrx_word' id='word_1_314' title='bbox 1410 2747 1449 2785; x_wconf 90' lang='lat' dir='ltr'>in</span> <span class='ocrx_word' id='word_1_315' title='bbox 1471 2745 1609 2785; x_wconf 87' lang='lat' dir='ltr'>iisdem</span> 
     </span>
     <span class='ocr_line' id='line_1_39' title="bbox 123 2804 1606 2867; baseline 0.005 -25"><span class='ocrx_word' id='word_1_316' title='bbox 123 2804 234 2844; x_wconf 86' lang='lat' dir='ltr'>codd.</span> <span class='ocrx_word' id='word_1_317' title='bbox 269 2805 411 2860; x_wconf 86' lang='lat' dir='ltr'>legitur</span> <span class='ocrx_word' id='word_1_318' title='bbox 441 2816 582 2850; x_wconf 79' lang='lat' dir='ltr'>‘unam</span> <span class='ocrx_word' id='word_1_319' title='bbox 616 2813 780 2853; x_wconf 88' lang='lat' dir='ltr'>classem</span> <span class='ocrx_word' id='word_1_320' title='bbox 812 2813 921 2853; x_wconf 87' lang='lat' dir='ltr'>iubet</span> <span class='ocrx_word' id='word_1_321' title='bbox 951 2814 1158 2867; x_wconf 81' lang='lat' dir='ltr'>expediri&#39;.</span> <span class='ocrx_word' id='word_1_322' title='bbox 1201 2812 1296 2854; x_wconf 87' lang='lat' dir='ltr'>Inde</span> <span class='ocrx_word' id='word_1_323' title='bbox 1329 2814 1439 2853; x_wconf 83' lang='lat' dir='ltr'>effeci</span> <span class='ocrx_word' id='word_1_324' title='bbox 1475 2818 1606 2853; x_wconf 77' lang='lat' dir='ltr'>‘suam</span> 
     </span>
    </p>
   </div>
   <div class='ocr_carea' id='block_1_3' title="bbox 123 2871 1607 2987">
    <p class='ocr_par' dir='ltr' id='par_1_5' title="bbox 123 2871 1607 2987">
     <span class='ocr_line' id='line_1_40' title="bbox 123 2871 1607 2935; baseline 0.007 -25"><span class='ocrx_word' id='word_1_325' title='bbox 123 2871 318 2913; x_wconf 75' lang='lat' dir='ltr'>classem&#39;.</span> <span class='ocrx_word' id='word_1_326' title='bbox 351 2873 468 2916; x_wconf 89' lang='lat' dir='ltr'>Prius</span> <span class='ocrx_word' id='word_1_327' title='bbox 483 2879 715 2920; x_wconf 87' lang='lat' dir='ltr'>uocabulum</span> <span class='ocrx_word' id='word_1_328' title='bbox 735 2887 842 2922; x_wconf 87' lang='lat' dir='ltr'>recte</span> <span class='ocrx_word' id='word_1_329' title='bbox 859 2882 1130 2935; x_wconf 86' lang='lat' dir='ltr'>praeponitur,</span> <span class='ocrx_word' id='word_1_330' title='bbox 1156 2895 1242 2921; x_wconf 87' lang='lat' dir='ltr'>cum</span> <span class='ocrx_word' id='word_1_331' title='bbox 1257 2879 1445 2922; x_wconf 87' lang='lat' dir='ltr'>Caesaris</span> <span class='ocrx_word' id='word_1_332' title='bbox 1469 2880 1607 2920; x_wconf 81' lang='lat' dir='ltr'>classis</span> 
     </span>
     <span class='ocr_line' id='line_1_41' title="bbox 159 2937 1328 2987; baseline 0.02 -23"><span class='ocrx_word' id='word_1_333' title='bbox 159 2937 276 2974; x_wconf 77' lang='lat' dir='ltr'>Caesar,</span> <span class='ocrx_word' id='word_1_334' title='bbox 298 2939 343 2967; x_wconf 86' lang='lat' dir='ltr'>ed.</span> <span class='ocrx_word' id='word_1_335' title='bbox 366 2940 505 2978; x_wconf 82' lang='lat' dir='ltr'>Nipperd.</span> <span class='ocrx_word' id='word_1_336' title='bbox 1280 2947 1328 2987; x_wconf 77' lang='lat'>[3</span> 
     </span>
    </p>
   </div>
  </div>
 </body>
</html>
