1835 3240
114 199 198 242 766
794 199 1073 243 CAESARIS

190 314 288 355 ecrit
318 309 715 369 ἀποφθεγμάτων,
745 314 778 353 si
809 314 909 366 quod
942 314 1128 355 afferatur
1155 314 1200 354 ad
1231 328 1317 355 eum
1340 330 1408 369 pro
1431 332 1541 367 meo,
1567 321 1668 372 quod

188 396 315 422 meum
338 395 415 421 non
438 382 502 431 sit,
526 381 677 421 reicere
701 381 855 431 solere3
882 383 983 434 quod
1006 396 1051 422 eo
1074 396 1176 421 nunc
1198 384 1322 435 magis
1346 385 1459 435 facit,
1485 387 1584 438 quod
1610 386 1666 426 ui-

187 459 287 493 uunt
316 464 465 491 mecum
496 450 576 489 sere
608 448 751 488 cotidie
772 448 876 488 illius
902 450 1126 488 familiares.
1170 447 1351 490 Incidunt
1372 459 1499 491 autem
1522 453 1560 492 in
1582 468 1666 494 ser-

187 533 302 560 mone
324 519 435 559 uario
459 517 591 564 multa,
617 530 716 567 quae
740 517 908 556 fortasse
930 517 1022 566 illis,
1048 530 1133 556 cum
1157 516 1254 566 (lixi,
1277 531 1348 556 nec
1370 518 1571 560 illitterata
1593 535 1665 561 nec

185 587 335 626 insulsa
358 599 444 624 esse
469 583 690 623 uideantur.
724 582 832 623 Haec
856 584 903 623 ad
925 584 1032 624 illum
1054 598 1139 624 cum
1163 585 1322 637 reliquis
1339 585 1437 625 actis
1456 588 1660 639 perferun-
1692 597 1711 628 5

185 661 270 693 tur:
306 653 360 693 ita
394 651 494 691 enim
518 650 599 703 ipse
621 651 837 690 mandauit.
872 649 938 692 Sic
961 652 1000 691 fit
1016 682 1026 702 ,
1052 658 1116 701 ut,
1141 651 1174 692 si
1197 652 1284 704 quid
1308 659 1511 706 praeterea
1535 655 1581 695 de
1603 669 1664 695 me

185 721 330 769 audiat,
355 733 434 759 non
457 718 690 758 audiendum
713 725 836 772 putet.

751 832 1086 875 EPISTOLAE.

294 914 462 954 Sueton.
485 910 602 951 Caes.
621 910 694 951 56:
720 910 922 965 Epistolae
946 927 1096 965 quoque
1119 911 1201 952 eius
1224 912 1270 952 ad
1292 920 1473 953 senatum
1496 921 1658 966 extant3

180 995 275 1036 quas
309 981 455 1034 primus
486 979 643 1019 uidetur
663 980 708 1019 ad
733 981 895 1033 paginas
919 987 958 1019 et
981 982 1141 1019 formam
1166 981 1404 1021 memorialis
1426 982 1544 1022 libelli
1568 997 1661 1022 con-
1696 989 1735 1022 10

178 1050 374 1099 uertisse,
407 1063 493 1088 eum
523 1054 639 1087 antea
669 1048 851 1088 consules
875 1055 914 1088 et
936 1049 1052 1087 duces
1075 1062 1154 1087 non
1178 1048 1250 1087 nisi
1275 1055 1501 1088 transuersa
1527 1050 1660 1090 charta

179 1118 345 1170 scriptas
377 1117 593 1155 mitterent.
635 1114 788 1154 Extant
821 1123 859 1156 et
888 1117 933 1155 ad
957 1113 1216 1163 Ciceronem,
1252 1116 1344 1156 item
1373 1117 1419 1156 ad
1444 1117 1659 1158 familiares

178 1185 403 1225 domesticis
435 1184 480 1222 de
503 1183 641 1231 rebus3
676 1183 716 1222 in
747 1184 886 1235 quibus
910 1184 942 1223 si
966 1197 1040 1235 qua
1064 1183 1251 1222 occultius
1275 1184 1506 1235 perferenda
1528 1191 1656 1233 erant,

174 1267 246 1307 per
279 1259 391 1291 notas
424 1251 580 1303 scripsit
610 1251 647 1289 id
678 1257 737 1290 est
759 1251 814 1290 sie
836 1258 988 1290 structo
1011 1251 1229 1290 litterarum
1254 1250 1414 1299 ordine,
1450 1258 1491 1289 ut
1513 1251 1660 1291 nullum

176 1320 337 1361 uerbum
370 1318 467 1358 effici
499 1325 654 1371 posset,
690 1332 788 1371 quae
820 1319 852 1358 si
887 1319 971 1372 quis
1002 1318 1243 1370 inuestigare
1277 1324 1313 1358 et
1345 1318 1523 1371 persequi
1548 1318 1656 1368 uelit,
1693 1326 1731 1359 15

174 1394 352 1441 quartam
386 1386 669 1426 elementorum
704 1386 877 1427 litteram
910 1387 945 1426 id
978 1392 1036 1426 est
1058 1386 1080 1425 d
1102 1400 1172 1439 pro
1196 1400 1217 1426 a
1241 1392 1279 1425 et
1301 1386 1461 1438 perinde
1484 1386 1656 1440 reliquas

175 1460 402 1496 commutet.

291 1521 397 1561 Gell.
422 1520 582 1571 XVII,
607 1520 657 1562 9:
692 1519 806 1561 Libri
838 1527 930 1562 sunt
961 1521 1211 1574 epistolarum
1235 1518 1284 1561 C.
1311 1518 1499 1562 Caesaris
1534 1522 1581 1562 ad
1605 1520 1654 1562 C.

172 1588 341 1644 Oppium
374 1596 412 1629 et
434 1587 598 1628 Balbum
623 1586 878 1636 Cornelium,
914 1590 978 1642 qui
1001 1589 1119 1629 rebus
1142 1589 1226 1629 eius
1250 1590 1424 1629 absentis
1448 1589 1651 1630 curabant.

171 1656 217 1698 In
248 1658 307 1698 his
332 1656 508 1710 epistolis
532 1657 757 1709 quibusdam
781 1658 821 1698 iu
843 1658 939 1697 locis
962 1657 1219 1697 inueniuntur
1240 1657 1395 1697 litterae
1417 1658 1656 1711 singulariae
1687 1665 1730 1699 20

171 1726 255 1766 sine
281 1725 521 1777 coagmentis
544 1725 779 1779 syllabarum
800 1757 810 1774 ,
835 1739 930 1777 quas
955 1733 994 1765 tu
1017 1732 1127 1778 putes
1152 1726 1295 1778 positas
1318 1726 1539 1765 incondite:
1565 1740 1652 1765 nam

170 1793 293 1834 uerba
317 1807 367 1832 ex
392 1792 450 1831 his
473 1792 614 1832 litteris
638 1793 775 1832 confici
799 1793 904 1832 nulla
928 1799 1105 1845 possunt.
1141 1791 1242 1831 Erat
1263 1800 1391 1832 autem
1415 1801 1651 1833 conuentum

169 1861 274 1900 inter
297 1873 364 1899 eos
384 1859 667 1899 clandestinum
686 1860 732 1899 ‹le
751 1861 1023 1899 commutando
1042 1861 1119 1899 situ
1138 1860 1374 1909 litterarum,
1393 1866 1433 1899 ut
1451 1861 1488 1899 iu
1506 1861 1652 1914 scripto

170 1928 322 1981 quidem
357 1927 431 1966 alia
462 1927 561 1967 aliae
596 1928 720 1967 locum
753 1935 791 1967 et
823 1942 963 1967 nomen
987 1935 1164 1977 teneret,
1201 1928 1267 1967 sed
1291 1928 1329 1966 in
1354 1928 1520 1980 legendo
1544 1928 1651 1967 locus

171 1996 309 2048 cuique
340 2009 434 2035 suus
469 2002 507 2034 et
536 2001 709 2048 potestas
740 1995 1032 2035 restitueretur.
1079 1993 1282 2047 Quaenam
1316 2009 1409 2034 uero
1432 1995 1560 2035 littera
1584 2010 1650 2049 pro
1682 2003 1724 2036 25

169 2078 243 2116 qua
266 2063 531 2109 scriberetur,
556 2069 648 2102 ante
669 2062 734 2111 iis,
759 2063 875 2102 sicuti
900 2063 981 2102 dixi
999 2095 1008 2112 ,
1035 2063 1322 2116 complacebat,
1348 2063 1411 2115 qui
1435 2063 1533 2102 lianc
1555 2065 1652 2104 scri-

167 2131 285 2171 bendi
316 2131 504 2170 latebram
537 2129 740 2183 parabant.
783 2129 857 2170 Est
888 2131 984 2170 adeo
1008 2129 1125 2170 Probi
1149 2131 1389 2183 grammatici
1414 2138 1648 2170 commenta-

166 2200 249 2239 rius
272 2199 367 2238 satis
391 2198 546 2237 curiose
571 2199 693 2237 factus
717 2198 762 2238 (le
786 2199 937 2237 occulta
960 2198 1177 2238 litterarum
1200 2197 1483 2251 significatione
1504 2197 1647 2249 episto-

166 2268 289 2307 larum
313 2263 362 2306 C.
390 2264 576 2306 Caesaris
597 2266 626 2317 †
647 2265 896 2318 scriptarum.

623 2347 670 2371 AD
693 2347 734 2372 M.
761 2347 932 2372 TvLLWM
955 2347 1186 2373 CICERONEM.
1677 2337 1718 2370 30

820 2404 878 2451 (α.
905 2399 997 2453 56.)

283 2469 371 2509 Cic.
398 2469 465 2509 ad.
492 2467 606 2509 Fam.
627 2469 660 2515 I,
675 2466 717 2518 9,
738 2467 811 2508 12:
848 2466 893 2507 In
917 2469 987 2507 hac
1009 2467 1203 2507 sententia
1226 2465 1536 2518 complectendus
1559 2472 1644 2504 erat

166 2536 258 2577 mihi
282 2535 447 2586 Caesar,
466 2543 508 2575 ut
530 2537 655 2586 uides,
671 2536 710 2575 in
734 2535 941 2575 coniuncta
964 2542 1001 2575 et
1023 2549 1139 2575 causa
1161 2541 1199 2574 et
1220 2534 1420 2587 dignitate.
1466 2531 1541 2571 Hic
1563 2532 1660 2572 mul-

308 2631 348 2664 10
369 2631 493 2673 primus
513 2631 588 2662 eod.
611 2631 745 2671 J''7’sz'nz'‚
768 2632 908 2673 primum
927 2631 1070 2672 reliqui.
1259 2630 1298 2661 15
1318 2630 1372 2670 qui
1392 2629 1640 2660 smmmmnus.

307 2682 394 2714 uelit
410 2682 612 2720 Erneslz'm,
636 2682 742 2712 uellet
760 2682 861 2713 codd.
1033 2681 1070 2712 19
1092 2680 1193 2711 rebus
1212 2683 1344 2720 regitur,
1367 2690 1421 2710 res
1439 2679 1643 2720 ceterz'fere

164 2744 295 2767 omnes.
436 2733 477 2766 29
491 2732 693 2774 scriptarum
713 2733 771 2763 liic
788 2735 946 2774 [neptum
964 2734 1026 2762 est.
1047 2731 1122 2762 Ant
1138 2731 1273 2762 ext-idib
1291 2731 1338 2762 ad
1355 2741 1441 2771 quos
1454 2730 1513 2761 uel
1527 2740 1645 2771 quem-

163 2783 355 2817 admodum
372 2782 550 2825 'epz’slolae
573 2784 729 2823 scriptae
754 2787 886 2822 essent,
907 2785 971 2813 aut
994 2784 1109 2822 ipsum
1130 2782 1332 2823 scriptarum
1351 2784 1557 2822 corruptum
1578 2784 1641 2812 est.

307 2834 421 2866 Iulius
440 2833 568 2865 [ἴοι-ον
585 2843 624 2875 p.
645 2833 709 2866 26ss
723 2833 805 2864 Ora:
826 2833 945 2864 Solent
963 2833 1063 2863 etiam
1084 2837 1180 2863 notas
1200 2833 1290 2863 inter
1309 2842 1344 2863 se
1363 2832 1567 2864 secretiores
1585 2841 1644 2874 pa·-

165 2888 263 2929 cisci,
283 2886 370 2929 quod
390 2890 424 2917 et
443 2884 573 2916 Caesar
591 2888 625 2915 et
641 2883 812 2923 Augustus
831 2887 866 2914 et
884 2882 1005 2914 Cicero
1025 2887 1058 2914 et
1074 2883 1132 2914 alii
1151 2883 1307 2925 plerique
1330 2882 1497 2915 fecerunt.
