1835 3240
594 191 776 236 coium,
800 191 860 234 111
883 189 1006 234 CAP.
1031 190 1086 232 70
1100 214 1152 220 —
1170 190 1240 231 73.
1483 247 1488 253 ἶ
1653 190 1732 234 601

186 323 323 366 passus
347 322 472 362 neque
494 307 534 348 in
554 306 720 356 litteris,
746 320 841 360 quas
863 305 1036 346 scribere
1059 311 1120 344 est
1140 303 1280 344 solitus
1296 333 1306 352 ,
1333 317 1459 359 neque
1481 305 1520 345 in
1546 306 1660 346 fasci-

183 382 255 421 bus
277 377 447 430 insignia
468 376 626 416 laureae
650 375 848 430 praetulit.
892 374 948 414 At
968 372 1169 413 Labienus
1185 402 1195 421 ,
1230 385 1316 411 cum
1339 371 1385 410 ab
1409 385 1454 412 eo
1476 373 1659 425 impetra-
1681 375 1708 413 4

186 447 331 495 uisset,
357 452 399 485 ut
419 444 491 485 sibi
514 443 690 497 captiuos
714 443 814 482 tradi
836 442 1013 490 iuberet,
1039 453 1175 480 omnes
1198 440 1407 493 productos
1430 440 1662 479 ostentatio-

183 515 270 562 nis,
305 520 348 553 ut
380 512 607 561 uidebatur,
639 524 784 560 causa,
819 523 894 562 quo
926 509 1052 548 maior
1084 509 1269 562 perfugae
1302 507 1396 547 fides
1436 506 1661 556 haberetur,

136 591 154 622 5
186 581 471 622 commilitones
509 578 709 633 appellans
749 584 786 617 et
808 590 947 630 magna
979 576 1188 616 uerborum
1229 575 1464 616 contumelia
1495 575 1666 615 interro-

184 663 310 703 ganS‚
346 649 575 690 solerentne
604 644 785 686 ueterani
816 644 958 684 milites
985 645 1146 697 sugere,
1180 644 1219 684 in
1256 643 1427 684 omnium
1455 648 1667 696 conspectu

181 717 395 758 intersecit.

300 784 373 824 His
396 783 513 824 rebus
537 788 686 822 tantum
711 780 872 820 fiduciae
894 794 940 821 ac
962 779 1124 833 spiritus
1147 777 1396 832 Pompeianis
1419 778 1603 828 accessit,
1628 784 1670 817 ut
1690 777 1745 821 ’72

190 867 268 893 non
292 853 338 892 de
360 852 515 892 ratione
536 850 626 891 belli
650 849 897 903 cogitarent,
930 848 999 889 sed
1024 847 1167 887 uicisse
1188 847 1264 887 iam
1289 847 1532 887 uiderentur.
1574 844 1669 886 Non
1690 843 1717 886 2

115 929 155 961 10
188 921 243 961 illi
268 920 504 974 paucitatem
526 924 752 958 nostrorum
775 916 962 965 militum,
995 929 1075 955 non
1095 915 1342 967 iniquitatem
1365 914 1441 954 loci
1463 921 1579 967 atque
1600 928 1670 954 an-

113 1267 153 1300 15

184 988 335 1043 gustias
358 985 653 1040 praeoccupatis
676 985 820 1024 castris
843 991 881 1024 et
903 983 1111 1036 ancipitem
1134 989 1329 1023 terrorem
1352 982 1455 1022 intra
1478 991 1672 1035 extraque

184 1055 423 1095 munitiones
440 1085 450 1104 ,
482 1067 561 1093 non
594 1052 790 1093 abscisum
821 1052 862 1091 in
885 1051 981 1091 duas
1003 1060 1134 1104 partes
1157 1050 1377 1091 exercitum
1394 1081 1404 1099 ‚
1438 1064 1523 1090 cum
1546 1050 1673 1090 altera

184 1123 298 1164 alteri
331 1122 523 1163 auxilium
556 1122 659 1162 ferre
691 1134 769 1160 non
792 1126 947 1174 posset,
982 1132 1125 1159 causae
1148 1118 1271 1160 fuisse
1293 1117 1533 1171 cogitabant.
1577 1116 1671 1157 Non
1693 1116 1719 1158 3

187 1192 234 1232 ad
258 1191 353 1231 haec
375 1190 569 1230 addebant
591 1203 668 1229 non
691 1201 888 1228 concursu
910 1187 992 1228 acri
1015 1188 1133 1238 facto,
1158 1201 1237 1227 non
1259 1186 1406 1241 proelio
1430 1185 1671 1233 dimicatum,

186 1258 338 1311 sibique
360 1258 465 1312 ipsos
488 1256 733 1297 multitudine
755 1263 871 1309 atque
894 1256 1085 1309 angustiis
1108 1256 1233 1296 maius
1256 1254 1438 1295 attulisse
1461 1253 1674 1294 detrimen-

188 1334 285 1376 tum,
312 1340 423 1379 quam
448 1325 494 1365 ab
518 1325 628 1365 hoste
652 1324 912 1378 accepissent.
945 1322 1042 1364 Non
1066 1323 1232 1376 denique
1256 1322 1471 1364 communis
1494 1321 1585 1361 belli
1609 1334 1673 1361 ca-
1693 1320 1722 1361 4

188 1409 254 1435 sus
289 1394 625 1442 recordabantur,
661 1407 774 1447 quam
798 1391 986 1446 paruulae
1009 1405 1126 1445 saepe
1143 1399 1293 1432 'causae
1317 1391 1378 1430 uel
1402 1390 1523 1430 falsae
1545 1388 1674 1442 suspi-

188 1463 313 1502 cionis
349 1462 410 1502 uel
441 1461 608 1502 terroris
639 1460 835 1514 repentini
868 1460 932 1500 uel
962 1459 1140 1500 obiectae
1162 1459 1365 1512 religionis
1388 1472 1530 1511 magna
1553 1457 1672 1498 detri-

190 1537 320 1571 menta
341 1530 582 1579 intulissent,
600 1529 780 1581 quotiens
805 1528 866 1568 uel
889 1528 997 1582 culpa
1018 1528 1126 1569 ducis
1143 1527 1204 1567 uel
1222 1527 1369 1567 tribuni
1388 1527 1484 1567 uitio
1501 1526 1539 1566 in
1559 1538 1675 1566 exer-

190 1599 269 1638 citu
300 1604 407 1638 esset
437 1597 653 1648 offensuni3
689 1597 784 1645 sed,
820 1596 982 1649 proinde
1012 1611 1056 1636 ac
1080 1596 1112 1636 si
1137 1596 1282 1636 uirtute
1305 1595 1521 1644 uicissent,
1546 1606 1674 1648 neque

189 1666 266 1706 ulla
290 1666 543 1707 commutatio
566 1679 696 1705 rerum
719 1671 856 1718 posset
877 1665 1079 1715 accidere,
1104 1678 1174 1718 per
1196 1663 1329 1704 orbem
1354 1670 1548 1703 terrarum
1574 1662 1676 1701 fama

189 1748 235 1774 ac
257 1734 400 1773 litteris
424 1734 627 1773 uictoriam
650 1733 735 1773 eius
759 1733 834 1773 diei
857 1732 1204 1773 concelebrabant.
1245 1731 1399 1773 Caesar
1420 1744 1440 1770 a
1463 1728 1677 1782 superiori·
1698 1726 1754 1772 73

190 1802 262 1842 bus
294 1801 468 1841 consiliis
510 1801 692 1855 depulsus
725 1815 879 1841 omnem
911 1801 984 1841 sibi
1015 1800 1327 1841 commutandam
1360 1798 1449 1838 belli
1482 1797 1675 1838 rationem

193 1869 450 1910 existimauit.
495 1868 632 1923 Itaque
665 1884 742 1910 uno
774 1877 949 1924 tempore
981 1869 1189 1923 praesidiis
1221 1867 1399 1908 omnibus
1431 1865 1606 1906 deductis
1639 1871 1679 1905 et

190 1937 482 1991 oppugnatione
505 1938 664 1978 dimissa
688 1945 904 1991 coactoque
921 1938 1093 1978 inunum
1112 1938 1237 1978 locum
1258 1935 1437 1976 exercitu
1453 1933 1677 1974 contionem

193 2005 294 2058 apud
317 2005 459 2045 milites
482 2005 618 2046 habuit
640 2006 896 2059 hortatusque
919 2013 979 2047 est
996 2037 1006 2056 ,
1030 2020 1079 2046 ne
1103 2020 1164 2056 ea,
1190 2018 1290 2058 quae
1312 2003 1565 2051 accidissent,
1589 2014 1678 2054 gra·
1698 1999 1727 2042 2

194 2074 297 2114 uiter
328 2076 477 2114 ferrent
506 2087 606 2114 neue
630 2074 688 2115 his
711 2074 832 2115 rebus
855 2081 1103 2115 terrerentur
1123 2073 1332 2126 multisque
1355 2069 1540 2112 secundis
1565 2082 1680 2124 proe-

193 2141 256 2182 liis
280 2156 398 2182 unum
428 2143 639 2184 aduersum
662 2149 701 2184 et
721 2143 759 2184 id
782 2143 976 2185 mediocre
999 2148 1259 2197 opponerent.
1304 2138 1533 2180 Habendam
1556 2138 1680 2178 sortu-
1700 2133 1726 2176 3

337 2315 349 2346 l
374 2324 494 2356 passus
513 2325 532 2347 a
549 2315 578 2356 b,
602 2325 722 2357 passus
742 2321 848 2349 estu.
1061 2325 1168 2358 neque
1187 2314 1287 2354 <ante
1307 2314 1337 2345 in
1359 2312 1500 2354 litteris)
1522 2322 1597 2353 ego,
1620 2310 1681 2342 scd

192 2375 212 2397 α
226 2366 244 2397 b
264 2366 281 2397 5
300 2366 412 2407 det-t.‚·
432 2367 493 2399 sed
513 2377 621 2408 neque
641 2377 676 2399 u.
886 2369 906 2400 2
925 2368 965 2399 ad
986 2366 1158 2399 Labienus
1176 2376 1219 2406 a,
1240 2366 1281 2396 ad
1301 2365 1488 2396 Labienum
1508 2365 1537 2395 I).

192 2417 462 2461 impetrauisset]
484 2424 618 2461 peteret
637 2420 667 2450 b.
878 2420 897 2452 3
916 2420 1098 2463 productos
1118 2418 1339 2458 Stephanus,
1362 2417 1522 2448 reductos
1541 2426 1561 2446 a
1584 2416 1680 2454 ‘mssa

193 2466 236 2500 4'·
423 2471 443 2502 4
463 2480 565 2502 causa
584 2472 679 2501 [uter
698 2480 790 2502 llel’s.
814 2471 846 2502 b.
1033 2469 1198 2512 profugae
1218 2468 1252 2500 d.
1417 2468 1435 2499 ὓ
1456 2466 1628 2498 soleretnc
1647 2476 1681 2497 a.

339 2520 357 2552 7
384 2521 562 2553 interfecit
581 2533 600 2553 a
624 2523 719 2554 ‘mss.
740 2526 775 2554 et
791 2522 868 2554 edd.
890 2521 1000 2563 qcld.’,
1023 2521 1185 2554 interficit
1203 2531 1239 2552 u.
1411 2519 1428 2551 9
1449 2519 1514 2550 iam
1534 2518 1595 2557 ab,
1618 2517 1684 2548 iani

195 2570 258 2601 sibi
278 2581 312 2602 u.
456 2573 495 2604 10
515 2578 615 2614 atque
635 2573 667 2604 in
688 2574 898 2614 angustiasa
913 2574 973 2605 bc.
1115 2571 1336 2607 izabscisum
1356 2581 1375 2602 a
1389 2571 1418 2610 b,
1441 2569 1632 2601 abscissum
1647 2577 1681 2598 ll.

340 2623 444 2664 partis
464 2633 542 2654 cum
564 2624 658 2654 ‘ms-s.
681 2624 837 2665 aliquot’
857 2635 891 2655 u.
1044 2624 1156 2655 altera
1176 2622 1277 2654 alteri
1296 2622 1348 2663 (a)
1367 2622 1384 2653 3
1406 2621 1506 2660 dett„
1529 2620 1618 2650 altcr
1636 2619 1685 2649 al-

196 2673 262 2704 teri
280 2673 427 2714 reliqui.
569 2674 609 2706 '13
630 2673 735 2706 fuisse
755 2685 823 2706 om.
846 2675 878 2706 b.
1046 2674 1085 2706 14
1104 2684 1274 2705 concursu
1293 2672 1429 2712 Morus,
1453 2682 1492 2703 cx
1513 2680 1682 2702 concursu

196 2726 297 2758 codd.
455 2725 527 2766 agri
545 2737 566 2758 α
580 2727 610 2758 b.
768 2728 807 2759 16
827 2727 1015 2759 communis
1035 2737 1124 2758 unas
1143 2726 1230 2766 det„
1253 2725 1420 2757 communi
1439 2735 1459 2755 {1
1474 2724 1515 2763 b,-
1537 2733 1683 2754 commu-

196 2787 256 2809 nes
276 2788 310 2810 ιι.
478 2777 516 2810 17
537 2779 766 2811 recordabant
783 2789 817 2810 a.
985 2778 1024 2811 19
1044 2778 1203 2819 quotiens
1222 2787 1256 2808 α.
1407 2775 1503 2807 ducis
1525 2774 1607 2805 uitio
1627 2775 1683 2806 nel

197 2829 296 2871 culpa
317 2829 443 2861 tribuni
462 2839 495 2860 α.
639 2830 827 2861 exercitum
848 2840 876 2860 e.
1015 2828 1058 2863 22
1078 2828 1118 2860 ab
1138 2839 1213 2860 cum
1232 2829 1253 2862 2
1272 2827 1359 2860 dell.
1375 2837 1409 2858 α.
1549 2827 1590 2857 25
1606 2836 1683 2857 con-

197 2880 327 2911 cionem
350 2878 416 2920 (a).
558 2878 599 2911 26
620 2879 819 2911 acciderant
839 2880 869 2910 b.
