1835 3240
708 202 820 209 --—-
885 176 964 218 100
1022 201 1135 206 -—

181 295 416 344 ‘Lutetiam,
442 291 678 341 Meo-letum,
696 289 891 339 Condate,
917 289 1189 344 Agedincum'.
1257 288 1435 342 Ascripsi
1459 288 1582 327 locum
1606 299 1659 326 ex

178 363 260 404 uita
281 361 326 403 S.
351 360 561 402 Barboleni
586 373 646 412 ap.
670 357 793 410 Bonq.
822 357 878 397 Ill
902 373 938 410 p.
970 355 1077 406 568,
1112 356 1175 396 ubi
1205 370 1305 408 quae
1336 362 1572 404 narrantur,
1606 368 1659 394 ex

179 429 352 472 Caesare
375 428 564 482 originem
588 428 732 466 ducere
755 432 931 478 apertum
955 432 1039 464 est:
1078 421 1194 463 ‘Cum
1219 421 1340 462 Iulius
1363 420 1516 461 Caesar
1539 428 1658 461 totum

179 498 311 539 orbem
333 496 513 536 Romano
535 495 786 546 subiugasset
814 491 975 544 imperio
1009 497 1047 530 et
1077 489 1206 529 nauali
1236 489 1378 528 itinere
1401 489 1448 527 ab
1472 489 1563 528 urbe
1587 487 1659 528 Se-

178 573 325 605 nonum
347 576 469 615 usque
490 560 746 601 Meledunum
769 566 936 599 castrum
960 557 1127 608 indeque
1148 555 1324 596 Parisius
1347 569 1433 594 eum
1456 555 1529 594 sibi
1551 554 1659 593 fami-

178 631 340 672 liaribus
363 629 553 669 Romanis
577 635 620 667 ut
641 628 689 668 ad
709 626 934 666 Meldorum
957 624 1154 663 ciuitatem
1179 624 1262 664 siue
1284 624 1331 663 ad
1353 622 1524 674 reliquas
1548 621 1661 661 urbes

178 698 410 746 adueniret,
442 710 541 748 quae
574 709 760 747 aquarum
793 692 1012 732 [luminibus
1041 690 1343 740 muniebantur,
1378 691 1546 743 contigit
1576 704 1660 730 eum

181 765 386 805 transitum
411 764 512 802 hune
536 762 694 809 babere,
720 760 822 799 sieut,
842 760 881 798 in
903 759 1027 813 gestis
1052 757 1318 798 Romanorum
1343 758 1515 813 legitur'.

294 829 343 870 C.
369 829 436 878 58,
462 828 488 868 (i
511 843 587 868 non
611 835 718 867 reete
740 827 796 866 sie
820 828 968 866 editur:
1003 826 1168 867 ‘Hostes
1190 840 1233 866 re
1256 827 1411 879 cognita
1433 826 1479 865 ab
1502 826 1573 875 iis,
1599 826 1662 878 qui

179 899 394 941 Meloduno
418 898 615 949 fugerant,
637 894 835 934 Lutetiam
860 894 1013 934 incendi
1036 902 1250 948 pontesque
1266 893 1348 933 eius
1362 894 1489 946 oppidi
1512 894 1664 933 resein-

181 969 216 1008 di
239 967 395 1007 iubent:
422 964 494 1018 ipsi
521 962 684 1018 profecti
708 976 730 1001 a
752 962 888 1015 palude
911 962 950 1000 in
972 962 1064 1014 ripis
1088 960 1294 1014 Sequanae
1317 975 1337 1001 e
1359 962 1521 1015 regione
1540 960 1663 1001 Lute-

181 1036 258 1075 tiae
281 1040 419 1074 eontra
442 1030 605 1071 Labieni
630 1037 760 1069 eastra
784 1028 1019 1068 considunt'.
1076 1028 1182 1069 Nam
1206 1043 1256 1069 ex
1279 1029 1343 1078 iis,
1369 1043 1468 1082 quae
1490 1043 1524 1068 e.
1551 1029 1602 1069 57
1626 1037 1664 1069 et.

181 1102 294 1157 paulo
316 1108 407 1141 ante
430 1105 658 1146 narrantur,
687 1104 846 1150 apparet
869 1097 1044 1150 paludem
1063 1127 1072 1143 ,
1106 1111 1203 1150 quae
1235 1097 1296 1136 bie
1319 1104 1662 1145 commemoratur,

181 1177 248 1209 aut
268 1169 304 1208 in
330 1174 497 1219 utraque
518 1166 601 1218 ripa
625 1162 832 1217 Sequanae
857 1164 977 1204 fuisse
999 1171 1066 1203 ant
1088 1164 1126 1203 in
1151 1178 1196 1203 ea
1218 1171 1369 1204 tantum
1386 1196 1396 1213 ,
1422 1179 1519 1217 quae
1541 1163 1666 1204 Lute-

180 1237 258 1276 tiae
282 1242 368 1276 erat
389 1234 603 1274 contraria.
647 1231 790 1273 Vtrum
813 1232 930 1285 igitur
962 1246 1097 1271 uerum
1120 1238 1203 1280 est,
1236 1232 1272 1271 id
1297 1239 1478 1281 constat,
1514 1233 1662 1280 hostes,

182 1319 267 1345 eum
291 1318 312 1342 a
333 1302 493 1342 Lutetia
526 1302 564 1341 in
595 1300 798 1340 aduersam
823 1300 943 1352 ripam
969 1299 1209 1348 transirent,
1243 1313 1265 1339 a
1297 1299 1435 1352 palude
1466 1314 1543 1339 non
1576 1313 1664 1339 esse

182 1374 395 1427 profectos.
440 1367 534 1410 Sine
558 1368 658 1408 enim
683 1367 793 1420 palus
816 1367 853 1406 in
878 1367 1042 1406 aduersa
1066 1367 1146 1420 ripa
1172 1373 1282 1415 erat,
1322 1367 1368 1405 ad
1401 1366 1576 1419 paludem
1599 1380 1666 1420 po-

182 1441 260 1481 tius
283 1437 655 1493 proficiscebantur,
691 1435 775 1474 siue
799 1434 837 1474 in
862 1443 1027 1486 utraque
1043 1465 1052 1483 ,
1087 1448 1105 1473 a
1131 1434 1270 1487 palude
1293 1447 1372 1473 non
1395 1432 1663 1473 discedebant.

183 1506 262 1548 Sed
287 1505 466 1560 ‘profecti
490 1519 511 1544 a
535 1503 685 1558 palude'
708 1502 748 1542 in
771 1502 1015 1555 interpolatis
1039 1508 1189 1541 tantum
1213 1502 1325 1541 codd.
1350 1501 1509 1553 legitur,
1543 1501 1582 1541 in
1604 1515 1667 1541 re-

182 1575 297 1628 liquis
321 1574 432 1613 codd.
449 1570 716 1624 Oudendorpii
741 1570 928 1623 seriptum
952 1576 1012 1609 est
1037 1575 1258 1622 ‘prospecta
1283 1568 1432 1621 palude’
1456 1569 1591 1623 (atque
1612 1569 1667 1608 ita

184 1650 244 1683 est
264 1643 305 1682 in
325 1639 419 1680 Par.
446 1654 504 1693 pr.
522 1642 538 1691 )
556 1669 565 1687 ,
601 1638 641 1677 in
664 1637 813 1677 duobus
839 1636 1103 1689 ‘pe1‘speeta'.
1150 1634 1243 1675 Item
1267 1636 1307 1675 in
1329 1633 1456 1688 Bong.
1484 1651 1542 1689 pr.
1567 1635 1661 1676 Par.

183 1725 243 1763 pr.
268 1708 392 1750 Voss.
418 1721 476 1761 pr.
503 1705 757 1759 plurimisque
773 1702 1041 1757 Oudendorpii
1065 1703 1209 1756 legitur
1233 1704 1295 1742 ‘ad
1318 1703 1453 1756 ripas',
1478 1702 1663 1742 inHaun.

185 1791 243 1831 pr.
274 1776 329 1815 ‘in
350 1773 485 1827 ripas'.
540 1771 675 1824 Itaque
697 1772 753 1810 sie
776 1771 937 1824 scripsi:
976 1771 1072 1823 ‘ipsi
1106 1770 1279 1824 proiecta
1314 1772 1450 1824 palude
1483 1771 1530 1809 ad
1562 1771 1666 1824 ripas

186 1843 396 1897 Sequanae
436 1855 456 1881 e
487 1840 649 1893 regione
679 1837 867 1879 Lutetiae
899 1846 1037 1878 eontra
1069 1837 1236 1878 Labieni
1269 1845 1399 1878 eastra
1429 1838 1663 1877 eonsidnnt'.

186 1910 458 1952 Considebant
478 1907 577 1948 enim
603 1913 690 1960 post
712 1907 913 1958 paludem,
940 1914 982 1946 ut
1003 1915 1042 1946 et
1065 1904 1245 1959 Sequana
1269 1912 1307 1945 et
1328 1905 1463 1958 palude
1487 1906 1670 1946 defende-

185 1987 337 2021 rentur.
383 1975 484 2028 Quid
508 1975 793 2027 requireretur,
820 1972 1057 2014 Ciaeeonius
1081 1981 1120 2013 et
1144 1973 1222 2013 Th.
1241 1971 1445 2013 Bentleitis
1471 1973 1666 2019 uiderunt,

188 2061 350 2100 quorum
374 2045 438 2085 ille
463 2043 644 2098 ‘protecti
669 2041 837 2096 palude',
864 2042 922 2081 hie
958 2041 1130 2081 ‘obiecta
1156 2040 1314 2094 palude*
1338 2041 1522 2094 seriptum
1547 2042 1670 2082 fuisse

186 2114 368 2155 coniecit.

301 2178 412 2232 Quae
434 2180 617 2233 leguntur
639 2193 673 2218 e.
696 2176 765 2227 64,
794 2177 831 2217 l:
861 2176 964 2231 ‘Ipse
987 2177 1148 2230 imperat
1172 2176 1334 2229 reliquis
1357 2176 1580 2216 ciuitatibus
1604 2177 1671 2216 ob-

188 2249 307 2298 sides,
333 2247 499 2299 denique
521 2246 557 2286 ei
578 2247 634 2286 rei
659 2245 858 2285 constituit
883 2247 980 2286 diem
999 2262 1008 2284 z
1035 2245 1108 2284 bue
1132 2258 1267 2284 omnes
1290 2243 1444 2296 equites
1465 2241 1547 2284 XV
1567 2244 1671 2284 milia

188 2329 351 2357 numero
375 2315 561 2354 celeriter
582 2313 797 2354 conuenire
819 2312 940 2361 iubet,
966 2313 1140 2366 peditatu
1155 2343 1165 2361 ,
1191 2326 1302 2364 quem
1325 2318 1443 2351 antea
1465 2311 1669 2361 habuerat,

189 2398 231 2424 se
255 2385 338 2423 l'ore
360 2388 584 2422 contentum
608 2381 737 2429 dieit',
772 2380 867 2420 haee
898 2380 1019 2433 igitur
1050 2379 1141 2431 quin
1164 2385 1349 2431 corrupta
1371 2378 1471 2427 sint,
1506 2379 1670 2418 dubitari

189 2465 266 2491 non
289 2456 432 2504 potest.
494 2447 598 2488 Nam
631 2461 754 2499 neque
788 2461 867 2486 uox
899 2454 908 2470 ⁴
924 2447 1130 2499 denique’,
1164 2446 1205 2485 in
1227 2460 1302 2498 qua
1324 2446 1399 2485 iam
1424 2444 1670 2485 Hotomanus

189 2519 396 2566 haeserat,
432 2516 525 2557 ferri
558 2522 706 2569 potest,
741 2529 827 2554 eum
858 2527 936 2553 una
957 2528 1022 2553 res
1044 2521 1157 2553 antea
1182 2513 1309 2567 posita
1331 2513 1382 2551 sit
1404 2520 1441 2551 et
1463 2513 1670 2561 eiusmodi,

190 2600 354 2640 quaeum
378 2584 429 2634 id,
455 2584 554 2636 quod
577 2597 623 2623 ea
646 2596 742 2622 uoce
763 2581 1004 2635 adiungitur,
1029 2582 1279 2621 coniunctum
1303 2580 1378 2629 sit,
1406 2593 1533 2632 neque
1569 2580 1670 2620 ‘hue'

188 2654 321 2703 habet,
347 2666 422 2705 quo
443 2652 656 2692 referatur.
695 2648 882 2689 Bibracte
905 2649 1024 2698 enim,
1050 2662 1126 2700 quo
1149 2662 1183 2686 e.
1209 2646 1279 2697 (33,
1304 2647 1328 2687 5
1352 2647 1559 2687 concilium
1579 2645 1672 2687 Gal-

189 2722 331 2768 lorum,
355 2720 395 2760 in
417 2732 490 2772 quo
513 2718 607 2758 baec
629 2724 738 2771 gesta
762 2724 870 2766 sunt,
895 2716 1129 2756 conuenisse
1150 2716 1314 2754 relatum
1338 2721 1421 2764 est,
1457 2722 1496 2754 et
1517 2714 1672 2767 longius

190 2789 237 2828 ab
260 2789 319 2828 his
344 2787 473 2827 uerbis
495 2792 688 2825 remotum
711 2791 772 2825 est
788 2817 797 2831 ‚
830 2798 956 2837 neque
990 2791 1067 2823 tota
1099 2785 1220 2823 forma
1254 2781 1443 2822 orationis
1466 2796 1511 2821 eo
1533 2782 1673 2821 aduer-

190 2856 294 2896 bium
317 2855 459 2895 referri
483 2853 641 2907 patitur.
704 2851 804 2892 Mihi
828 2853 890 2892 illa
915 2852 1109 2905 scriptura
1127 2882 1136 2899 ,
1170 2864 1280 2902 quain
1305 2863 1421 2902 supra
1454 2849 1586 2903 posui,
1619 2862 1670 2888 ex
