<?xml version="1.0" encoding="UTF-8"?>
<!DOCTYPE html PUBLIC "-//W3C//DTD XHTML 1.0 Transitional//EN"
    "http://www.w3.org/TR/xhtml1/DTD/xhtml1-transitional.dtd">
<html xmlns="http://www.w3.org/1999/xhtml" xml:lang="en" lang="en">
 <head>
  <title>
</title>
<meta http-equiv="Content-Type" content="text/html;charset=utf-8" />
  <meta name='ocr-system' content='tesseract 3.04.00' />
  <meta name='ocr-capabilities' content='ocr_page ocr_carea ocr_par ocr_line ocrx_word'/>
</head>
<body>
  <div class='ocr_page' id='page_1' title='image "./commentarii00caesuoft_0395.png"; bbox 0 0 1835 3240; ppageno 0'>
   <div class='ocr_carea' id='block_1_1' title="bbox 89 895 128 928">
    <p class='ocr_par' dir='ltr' id='par_1_1' title="bbox 89 895 128 928">
     <span class='ocr_line' id='line_1_1' title="bbox 89 895 128 928; baseline -0.026 0"><span class='ocrx_word' id='word_1_1' title='bbox 89 895 128 928; x_wconf 89' lang='grc'>10</span> 
     </span>
    </p>
   </div>
   <div class='ocr_carea' id='block_1_2' title="bbox 94 1233 132 1264">
    <p class='ocr_par' dir='ltr' id='par_1_2' title="bbox 94 1233 132 1264">
     <span class='ocr_line' id='line_1_2' title="bbox 94 1233 132 1264; baseline 0 0"><span class='ocrx_word' id='word_1_2' title='bbox 94 1233 132 1264; x_wconf 80' lang='lat'>15</span> 
     </span>
    </p>
   </div>
   <div class='ocr_carea' id='block_1_3' title="bbox 91 1569 133 1601">
    <p class='ocr_par' dir='ltr' id='par_1_3' title="bbox 91 1569 133 1601">
     <span class='ocr_line' id='line_1_3' title="bbox 91 1569 133 1601; baseline 0 0"><span class='ocrx_word' id='word_1_3' title='bbox 91 1569 133 1601; x_wconf 92' lang='grc'>20</span> 
     </span>
    </p>
   </div>
   <div class='ocr_carea' id='block_1_4' title="bbox 94 1908 135 1940">
    <p class='ocr_par' dir='ltr' id='par_1_4' title="bbox 94 1908 135 1940">
     <span class='ocr_line' id='line_1_4' title="bbox 94 1908 135 1940; baseline -0.024 0"><span class='ocrx_word' id='word_1_4' title='bbox 94 1908 135 1940; x_wconf 86' lang='grc'>25</span> 
     </span>
    </p>
   </div>
   <div class='ocr_carea' id='block_1_5' title="bbox 577 159 1715 208">
    <p class='ocr_par' dir='ltr' id='par_1_5' title="bbox 577 159 1715 208">
     <span class='ocr_line' id='line_1_5' title="bbox 577 159 1715 208; baseline 0.003 -3"><span class='ocrx_word' id='word_1_5' title='bbox 577 159 762 205; x_wconf 84' lang='lat' dir='ltr'><strong>COMM.</strong></span> <span class='ocrx_word' id='word_1_6' title='bbox 787 160 845 205; x_wconf 95' lang='lat' dir='ltr'>VI</span> <span class='ocrx_word' id='word_1_7' title='bbox 867 159 990 204; x_wconf 89' lang='lat' dir='ltr'><strong>CAP.</strong></span> <span class='ocrx_word' id='word_1_8' title='bbox 1015 159 1162 203; x_wconf 87' lang='lat'><strong>6-8.</strong></span> <span class='ocrx_word' id='word_1_9' title='bbox 1635 166 1715 208; x_wconf 82' lang='lat'>385</span> 
     </span>
    </p>
   </div>
   <div class='ocr_carea' id='block_1_6' title="bbox 161 275 1703 2232">
    <p class='ocr_par' dir='ltr' id='par_1_6' title="bbox 161 275 1703 2232">
     <span class='ocr_line' id='line_1_6' title="bbox 166 275 1688 331; baseline -0.001 -9"><span class='ocrx_word' id='word_1_10' title='bbox 166 277 428 322; x_wconf 78' lang='lat' dir='ltr'>existimabat.</span> <span class='ocrx_word' id='word_1_11' title='bbox 489 275 723 331; x_wconf 79' lang='lat' dir='ltr'><strong>Augebatur</strong></span> <span class='ocrx_word' id='word_1_12' title='bbox 759 276 996 316; x_wconf 86' lang='lat' dir='ltr'>auxiliorum</span> <span class='ocrx_word' id='word_1_13' title='bbox 1026 275 1168 315; x_wconf 81' lang='lat' dir='ltr'>cotidie</span> <span class='ocrx_word' id='word_1_14' title='bbox 1206 288 1310 329; x_wconf 89' lang='lat' dir='ltr'>spes.</span> <span class='ocrx_word' id='word_1_15' title='bbox 1372 275 1570 330; x_wconf 85' lang='lat' dir='ltr'>Loquitur</span> <span class='ocrx_word' id='word_1_16' title='bbox 1600 280 1642 319; x_wconf 94' lang='lat' dir='ltr'>in</span> <span class='ocrx_word' id='word_1_17' title='bbox 1662 277 1688 319; x_wconf 88' lang='grc'><strong>6</strong></span> 
     </span>
     <span class='ocr_line' id='line_1_7' title="bbox 166 343 1640 399; baseline -0.001 -12"><span class='ocrx_word' id='word_1_18' title='bbox 166 346 330 388; x_wconf 86' lang='lat' dir='ltr'>concilio</span> <span class='ocrx_word' id='word_1_19' title='bbox 353 346 477 399; x_wconf 88' lang='lat' dir='ltr'>palam</span> <span class='ocrx_word' id='word_1_20' title='bbox 494 376 504 394; x_wconf 91' lang='lat'>,</span> <span class='ocrx_word' id='word_1_21' title='bbox 540 344 721 397; x_wconf 91' lang='lat' dir='ltr'>quoniam</span> <span class='ocrx_word' id='word_1_22' title='bbox 744 343 934 384; x_wconf 82' lang='lat' dir='ltr'><strong>Germani</strong></span> <span class='ocrx_word' id='word_1_23' title='bbox 966 343 1280 398; x_wconf 88' lang='lat' dir='ltr'>adpropinquare</span> <span class='ocrx_word' id='word_1_24' title='bbox 1313 343 1520 394; x_wconf 85' lang='lat' dir='ltr'>dicantur,</span> <span class='ocrx_word' id='word_1_25' title='bbox 1553 360 1640 386; x_wconf 89' lang='lat' dir='ltr'>sese</span> 
     </span>
     <span class='ocr_line' id='line_1_8' title="bbox 164 411 1641 465; baseline -0.001 -11"><span class='ocrx_word' id='word_1_26' title='bbox 164 428 254 455; x_wconf 90' lang='lat' dir='ltr'>suas</span> <span class='ocrx_word' id='word_1_27' title='bbox 277 413 557 465; x_wconf 82' lang='lat' dir='ltr'>exercitusque</span> <span class='ocrx_word' id='word_1_28' title='bbox 580 414 757 452; x_wconf 78' lang='lat' dir='ltr'>fortunas</span> <span class='ocrx_word' id='word_1_29' title='bbox 779 412 819 452; x_wconf 93' lang='lat' dir='ltr'>in</span> <span class='ocrx_word' id='word_1_30' title='bbox 842 412 995 452; x_wconf 91' lang='lat' dir='ltr'>dubium</span> <span class='ocrx_word' id='word_1_31' title='bbox 1019 425 1098 451; x_wconf 94' lang='lat' dir='ltr'>non</span> <span class='ocrx_word' id='word_1_32' title='bbox 1120 411 1400 451; x_wconf 90' lang='lat' dir='ltr'>deuocaturum</span> <span class='ocrx_word' id='word_1_33' title='bbox 1423 417 1462 451; x_wconf 90' lang='lat' dir='ltr'>et</span> <span class='ocrx_word' id='word_1_34' title='bbox 1484 419 1641 464; x_wconf 90' lang='lat' dir='ltr'>postero</span> 
     </span>
     <span class='ocr_line' id='line_1_9' title="bbox 164 477 1689 535; baseline -0.001 -13"><span class='ocrx_word' id='word_1_35' title='bbox 164 483 224 522; x_wconf 90' lang='lat' dir='ltr'>die</span> <span class='ocrx_word' id='word_1_36' title='bbox 246 481 367 535; x_wconf 83' lang='lat' dir='ltr'>prima</span> <span class='ocrx_word' id='word_1_37' title='bbox 390 482 476 521; x_wconf 87' lang='lat' dir='ltr'>luce</span> <span class='ocrx_word' id='word_1_38' title='bbox 499 487 629 520; x_wconf 86' lang='lat' dir='ltr'>castra</span> <span class='ocrx_word' id='word_1_39' title='bbox 652 487 863 519; x_wconf 88' lang='lat' dir='ltr'>moturum.</span> <span class='ocrx_word' id='word_1_40' title='bbox 898 477 1095 520; x_wconf 80' lang='lat' dir='ltr'><strong>Celeriter</strong></span> <span class='ocrx_word' id='word_1_41' title='bbox 1116 479 1212 519; x_wconf 88' lang='lat' dir='ltr'>haec</span> <span class='ocrx_word' id='word_1_42' title='bbox 1233 479 1280 519; x_wconf 91' lang='lat' dir='ltr'>ad</span> <span class='ocrx_word' id='word_1_43' title='bbox 1303 479 1438 519; x_wconf 88' lang='lat' dir='ltr'>hostes</span> <span class='ocrx_word' id='word_1_44' title='bbox 1460 479 1644 519; x_wconf 92' lang='lat' dir='ltr'>deferun-</span> <span class='ocrx_word' id='word_1_45' title='bbox 1664 477 1689 521; x_wconf 87' lang='grc'>7</span> 
     </span>
     <span class='ocr_line' id='line_1_10' title="bbox 166 545 1644 601; baseline -0.002 -12"><span class='ocrx_word' id='word_1_46' title='bbox 166 557 255 599; x_wconf 85' lang='lat' dir='ltr'>tur,</span> <span class='ocrx_word' id='word_1_47' title='bbox 287 555 328 588; x_wconf 92' lang='lat' dir='ltr'>ut</span> <span class='ocrx_word' id='word_1_48' title='bbox 358 563 410 588; x_wconf 82' lang='lat' dir='ltr'>ex</span> <span class='ocrx_word' id='word_1_49' title='bbox 441 562 580 601; x_wconf 81' lang='lat' dir='ltr'>magno</span> <span class='ocrx_word' id='word_1_50' title='bbox 604 545 808 587; x_wconf 84' lang='lat' dir='ltr'>Gallorum</span> <span class='ocrx_word' id='word_1_51' title='bbox 838 547 1007 600; x_wconf 89' lang='lat' dir='ltr'>equitum</span> <span class='ocrx_word' id='word_1_52' title='bbox 1040 560 1203 587; x_wconf 90' lang='lat' dir='ltr'>numero</span> <span class='ocrx_word' id='word_1_53' title='bbox 1235 547 1444 587; x_wconf 92' lang='lat' dir='ltr'>nonnullos</span> <span class='ocrx_word' id='word_1_54' title='bbox 1478 545 1644 586; x_wconf 82' lang='lat' dir='ltr'>Gallicis</span> 
     </span>
     <span class='ocr_line' id='line_1_11' title="bbox 163 612 1692 667; baseline -0.001 -10"><span class='ocrx_word' id='word_1_55' title='bbox 163 616 279 658; x_wconf 91' lang='lat' dir='ltr'>rebus</span> <span class='ocrx_word' id='word_1_56' title='bbox 309 617 443 656; x_wconf 90' lang='lat' dir='ltr'>fauere</span> <span class='ocrx_word' id='word_1_57' title='bbox 474 623 615 656; x_wconf 89' lang='lat' dir='ltr'>natura</span> <span class='ocrx_word' id='word_1_58' title='bbox 646 614 826 667; x_wconf 88' lang='lat' dir='ltr'>cogebat.</span> <span class='ocrx_word' id='word_1_59' title='bbox 889 612 1093 654; x_wconf 87' lang='lat' dir='ltr'>Labienus</span> <span class='ocrx_word' id='word_1_60' title='bbox 1127 621 1246 654; x_wconf 90' lang='lat' dir='ltr'>noctu</span> <span class='ocrx_word' id='word_1_61' title='bbox 1281 614 1447 654; x_wconf 85' lang='lat' dir='ltr'>tribunis</span> <span class='ocrx_word' id='word_1_62' title='bbox 1478 615 1643 654; x_wconf 92' lang='lat' dir='ltr'>militum</span> <span class='ocrx_word' id='word_1_63' title='bbox 1666 614 1692 655; x_wconf 88' lang='grc'>8</span> 
     </span>
     <span class='ocr_line' id='line_1_12' title="bbox 163 681 1644 738; baseline -0.002 -14"><span class='ocrx_word' id='word_1_64' title='bbox 163 685 375 738; x_wconf 81' lang='lat' dir='ltr'>primisque</span> <span class='ocrx_word' id='word_1_65' title='bbox 398 683 597 724; x_wconf 86' lang='lat' dir='ltr'>ordinibus</span> <span class='ocrx_word' id='word_1_66' title='bbox 621 681 872 731; x_wconf 87' lang='lat' dir='ltr'>conuocatis,</span> <span class='ocrx_word' id='word_1_67' title='bbox 899 681 989 734; x_wconf 89' lang='lat' dir='ltr'>quid</span> <span class='ocrx_word' id='word_1_68' title='bbox 1011 681 1074 721; x_wconf 90' lang='lat' dir='ltr'>sui</span> <span class='ocrx_word' id='word_1_69' title='bbox 1096 681 1148 721; x_wconf 91' lang='lat' dir='ltr'>sit</span> <span class='ocrx_word' id='word_1_70' title='bbox 1170 682 1350 730; x_wconf 87' lang='lat' dir='ltr'>consilii,</span> <span class='ocrx_word' id='word_1_71' title='bbox 1385 682 1569 735; x_wconf 84' lang='lat' dir='ltr'>proponit</span> <span class='ocrx_word' id='word_1_72' title='bbox 1589 689 1644 731; x_wconf 89' lang='lat' dir='ltr'>et,</span> 
     </span>
     <span class='ocr_line' id='line_1_13' title="bbox 164 749 1647 805; baseline -0.002 -13"><span class='ocrx_word' id='word_1_73' title='bbox 164 767 239 805; x_wconf 91' lang='lat' dir='ltr'>quo</span> <span class='ocrx_word' id='word_1_74' title='bbox 264 752 417 792; x_wconf 86' lang='lat' dir='ltr'>facilius</span> <span class='ocrx_word' id='word_1_75' title='bbox 449 751 626 791; x_wconf 84' lang='lat' dir='ltr'>hostibus</span> <span class='ocrx_word' id='word_1_76' title='bbox 649 750 803 790; x_wconf 88' lang='lat' dir='ltr'>timoris</span> <span class='ocrx_word' id='word_1_77' title='bbox 827 750 892 789; x_wconf 90' lang='lat' dir='ltr'>det</span> <span class='ocrx_word' id='word_1_78' title='bbox 913 749 1201 802; x_wconf 86' lang='lat' dir='ltr'>suspicionem,</span> <span class='ocrx_word' id='word_1_79' title='bbox 1235 750 1385 790; x_wconf 88' lang='lat' dir='ltr'>maiore</span> <span class='ocrx_word' id='word_1_80' title='bbox 1417 750 1583 803; x_wconf 91' lang='lat' dir='ltr'>strepitu</span> <span class='ocrx_word' id='word_1_81' title='bbox 1609 757 1647 790; x_wconf 91' lang='lat' dir='ltr'>et</span> 
     </span>
     <span class='ocr_line' id='line_1_14' title="bbox 163 816 1647 872; baseline -0.001 -12"><span class='ocrx_word' id='word_1_82' title='bbox 163 820 326 860; x_wconf 86' lang='lat' dir='ltr'>tumultu</span> <span class='ocrx_word' id='word_1_83' title='bbox 340 851 350 870; x_wconf 90' lang='lat'>,</span> <span class='ocrx_word' id='word_1_84' title='bbox 384 833 497 872; x_wconf 89' lang='lat' dir='ltr'>quam</span> <span class='ocrx_word' id='word_1_85' title='bbox 520 818 649 872; x_wconf 91' lang='lat' dir='ltr'>populi</span> <span class='ocrx_word' id='word_1_86' title='bbox 670 816 841 858; x_wconf 87' lang='lat' dir='ltr'>Romani</span> <span class='ocrx_word' id='word_1_87' title='bbox 863 819 941 858; x_wconf 87' lang='lat' dir='ltr'>fert</span> <span class='ocrx_word' id='word_1_88' title='bbox 962 817 1204 857; x_wconf 83' lang='lat' dir='ltr'>consuetudo</span> <span class='ocrx_word' id='word_1_89' title='bbox 1220 848 1230 866; x_wconf 85' lang='lat'>,</span> <span class='ocrx_word' id='word_1_90' title='bbox 1265 825 1393 858; x_wconf 86' lang='lat' dir='ltr'>castra</span> <span class='ocrx_word' id='word_1_91' title='bbox 1415 817 1565 858; x_wconf 92' lang='lat' dir='ltr'>moueri</span> <span class='ocrx_word' id='word_1_92' title='bbox 1588 818 1647 858; x_wconf 93' lang='lat' dir='ltr'>iu-</span> 
     </span>
     <span class='ocr_line' id='line_1_15' title="bbox 161 884 1692 939; baseline -0.001 -12"><span class='ocrx_word' id='word_1_93' title='bbox 161 888 240 928; x_wconf 85' lang='lat' dir='ltr'>bet.</span> <span class='ocrx_word' id='word_1_94' title='bbox 285 886 357 926; x_wconf 81' lang='lat' dir='ltr'>His</span> <span class='ocrx_word' id='word_1_95' title='bbox 380 886 496 926; x_wconf 91' lang='lat' dir='ltr'>rebus</span> <span class='ocrx_word' id='word_1_96' title='bbox 520 887 636 939; x_wconf 86' lang='lat' dir='ltr'>fugae</span> <span class='ocrx_word' id='word_1_97' title='bbox 658 885 824 926; x_wconf 89' lang='lat' dir='ltr'>similem</span> <span class='ocrx_word' id='word_1_98' title='bbox 847 885 1131 939; x_wconf 89' lang='lat' dir='ltr'>profectionem</span> <span class='ocrx_word' id='word_1_99' title='bbox 1155 885 1298 925; x_wconf 87' lang='lat' dir='ltr'>effecit.</span> <span class='ocrx_word' id='word_1_100' title='bbox 1352 885 1462 925; x_wconf 86' lang='lat' dir='ltr'>Haec</span> <span class='ocrx_word' id='word_1_101' title='bbox 1493 900 1645 939; x_wconf 89' lang='lat' dir='ltr'>quoque</span> <span class='ocrx_word' id='word_1_102' title='bbox 1666 884 1692 926; x_wconf 88' lang='grc'>9</span> 
     </span>
     <span class='ocr_line' id='line_1_16' title="bbox 162 953 1647 1008; baseline -0.001 -12"><span class='ocrx_word' id='word_1_103' title='bbox 162 969 231 1008; x_wconf 91' lang='lat' dir='ltr'>per</span> <span class='ocrx_word' id='word_1_104' title='bbox 251 955 525 1007; x_wconf 83' lang='lat' dir='ltr'>exploratores</span> <span class='ocrx_word' id='word_1_105' title='bbox 558 961 648 994; x_wconf 92' lang='lat' dir='ltr'>ante</span> <span class='ocrx_word' id='word_1_106' title='bbox 681 954 807 994; x_wconf 86' lang='lat' dir='ltr'>lucem</span> <span class='ocrx_word' id='word_1_107' title='bbox 839 954 878 993; x_wconf 91' lang='lat' dir='ltr'>in</span> <span class='ocrx_word' id='word_1_108' title='bbox 913 960 1021 994; x_wconf 86' lang='lat' dir='ltr'>tanta</span> <span class='ocrx_word' id='word_1_109' title='bbox 1043 953 1335 1006; x_wconf 85' lang='lat' dir='ltr'>propinquitate</span> <span class='ocrx_word' id='word_1_110' title='bbox 1359 960 1576 993; x_wconf 85' lang='lat' dir='ltr'>castrorum</span> <span class='ocrx_word' id='word_1_111' title='bbox 1598 954 1647 994; x_wconf 88' lang='lat' dir='ltr'>ad</span> 
     </span>
     <span class='ocr_line' id='line_1_17' title="bbox 162 1021 1693 1075; baseline 0 -13"><span class='ocrx_word' id='word_1_112' title='bbox 162 1023 293 1063; x_wconf 89' lang='lat' dir='ltr'>hostes</span> <span class='ocrx_word' id='word_1_113' title='bbox 317 1022 561 1062; x_wconf 88' lang='lat' dir='ltr'>deferuntur.</span> <span class='ocrx_word' id='word_1_114' title='bbox 601 1021 682 1063; x_wconf 86' lang='lat' dir='ltr'>Vix</span> <span class='ocrx_word' id='word_1_115' title='bbox 713 1035 853 1075; x_wconf 84' lang='lat' dir='ltr'>agmen</span> <span class='ocrx_word' id='word_1_116' title='bbox 876 1021 1131 1062; x_wconf 90' lang='lat' dir='ltr'>nouissimum</span> <span class='ocrx_word' id='word_1_117' title='bbox 1155 1028 1269 1061; x_wconf 83' lang='lat' dir='ltr'>extra</span> <span class='ocrx_word' id='word_1_118' title='bbox 1294 1021 1531 1061; x_wconf 89' lang='lat' dir='ltr'>munitiones</span> <span class='ocrx_word' id='word_1_119' title='bbox 1553 1036 1641 1075; x_wconf 92' lang='lat' dir='ltr'>pro·</span> <span class='ocrx_word' id='word_1_120' title='bbox 1664 1022 1693 1066; x_wconf 85' lang='grc'>8</span> 
     </span>
     <span class='ocr_line' id='line_1_18' title="bbox 163 1087 1649 1143; baseline 0 -13"><span class='ocrx_word' id='word_1_121' title='bbox 163 1096 361 1139; x_wconf 84' lang='lat' dir='ltr'>cesserat,</span> <span class='ocrx_word' id='word_1_122' title='bbox 387 1103 472 1129; x_wconf 90' lang='lat' dir='ltr'>cum</span> <span class='ocrx_word' id='word_1_123' title='bbox 496 1087 600 1129; x_wconf 90' lang='lat' dir='ltr'>Galli</span> <span class='ocrx_word' id='word_1_124' title='bbox 623 1089 819 1130; x_wconf 85' lang='lat' dir='ltr'>cohortati</span> <span class='ocrx_word' id='word_1_125' title='bbox 841 1089 944 1129; x_wconf 91' lang='lat' dir='ltr'>inter</span> <span class='ocrx_word' id='word_1_126' title='bbox 964 1102 1008 1130; x_wconf 92' lang='lat' dir='ltr'>se</span> <span class='ocrx_word' id='word_1_127' title='bbox 1024 1120 1034 1139; x_wconf 87' lang='lat'>,</span> <span class='ocrx_word' id='word_1_128' title='bbox 1069 1102 1118 1129; x_wconf 91' lang='lat' dir='ltr'>ne</span> <span class='ocrx_word' id='word_1_129' title='bbox 1150 1096 1345 1142; x_wconf 89' lang='lat' dir='ltr'>speratam</span> <span class='ocrx_word' id='word_1_130' title='bbox 1378 1090 1562 1143; x_wconf 88' lang='lat' dir='ltr'>praedam</span> <span class='ocrx_word' id='word_1_131' title='bbox 1595 1104 1649 1130; x_wconf 78' lang='lat' dir='ltr'>ex</span> 
     </span>
     <span class='ocr_line' id='line_1_19' title="bbox 163 1155 1648 1211; baseline 0.001 -15"><span class='ocrx_word' id='word_1_132' title='bbox 163 1158 343 1197; x_wconf 91' lang='lat' dir='ltr'>manibus</span> <span class='ocrx_word' id='word_1_133' title='bbox 366 1157 629 1208; x_wconf 68' lang='lat' dir='ltr'>dimitterent,</span> <span class='ocrx_word' id='word_1_134' title='bbox 664 1158 824 1210; x_wconf 89' lang='lat' dir='ltr'>longum</span> <span class='ocrx_word' id='word_1_135' title='bbox 856 1171 944 1197; x_wconf 93' lang='lat' dir='ltr'>esse</span> <span class='ocrx_word' id='word_1_136' title='bbox 968 1157 1189 1211; x_wconf 87' lang='lat' dir='ltr'>perterritis</span> <span class='ocrx_word' id='word_1_137' title='bbox 1211 1156 1405 1197; x_wconf 88' lang='lat' dir='ltr'>Romanis</span> <span class='ocrx_word' id='word_1_138' title='bbox 1428 1155 1648 1198; x_wconf 85' lang='lat' dir='ltr'>Germano-</span> 
     </span>
     <span class='ocr_line' id='line_1_20' title="bbox 164 1224 1647 1280; baseline 0.001 -16"><span class='ocrx_word' id='word_1_139' title='bbox 164 1239 248 1265; x_wconf 86' lang='lat' dir='ltr'>rum</span> <span class='ocrx_word' id='word_1_140' title='bbox 272 1226 462 1265; x_wconf 81' lang='lat' dir='ltr'>auxilium</span> <span class='ocrx_word' id='word_1_141' title='bbox 485 1233 723 1280; x_wconf 84' lang='lat' dir='ltr'>expectare,</span> <span class='ocrx_word' id='word_1_142' title='bbox 759 1239 887 1278; x_wconf 88' lang='lat' dir='ltr'>neque</span> <span class='ocrx_word' id='word_1_143' title='bbox 918 1239 1028 1265; x_wconf 91' lang='lat' dir='ltr'>suam</span> <span class='ocrx_word' id='word_1_144' title='bbox 1062 1224 1141 1278; x_wconf 85' lang='lat' dir='ltr'>pati</span> <span class='ocrx_word' id='word_1_145' title='bbox 1165 1224 1396 1279; x_wconf 88' lang='lat' dir='ltr'>dignitatem</span> <span class='ocrx_word' id='word_1_146' title='bbox 1413 1255 1423 1274; x_wconf 86' lang='lat'><strong>‚</strong></span> <span class='ocrx_word' id='word_1_147' title='bbox 1455 1232 1496 1265; x_wconf 87' lang='lat' dir='ltr'>ut</span> <span class='ocrx_word' id='word_1_148' title='bbox 1529 1227 1647 1266; x_wconf 89' lang='lat' dir='ltr'>tantis</span> 
     </span>
     <span class='ocr_line' id='line_1_21' title="bbox 167 1293 1647 1347; baseline 0.002 -15"><span class='ocrx_word' id='word_1_149' title='bbox 167 1293 288 1345; x_wconf 89' lang='lat' dir='ltr'>copiis</span> <span class='ocrx_word' id='word_1_150' title='bbox 312 1301 390 1332; x_wconf 87' lang='lat' dir='ltr'>tam</span> <span class='ocrx_word' id='word_1_151' title='bbox 412 1294 596 1346; x_wconf 81' lang='lat' dir='ltr'>exiguam</span> <span class='ocrx_word' id='word_1_152' title='bbox 620 1308 776 1334; x_wconf 89' lang='lat' dir='ltr'>manum</span> <span class='ocrx_word' id='word_1_153' title='bbox 799 1293 1032 1347; x_wconf 88' lang='lat' dir='ltr'>praesertim</span> <span class='ocrx_word' id='word_1_154' title='bbox 1056 1293 1268 1346; x_wconf 84' lang='lat' dir='ltr'>fugientem</span> <span class='ocrx_word' id='word_1_155' title='bbox 1289 1299 1404 1345; x_wconf 91' lang='lat' dir='ltr'>atque</span> <span class='ocrx_word' id='word_1_156' title='bbox 1425 1293 1647 1347; x_wconf 87' lang='lat' dir='ltr'>impeditam</span> 
     </span>
     <span class='ocr_line' id='line_1_22' title="bbox 165 1360 1649 1414; baseline 0.001 -15"><span class='ocrx_word' id='word_1_157' title='bbox 165 1360 312 1399; x_wconf 86' lang='lat' dir='ltr'>adoriri</span> <span class='ocrx_word' id='word_1_158' title='bbox 335 1374 412 1400; x_wconf 94' lang='lat' dir='ltr'>non</span> <span class='ocrx_word' id='word_1_159' title='bbox 443 1362 637 1410; x_wconf 82' lang='lat' dir='ltr'>audeant,</span> <span class='ocrx_word' id='word_1_160' title='bbox 673 1361 817 1400; x_wconf 86' lang='lat' dir='ltr'>flumen</span> <span class='ocrx_word' id='word_1_161' title='bbox 849 1360 1020 1400; x_wconf 86' lang='lat' dir='ltr'>transire</span> <span class='ocrx_word' id='word_1_162' title='bbox 1052 1367 1091 1400; x_wconf 92' lang='lat' dir='ltr'>et</span> <span class='ocrx_word' id='word_1_163' title='bbox 1121 1361 1255 1414; x_wconf 89' lang='lat' dir='ltr'>iniquo</span> <span class='ocrx_word' id='word_1_164' title='bbox 1285 1361 1372 1401; x_wconf 91' lang='lat' dir='ltr'>loco</span> <span class='ocrx_word' id='word_1_165' title='bbox 1405 1364 1649 1402; x_wconf 87' lang='lat' dir='ltr'>committere</span> 
     </span>
     <span class='ocr_line' id='line_1_23' title="bbox 168 1427 1698 1481; baseline 0.003 -15"><span class='ocrx_word' id='word_1_166' title='bbox 168 1427 356 1480; x_wconf 91' lang='lat' dir='ltr'>proelium</span> <span class='ocrx_word' id='word_1_167' title='bbox 379 1442 456 1468; x_wconf 93' lang='lat' dir='ltr'>non</span> <span class='ocrx_word' id='word_1_168' title='bbox 480 1428 672 1468; x_wconf 87' lang='lat' dir='ltr'>dubitant.</span> <span class='ocrx_word' id='word_1_169' title='bbox 723 1427 836 1481; x_wconf 82' lang='lat' dir='ltr'>Quae</span> <span class='ocrx_word' id='word_1_170' title='bbox 858 1429 942 1468; x_wconf 86' lang='lat' dir='ltr'>fore</span> <span class='ocrx_word' id='word_1_171' title='bbox 963 1427 1183 1481; x_wconf 85' lang='lat' dir='ltr'>suspicatus</span> <span class='ocrx_word' id='word_1_172' title='bbox 1205 1427 1424 1475; x_wconf 86' lang='lat' dir='ltr'>Labienus,</span> <span class='ocrx_word' id='word_1_173' title='bbox 1449 1436 1492 1469; x_wconf 93' lang='lat' dir='ltr'>ut</span> <span class='ocrx_word' id='word_1_174' title='bbox 1514 1444 1649 1470; x_wconf 91' lang='lat' dir='ltr'>omnes</span> <span class='ocrx_word' id='word_1_175' title='bbox 1670 1429 1698 1470; x_wconf 76' lang='lat'>2</span> 
     </span>
     <span class='ocr_line' id='line_1_24' title="bbox 167 1495 1650 1552; baseline 0.003 -18"><span class='ocrx_word' id='word_1_176' title='bbox 167 1496 266 1534; x_wconf 87' lang='lat' dir='ltr'>citra</span> <span class='ocrx_word' id='word_1_177' title='bbox 289 1495 431 1535; x_wconf 89' lang='lat' dir='ltr'>ssumen</span> <span class='ocrx_word' id='word_1_178' title='bbox 452 1495 636 1545; x_wconf 87' lang='lat' dir='ltr'>eliceret,</span> <span class='ocrx_word' id='word_1_179' title='bbox 669 1497 801 1536; x_wconf 86' lang='lat' dir='ltr'>eadem</span> <span class='ocrx_word' id='word_1_180' title='bbox 825 1510 920 1536; x_wconf 92' lang='lat' dir='ltr'>usus</span> <span class='ocrx_word' id='word_1_181' title='bbox 941 1496 1190 1536; x_wconf 87' lang='lat' dir='ltr'>simulatione</span> <span class='ocrx_word' id='word_1_182' title='bbox 1213 1497 1367 1537; x_wconf 90' lang='lat' dir='ltr'>itineris</span> <span class='ocrx_word' id='word_1_183' title='bbox 1391 1497 1538 1551; x_wconf 88' lang='lat' dir='ltr'>placide</span> <span class='ocrx_word' id='word_1_184' title='bbox 1560 1512 1650 1552; x_wconf 89' lang='lat' dir='ltr'>pro-</span> 
     </span>
     <span class='ocr_line' id='line_1_25' title="bbox 164 1562 1696 1619; baseline 0.004 -18"><span class='ocrx_word' id='word_1_185' title='bbox 164 1562 432 1615; x_wconf 83' lang='lat' dir='ltr'>grediebatur.</span> <span class='ocrx_word' id='word_1_186' title='bbox 486 1562 588 1603; x_wconf 89' lang='lat' dir='ltr'>Tum</span> <span class='ocrx_word' id='word_1_187' title='bbox 620 1564 850 1618; x_wconf 84' lang='lat' dir='ltr'>praemissis</span> <span class='ocrx_word' id='word_1_188' title='bbox 883 1564 1037 1617; x_wconf 84' lang='lat' dir='ltr'>paulum</span> <span class='ocrx_word' id='word_1_189' title='bbox 1068 1565 1357 1618; x_wconf 90' lang='lat' dir='ltr'>impedimentis</span> <span class='ocrx_word' id='word_1_190' title='bbox 1389 1573 1505 1619; x_wconf 88' lang='lat' dir='ltr'>atque</span> <span class='ocrx_word' id='word_1_191' title='bbox 1527 1566 1567 1606; x_wconf 91' lang='lat' dir='ltr'>in</span> <span class='ocrx_word' id='word_1_192' title='bbox 1590 1574 1650 1607; x_wconf 93' lang='lat' dir='ltr'>tu-</span> <span class='ocrx_word' id='word_1_193' title='bbox 1672 1566 1696 1606; x_wconf 85' lang='lat'><strong>3</strong></span> 
     </span>
     <span class='ocr_line' id='line_1_26' title="bbox 166 1629 1649 1687; baseline 0.005 -19"><span class='ocrx_word' id='word_1_194' title='bbox 166 1629 270 1668; x_wconf 89' lang='lat' dir='ltr'>mulo</span> <span class='ocrx_word' id='word_1_195' title='bbox 293 1631 457 1682; x_wconf 88' lang='lat' dir='ltr'>quodam</span> <span class='ocrx_word' id='word_1_196' title='bbox 481 1631 682 1671; x_wconf 88' lang='lat' dir='ltr'>collocatis</span> <span class='ocrx_word' id='word_1_197' title='bbox 708 1638 718 1654; x_wconf 77' lang='lat'><strong><em>⁶</em></strong></span> <span class='ocrx_word' id='word_1_198' title='bbox 735 1632 925 1680; x_wconf 89' lang='lat' dir='ltr'>habetis&#39;,</span> <span class='ocrx_word' id='word_1_199' title='bbox 950 1632 1098 1684; x_wconf 91' lang='lat' dir='ltr'>inquit,</span> <span class='ocrx_word' id='word_1_200' title='bbox 1127 1633 1317 1683; x_wconf 84' lang='lat' dir='ltr'>‘milites‚</span> <span class='ocrx_word' id='word_1_201' title='bbox 1342 1646 1453 1687; x_wconf 86' lang='lat' dir='ltr'>quam</span> <span class='ocrx_word' id='word_1_202' title='bbox 1477 1635 1649 1687; x_wconf 88' lang='lat' dir='ltr'>petistis,</span> 
     </span>
     <span class='ocr_line' id='line_1_27' title="bbox 168 1697 1699 1755; baseline 0.005 -19"><span class='ocrx_word' id='word_1_203' title='bbox 168 1697 414 1738; x_wconf 89' lang='lat' dir='ltr'>facultatem:</span> <span class='ocrx_word' id='word_1_204' title='bbox 452 1698 601 1738; x_wconf 87' lang='lat' dir='ltr'>hostem</span> <span class='ocrx_word' id='word_1_205' title='bbox 633 1700 820 1754; x_wconf 88' lang='lat' dir='ltr'>impedito</span> <span class='ocrx_word' id='word_1_206' title='bbox 843 1706 960 1753; x_wconf 89' lang='lat' dir='ltr'>atque</span> <span class='ocrx_word' id='word_1_207' title='bbox 981 1699 1115 1752; x_wconf 91' lang='lat' dir='ltr'>iniquo</span> <span class='ocrx_word' id='word_1_208' title='bbox 1138 1701 1224 1740; x_wconf 92' lang='lat' dir='ltr'>loco</span> <span class='ocrx_word' id='word_1_209' title='bbox 1246 1701 1417 1741; x_wconf 88' lang='lat' dir='ltr'>tenetis:</span> <span class='ocrx_word' id='word_1_210' title='bbox 1453 1710 1652 1755; x_wconf 88' lang='lat' dir='ltr'>praestate</span> <span class='ocrx_word' id='word_1_211' title='bbox 1673 1703 1699 1743; x_wconf 87' lang='grc'>4</span> 
     </span>
     <span class='ocr_line' id='line_1_28' title="bbox 168 1765 1652 1823; baseline 0.005 -19"><span class='ocrx_word' id='word_1_212' title='bbox 168 1765 328 1805; x_wconf 90' lang='lat' dir='ltr'>eandem</span> <span class='ocrx_word' id='word_1_213' title='bbox 364 1765 476 1806; x_wconf 91' lang='lat' dir='ltr'>nobis</span> <span class='ocrx_word' id='word_1_214' title='bbox 509 1766 669 1807; x_wconf 91' lang='lat' dir='ltr'>ducibus</span> <span class='ocrx_word' id='word_1_215' title='bbox 701 1767 912 1818; x_wconf 90' lang='lat' dir='ltr'>uirtutem,</span> <span class='ocrx_word' id='word_1_216' title='bbox 955 1783 1068 1822; x_wconf 90' lang='lat' dir='ltr'>quam</span> <span class='ocrx_word' id='word_1_217' title='bbox 1109 1782 1393 1822; x_wconf 86' lang='lat' dir='ltr'>saepenumero</span> <span class='ocrx_word' id='word_1_218' title='bbox 1424 1769 1652 1823; x_wconf 86' lang='lat' dir='ltr'>imperatori</span> 
     </span>
     <span class='ocr_line' id='line_1_29' title="bbox 168 1833 1650 1887; baseline 0.004 -15"><span class='ocrx_word' id='word_1_219' title='bbox 168 1833 435 1886; x_wconf 89' lang='lat' dir='ltr'>praestitistis,</span> <span class='ocrx_word' id='word_1_220' title='bbox 460 1842 577 1887; x_wconf 86' lang='lat' dir='ltr'>atque</span> <span class='ocrx_word' id='word_1_221' title='bbox 599 1834 706 1875; x_wconf 92' lang='lat' dir='ltr'>illum</span> <span class='ocrx_word' id='word_1_222' title='bbox 730 1836 869 1876; x_wconf 87' lang='lat' dir='ltr'>adesse</span> <span class='ocrx_word' id='word_1_223' title='bbox 892 1843 932 1877; x_wconf 93' lang='lat' dir='ltr'>et</span> <span class='ocrx_word' id='word_1_224' title='bbox 953 1837 1049 1877; x_wconf 86' lang='lat' dir='ltr'>haec</span> <span class='ocrx_word' id='word_1_225' title='bbox 1071 1851 1202 1877; x_wconf 90' lang='lat' dir='ltr'>coram</span> <span class='ocrx_word' id='word_1_226' title='bbox 1217 1851 1382 1877; x_wconf 90' lang='lat' dir='ltr'>cernere</span> <span class='ocrx_word' id='word_1_227' title='bbox 1396 1837 1650 1878; x_wconf 80' lang='lat' dir='ltr'>existimate&#39;.</span> 
     </span>
     <span class='ocr_line' id='line_1_30' title="bbox 168 1898 1698 1959; baseline 0.005 -20"><span class='ocrx_word' id='word_1_228' title='bbox 168 1898 295 1940; x_wconf 92' lang='lat' dir='ltr'>Simul</span> <span class='ocrx_word' id='word_1_229' title='bbox 316 1902 428 1955; x_wconf 87' lang='lat' dir='ltr'>signa</span> <span class='ocrx_word' id='word_1_230' title='bbox 459 1902 505 1941; x_wconf 90' lang='lat' dir='ltr'>ad</span> <span class='ocrx_word' id='word_1_231' title='bbox 540 1902 691 1943; x_wconf 85' lang='lat' dir='ltr'>hostem</span> <span class='ocrx_word' id='word_1_232' title='bbox 724 1905 900 1944; x_wconf 90' lang='lat' dir='ltr'>conuerti</span> <span class='ocrx_word' id='word_1_233' title='bbox 930 1905 1131 1958; x_wconf 88' lang='lat' dir='ltr'>aciemque</span> <span class='ocrx_word' id='word_1_234' title='bbox 1165 1905 1279 1959; x_wconf 87' lang='lat' dir='ltr'>dirigi</span> <span class='ocrx_word' id='word_1_235' title='bbox 1312 1905 1421 1946; x_wconf 91' lang='lat' dir='ltr'>iubet</span> <span class='ocrx_word' id='word_1_236' title='bbox 1450 1912 1488 1945; x_wconf 92' lang='lat' dir='ltr'>et</span> <span class='ocrx_word' id='word_1_237' title='bbox 1518 1907 1651 1958; x_wconf 88' lang='lat' dir='ltr'>paucis</span> <span class='ocrx_word' id='word_1_238' title='bbox 1674 1906 1698 1947; x_wconf 83' lang='lat'>5</span> 
     </span>
     <span class='ocr_line' id='line_1_31' title="bbox 172 1968 1655 2028; baseline 0.005 -21"><span class='ocrx_word' id='word_1_239' title='bbox 172 1968 308 2008; x_wconf 91' lang='lat' dir='ltr'>turmis</span> <span class='ocrx_word' id='word_1_240' title='bbox 331 1970 523 2022; x_wconf 87' lang='lat' dir='ltr'>praesidio</span> <span class='ocrx_word' id='word_1_241' title='bbox 546 1970 592 2010; x_wconf 90' lang='lat' dir='ltr'>ad</span> <span class='ocrx_word' id='word_1_242' title='bbox 615 1971 891 2025; x_wconf 87' lang='lat' dir='ltr'>impedimenta</span> <span class='ocrx_word' id='word_1_243' title='bbox 913 1973 1082 2013; x_wconf 91' lang='lat' dir='ltr'>dimissis</span> <span class='ocrx_word' id='word_1_244' title='bbox 1104 1973 1277 2026; x_wconf 87' lang='lat' dir='ltr'>reliquos</span> <span class='ocrx_word' id='word_1_245' title='bbox 1300 1974 1452 2028; x_wconf 84' lang='lat' dir='ltr'>equites</span> <span class='ocrx_word' id='word_1_246' title='bbox 1467 1975 1513 2014; x_wconf 88' lang='lat' dir='ltr'>ad</span> <span class='ocrx_word' id='word_1_247' title='bbox 1530 1975 1655 2015; x_wconf 90' lang='lat' dir='ltr'>latera</span> 
     </span>
     <span class='ocr_line' id='line_1_32' title="bbox 171 2034 1703 2095; baseline 0.005 -20"><span class='ocrx_word' id='word_1_248' title='bbox 171 2036 353 2089; x_wconf 87' lang='lat' dir='ltr'>disponit.</span> <span class='ocrx_word' id='word_1_249' title='bbox 389 2034 586 2078; x_wconf 87' lang='lat' dir='ltr'>Celeriter</span> <span class='ocrx_word' id='word_1_250' title='bbox 607 2040 729 2080; x_wconf 88' lang='lat' dir='ltr'>nostri</span> <span class='ocrx_word' id='word_1_251' title='bbox 743 2040 914 2081; x_wconf 89' lang='lat' dir='ltr'>clamore</span> <span class='ocrx_word' id='word_1_252' title='bbox 937 2042 1091 2082; x_wconf 90' lang='lat' dir='ltr'>sublato</span> <span class='ocrx_word' id='word_1_253' title='bbox 1114 2042 1190 2095; x_wconf 85' lang='lat' dir='ltr'>pila</span> <span class='ocrx_word' id='word_1_254' title='bbox 1211 2042 1251 2081; x_wconf 94' lang='lat' dir='ltr'>in</span> <span class='ocrx_word' id='word_1_255' title='bbox 1266 2041 1401 2082; x_wconf 89' lang='lat' dir='ltr'>hostes</span> <span class='ocrx_word' id='word_1_256' title='bbox 1423 2042 1651 2083; x_wconf 90' lang='lat' dir='ltr'>immittunt.</span> <span class='ocrx_word' id='word_1_257' title='bbox 1677 2043 1703 2084; x_wconf 89' lang='grc'><strong>6</strong></span> 
     </span>
     <span class='ocr_line' id='line_1_33' title="bbox 171 2101 1654 2163; baseline 0.006 -21"><span class='ocrx_word' id='word_1_258' title='bbox 171 2101 256 2154; x_wconf 87' lang='lat' dir='ltr'>Illi,</span> <span class='ocrx_word' id='word_1_259' title='bbox 284 2105 346 2144; x_wconf 93' lang='lat' dir='ltr'>ubi</span> <span class='ocrx_word' id='word_1_260' title='bbox 369 2113 529 2158; x_wconf 89' lang='lat' dir='ltr'>praeter</span> <span class='ocrx_word' id='word_1_261' title='bbox 549 2120 655 2161; x_wconf 90' lang='lat' dir='ltr'>spem</span> <span class='ocrx_word' id='word_1_262' title='bbox 679 2122 774 2161; x_wconf 92' lang='lat' dir='ltr'>quos</span> <span class='ocrx_word' id='word_1_263' title='bbox 806 2110 943 2163; x_wconf 84' lang='lat' dir='ltr'>fugere</span> <span class='ocrx_word' id='word_1_264' title='bbox 975 2110 1188 2150; x_wconf 85' lang='lat' dir='ltr'>eredebant</span> <span class='ocrx_word' id='word_1_265' title='bbox 1217 2110 1373 2150; x_wconf 90' lang='lat' dir='ltr'>infestis</span> <span class='ocrx_word' id='word_1_266' title='bbox 1397 2110 1519 2163; x_wconf 85' lang='lat' dir='ltr'>signis</span> <span class='ocrx_word' id='word_1_267' title='bbox 1542 2112 1589 2151; x_wconf 89' lang='lat' dir='ltr'>ad</span> <span class='ocrx_word' id='word_1_268' title='bbox 1611 2125 1654 2152; x_wconf 92' lang='lat' dir='ltr'>se</span> 
     </span>
     <span class='ocr_line' id='line_1_34' title="bbox 169 2171 1655 2232; baseline 0.006 -21"><span class='ocrx_word' id='word_1_269' title='bbox 169 2171 227 2211; x_wconf 90' lang='lat' dir='ltr'>ire</span> <span class='ocrx_word' id='word_1_270' title='bbox 249 2172 445 2223; x_wconf 88' lang='lat' dir='ltr'>uiderunt,</span> <span class='ocrx_word' id='word_1_271' title='bbox 469 2174 652 2228; x_wconf 90' lang='lat' dir='ltr'>impetum</span> <span class='ocrx_word' id='word_1_272' title='bbox 668 2178 781 2217; x_wconf 91' lang='lat' dir='ltr'>modo</span> <span class='ocrx_word' id='word_1_273' title='bbox 804 2178 907 2218; x_wconf 89' lang='lat' dir='ltr'>ferre</span> <span class='ocrx_word' id='word_1_274' title='bbox 921 2193 998 2218; x_wconf 93' lang='lat' dir='ltr'>non</span> <span class='ocrx_word' id='word_1_275' title='bbox 1022 2185 1234 2232; x_wconf 87' lang='lat' dir='ltr'>potuerunt</span> <span class='ocrx_word' id='word_1_276' title='bbox 1254 2192 1299 2218; x_wconf 89' lang='lat' dir='ltr'>ac</span> <span class='ocrx_word' id='word_1_277' title='bbox 1321 2178 1445 2232; x_wconf 89' lang='lat' dir='ltr'>primo</span> <span class='ocrx_word' id='word_1_278' title='bbox 1461 2193 1655 2220; x_wconf 89' lang='lat' dir='ltr'>concursu</span> 
     </span>
    </p>
   </div>
   <div class='ocr_carea' id='block_1_7' title="bbox 97 2239 1702 2301">
    <p class='ocr_par' dir='ltr' id='par_1_7' title="bbox 97 2239 1702 2301">
     <span class='ocr_line' id='line_1_35' title="bbox 97 2239 1702 2301; baseline 0.007 -24"><span class='ocrx_word' id='word_1_279' title='bbox 97 2245 137 2277; x_wconf 83' lang='lat'>30</span> <span class='ocrx_word' id='word_1_280' title='bbox 169 2239 208 2279; x_wconf 91' lang='lat' dir='ltr'>in</span> <span class='ocrx_word' id='word_1_281' title='bbox 232 2240 361 2294; x_wconf 87' lang='lat' dir='ltr'>fugam</span> <span class='ocrx_word' id='word_1_282' title='bbox 384 2242 553 2283; x_wconf 89' lang='lat' dir='ltr'>coniecti</span> <span class='ocrx_word' id='word_1_283' title='bbox 576 2258 791 2297; x_wconf 81' lang='lat' dir='ltr'>proxumas</span> <span class='ocrx_word' id='word_1_284' title='bbox 813 2246 934 2286; x_wconf 89' lang='lat' dir='ltr'>siluas</span> <span class='ocrx_word' id='word_1_285' title='bbox 957 2247 1169 2300; x_wconf 88' lang='lat' dir='ltr'>petierunt.</span> <span class='ocrx_word' id='word_1_286' title='bbox 1207 2244 1318 2299; x_wconf 83' lang='lat' dir='ltr'>Quos</span> <span class='ocrx_word' id='word_1_287' title='bbox 1329 2244 1531 2287; x_wconf 90' lang='lat' dir='ltr'>Labienus</span> <span class='ocrx_word' id='word_1_288' title='bbox 1547 2248 1655 2301; x_wconf 91' lang='lat' dir='ltr'>equi-</span> <span class='ocrx_word' id='word_1_289' title='bbox 1677 2247 1702 2288; x_wconf 93' lang='lat'>7</span> 
     </span>
    </p>
   </div>
   <div class='ocr_carea' id='block_1_8' title="bbox 172 2345 1656 2853">
    <p class='ocr_par' dir='ltr' id='par_1_8' title="bbox 172 2345 1656 2853">
     <span class='ocr_line' id='line_1_36' title="bbox 315 2345 1656 2392; baseline 0.006 -17"><span class='ocrx_word' id='word_1_290' title='bbox 315 2345 328 2376; x_wconf 91' lang='lat'>1</span> <span class='ocrx_word' id='word_1_291' title='bbox 352 2346 502 2387; x_wconf 89' lang='lat' dir='ltr'>quotidie</span> <span class='ocrx_word' id='word_1_292' title='bbox 522 2348 596 2387; x_wconf 86' lang='lat' dir='ltr'><em>(B).</em></span> <span class='ocrx_word' id='word_1_293' title='bbox 704 2350 725 2382; x_wconf 88' lang='grc'>2</span> <span class='ocrx_word' id='word_1_294' title='bbox 743 2350 889 2381; x_wconf 89' lang='lat' dir='ltr'>concilio</span> <span class='ocrx_word' id='word_1_295' title='bbox 907 2350 1033 2390; x_wconf 78' lang='lat' dir='ltr'>Aldus,</span> <span class='ocrx_word' id='word_1_296' title='bbox 1056 2350 1199 2382; x_wconf 86' lang='lat' dir='ltr'>consilio</span> <span class='ocrx_word' id='word_1_297' title='bbox 1218 2350 1279 2392; x_wconf 87' lang='lat' dir='ltr'>(B)</span> <span class='ocrx_word' id='word_1_298' title='bbox 1300 2360 1316 2381; x_wconf 87' lang='lat' dir='ltr'>e</span> <span class='ocrx_word' id='word_1_299' title='bbox 1337 2351 1434 2382; x_wconf 77' lang='lat' dir='ltr'>‘mss.</span> <span class='ocrx_word' id='word_1_300' title='bbox 1455 2353 1527 2382; x_wconf 76' lang='lat' dir='ltr'>mei</span> <span class='ocrx_word' id='word_1_301' title='bbox 1545 2352 1598 2392; x_wconf 82' lang='lat'>14,</span> <span class='ocrx_word' id='word_1_302' title='bbox 1619 2354 1656 2383; x_wconf 80' lang='lat' dir='ltr'>in</span> 
     </span>
     <span class='ocr_line' id='line_1_37' title="bbox 172 2395 1511 2443; baseline 0.007 -18"><span class='ocrx_word' id='word_1_303' title='bbox 172 2395 299 2435; x_wconf 78' lang='lat' dir='ltr'>quibus</span> <span class='ocrx_word' id='word_1_304' title='bbox 317 2399 448 2437; x_wconf 78' lang='lat' dir='ltr'>optimi</span> <span class='ocrx_word' id='word_1_305' title='bbox 464 2399 619 2441; x_wconf 82' lang='lat' dir='ltr'>quz&#39;que&#39;.</span> <span class='ocrx_word' id='word_1_306' title='bbox 763 2401 1037 2443; x_wconf 84' lang='lat' dir='ltr'>adpropinquare</span> <span class='ocrx_word' id='word_1_307' title='bbox 1057 2402 1100 2433; x_wconf 89' lang='lat' dir='ltr'>B.</span> <span class='ocrx_word' id='word_1_308' title='bbox 1256 2401 1461 2434; x_wconf 87' lang='lat' dir='ltr'>dicebantur</span> <span class='ocrx_word' id='word_1_309' title='bbox 1480 2403 1511 2435; x_wconf 86' lang='lat' dir='ltr'>b.</span> 
     </span>
     <span class='ocr_line' id='line_1_38' title="bbox 173 2446 1655 2496; baseline 0.007 -20"><span class='ocrx_word' id='word_1_310' title='bbox 173 2447 191 2477; x_wconf 81' lang='lat'>4</span> <span class='ocrx_word' id='word_1_311' title='bbox 208 2446 313 2486; x_wconf 89' lang='lat' dir='ltr'>prima</span> <span class='ocrx_word' id='word_1_312' title='bbox 332 2447 406 2479; x_wconf 88' lang='lat' dir='ltr'>luce</span> <span class='ocrx_word' id='word_1_313' title='bbox 424 2459 493 2480; x_wconf 87' lang='lat' dir='ltr'>om.</span> <span class='ocrx_word' id='word_1_314' title='bbox 516 2451 547 2481; x_wconf 82' lang='lat' dir='ltr'>b.</span> <span class='ocrx_word' id='word_1_315' title='bbox 705 2451 936 2494; x_wconf 83' lang='lat' dir='ltr'>celeriterque</span> <span class='ocrx_word' id='word_1_316' title='bbox 956 2453 1041 2484; x_wconf 87' lang='lat' dir='ltr'>haec</span> <span class='ocrx_word' id='word_1_317' title='bbox 1063 2452 1104 2484; x_wconf 81' lang='lat' dir='ltr'>C.</span> <span class='ocrx_word' id='word_1_318' title='bbox 1263 2454 1280 2484; x_wconf 93' lang='lat'><strong>5</strong></span> <span class='ocrx_word' id='word_1_319' title='bbox 1302 2454 1453 2496; x_wconf 89' lang='lat' dir='ltr'>equitum</span> <span class='ocrx_word' id='word_1_320' title='bbox 1472 2454 1502 2485; x_wconf 92' lang='lat' dir='ltr'><em>B</em></span> <span class='ocrx_word' id='word_1_321' title='bbox 1521 2458 1555 2485; x_wconf 84' lang='lat' dir='ltr'>et</span> <span class='ocrx_word' id='word_1_322' title='bbox 1571 2455 1655 2486; x_wconf 69' lang='lat' dir='ltr'>reli-</span> 
     </span>
     <span class='ocr_line' id='line_1_39' title="bbox 174 2498 1655 2544; baseline 0.007 -18"><span class='ocrx_word' id='word_1_323' title='bbox 174 2498 246 2535; x_wconf 78' lang='lat' dir='ltr'>qui,</span> <span class='ocrx_word' id='word_1_324' title='bbox 269 2498 440 2538; x_wconf 88' lang='lat' dir='ltr'>equitatus</span> <span class='ocrx_word' id='word_1_325' title='bbox 460 2501 506 2531; x_wconf 79' lang='lat' dir='ltr'>bc</span> <span class='ocrx_word' id='word_1_326' title='bbox 520 2512 548 2533; x_wconf 83' lang='lat' dir='ltr'>e.</span> <span class='ocrx_word' id='word_1_327' title='bbox 688 2503 870 2534; x_wconf 89' lang='lat' dir='ltr'>nonnullos</span> <span class='ocrx_word' id='word_1_328' title='bbox 891 2502 1035 2535; x_wconf 87' lang='lat' dir='ltr'>Gallicis</span> <span class='ocrx_word' id='word_1_329' title='bbox 1057 2504 1151 2544; x_wconf 74' lang='lat' dir='ltr'>boe,</span> <span class='ocrx_word' id='word_1_330' title='bbox 1174 2505 1355 2536; x_wconf 89' lang='lat' dir='ltr'>nonnullos</span> <span class='ocrx_word' id='word_1_331' title='bbox 1375 2504 1492 2537; x_wconf 86' lang='lat' dir='ltr'>Gallos</span> <span class='ocrx_word' id='word_1_332' title='bbox 1512 2505 1655 2538; x_wconf 86' lang='lat' dir='ltr'>Gallicis</span> 
     </span>
     <span class='ocr_line' id='line_1_40' title="bbox 177 2546 1510 2596; baseline 0.009 -20"><span class='ocrx_word' id='word_1_333' title='bbox 177 2546 203 2576; x_wconf 86' lang='lat' dir='ltr'><em>B</em></span> <span class='ocrx_word' id='word_1_334' title='bbox 221 2550 255 2578; x_wconf 84' lang='lat' dir='ltr'>et</span> <span class='ocrx_word' id='word_1_335' title='bbox 271 2549 416 2590; x_wconf 75' lang='lat' dir='ltr'>reliqui.</span> <span class='ocrx_word' id='word_1_336' title='bbox 578 2553 596 2585; x_wconf 90' lang='lat'><strong>7</strong></span> <span class='ocrx_word' id='word_1_337' title='bbox 616 2554 814 2585; x_wconf 86' lang='lat' dir='ltr'>conuocatis</span> <span class='ocrx_word' id='word_1_338' title='bbox 831 2554 862 2585; x_wconf 89' lang='lat' dir='ltr'><em>B</em></span> <span class='ocrx_word' id='word_1_339' title='bbox 879 2558 915 2585; x_wconf 79' lang='lat' dir='ltr'>et</span> <span class='ocrx_word' id='word_1_340' title='bbox 931 2555 1073 2596; x_wconf 73' lang='lat' dir='ltr'>rellqui,</span> <span class='ocrx_word' id='word_1_341' title='bbox 1096 2555 1224 2587; x_wconf 86' lang='lat' dir='ltr'>coactis</span> <span class='ocrx_word' id='word_1_342' title='bbox 1243 2566 1259 2586; x_wconf 82' lang='lat' dir='ltr'>e</span> <span class='ocrx_word' id='word_1_343' title='bbox 1277 2556 1372 2588; x_wconf 83' lang='lat' dir='ltr'>And.</span> <span class='ocrx_word' id='word_1_344' title='bbox 1395 2556 1510 2588; x_wconf 74' lang='lat' dir='ltr'>Ooeon.</span> 
     </span>
     <span class='ocr_line' id='line_1_41' title="bbox 175 2598 1656 2649; baseline 0.007 -20"><span class='ocrx_word' id='word_1_345' title='bbox 175 2598 195 2629; x_wconf 84' lang='lat'><em>8</em></span> <span class='ocrx_word' id='word_1_346' title='bbox 213 2603 459 2641; x_wconf 81' lang='lat' dir='ltr'>suspectionem</span> <span class='ocrx_word' id='word_1_347' title='bbox 477 2604 521 2635; x_wconf 90' lang='lat' dir='ltr'>A.</span> <span class='ocrx_word' id='word_1_348' title='bbox 639 2611 672 2637; x_wconf 90' lang='lat' dir='ltr'>et</span> <span class='ocrx_word' id='word_1_349' title='bbox 691 2605 851 2648; x_wconf 87' lang='lat' dir='ltr'>tumultu]</span> <span class='ocrx_word' id='word_1_350' title='bbox 872 2607 976 2638; x_wconf 89' lang='lat' dir='ltr'>multo</span> <span class='ocrx_word' id='word_1_351' title='bbox 994 2607 1041 2638; x_wconf 90' lang='lat' dir='ltr'>D.</span> <span class='ocrx_word' id='word_1_352' title='bbox 1169 2607 1208 2639; x_wconf 86' lang='lat'>10</span> <span class='ocrx_word' id='word_1_353' title='bbox 1228 2607 1343 2640; x_wconf 81' lang='lat' dir='ltr'>effecit</span> <span class='ocrx_word' id='word_1_354' title='bbox 1359 2609 1390 2640; x_wconf 88' lang='lat' dir='ltr'><em>B</em></span> <span class='ocrx_word' id='word_1_355' title='bbox 1409 2609 1506 2641; x_wconf 53' lang='lat' dir='ltr'>‘msam</span> <span class='ocrx_word' id='word_1_356' title='bbox 1525 2609 1570 2649; x_wconf 74' lang='lat'>8⁹,</span> <span class='ocrx_word' id='word_1_357' title='bbox 1591 2609 1656 2640; x_wconf 84' lang='lat' dir='ltr'>effi-</span> 
     </span>
     <span class='ocr_line' id='line_1_42' title="bbox 178 2652 1654 2701; baseline 0.007 -20"><span class='ocrx_word' id='word_1_358' title='bbox 178 2652 275 2683; x_wconf 84' lang='lat' dir='ltr'>citu.</span> <span class='ocrx_word' id='word_1_359' title='bbox 399 2655 436 2687; x_wconf 80' lang='lat'>13</span> <span class='ocrx_word' id='word_1_360' title='bbox 456 2656 546 2687; x_wconf 85' lang='lat' dir='ltr'>intra</span> <span class='ocrx_word' id='word_1_361' title='bbox 565 2667 601 2688; x_wconf 92' lang='lat' dir='ltr'>se</span> <span class='ocrx_word' id='word_1_362' title='bbox 622 2657 661 2690; x_wconf 90' lang='lat' dir='ltr'>C.</span> <span class='ocrx_word' id='word_1_363' title='bbox 794 2659 833 2691; x_wconf 86' lang='lat'>15</span> <span class='ocrx_word' id='word_1_364' title='bbox 853 2660 982 2690; x_wconf 80' lang='lat' dir='ltr'>auxilio</span> <span class='ocrx_word' id='word_1_365' title='bbox 1001 2663 1036 2690; x_wconf 85' lang='lat' dir='ltr'>et</span> <span class='ocrx_word' id='word_1_366' title='bbox 1053 2661 1087 2689; x_wconf 78' lang='lat' dir='ltr'>in</span> <span class='ocrx_word' id='word_1_367' title='bbox 1105 2668 1222 2699; x_wconf 76' lang='lat' dir='ltr'>marg.</span> <span class='ocrx_word' id='word_1_368' title='bbox 1244 2660 1374 2691; x_wconf 86' lang='lat' dir='ltr'>auxilia</span> <span class='ocrx_word' id='word_1_369' title='bbox 1394 2661 1436 2692; x_wconf 84' lang='lat' dir='ltr'>A.</span> <span class='ocrx_word' id='word_1_370' title='bbox 1555 2671 1654 2701; x_wconf 76' lang='lat' dir='ltr'>expe-</span> 
     </span>
     <span class='ocr_line' id='line_1_43' title="bbox 178 2703 1511 2751; baseline 0.008 -20"><span class='ocrx_word' id='word_1_371' title='bbox 178 2706 270 2733; x_wconf 80' lang='lat' dir='ltr'>ctare</span> <span class='ocrx_word' id='word_1_372' title='bbox 288 2703 329 2733; x_wconf 90' lang='lat' dir='ltr'>B.</span> <span class='ocrx_word' id='word_1_373' title='bbox 523 2707 562 2738; x_wconf 84' lang='lat'>17</span> <span class='ocrx_word' id='word_1_374' title='bbox 581 2709 791 2740; x_wconf 85' lang='lat' dir='ltr'>committere</span> <span class='ocrx_word' id='word_1_375' title='bbox 812 2710 977 2751; x_wconf 89' lang='lat' dir='ltr'>proelium</span> <span class='ocrx_word' id='word_1_376' title='bbox 996 2710 1038 2749; x_wconf 83' lang='lat' dir='ltr'>B,</span> <span class='ocrx_word' id='word_1_377' title='bbox 1061 2709 1226 2751; x_wconf 84' lang='lat' dir='ltr'>proelium</span> <span class='ocrx_word' id='word_1_378' title='bbox 1245 2711 1456 2742; x_wconf 84' lang='lat' dir='ltr'>committere</span> <span class='ocrx_word' id='word_1_379' title='bbox 1477 2722 1511 2742; x_wconf 78' lang='lat' dir='ltr'>u.</span> 
     </span>
     <span class='ocr_line' id='line_1_44' title="bbox 182 2752 1655 2802; baseline 0.008 -20"><span class='ocrx_word' id='word_1_380' title='bbox 182 2752 220 2783; x_wconf 72' lang='lat'>19</span> <span class='ocrx_word' id='word_1_381' title='bbox 241 2753 341 2795; x_wconf 83' lang='lat' dir='ltr'>citra]</span> <span class='ocrx_word' id='word_1_382' title='bbox 362 2760 458 2787; x_wconf 76' lang='lat' dir='ltr'>extra</span> <span class='ocrx_word' id='word_1_383' title='bbox 478 2756 514 2788; x_wconf 89' lang='lat' dir='ltr'>C.</span> <span class='ocrx_word' id='word_1_384' title='bbox 686 2760 729 2793; x_wconf 91' lang='grc'>22</span> <span class='ocrx_word' id='word_1_385' title='bbox 746 2760 779 2791; x_wconf 83' lang='grc' dir='ltr'>ἰι]</span> <span class='ocrx_word' id='word_1_386' title='bbox 798 2760 959 2802; x_wconf 88' lang='lat' dir='ltr'>impedito</span> <span class='ocrx_word' id='word_1_387' title='bbox 978 2761 1024 2792; x_wconf 91' lang='lat' dir='ltr'>D.</span> <span class='ocrx_word' id='word_1_388' title='bbox 1188 2762 1231 2794; x_wconf 86' lang='grc'>24</span> <span class='ocrx_word' id='word_1_389' title='bbox 1251 2765 1352 2802; x_wconf 85' lang='lat' dir='ltr'>atque</span> <span class='ocrx_word' id='word_1_390' title='bbox 1371 2762 1465 2793; x_wconf 87' lang='lat' dir='ltr'>illum</span> <span class='ocrx_word' id='word_1_391' title='bbox 1485 2763 1605 2794; x_wconf 84' lang='lat' dir='ltr'>adesse</span> <span class='ocrx_word' id='word_1_392' title='bbox 1625 2764 1655 2795; x_wconf 89' lang='lat' dir='ltr'><em>B</em></span> 
     </span>
     <span class='ocr_line' id='line_1_45' title="bbox 186 2803 1652 2853; baseline 0.01 -22"><span class='ocrx_word' id='word_1_393' title='bbox 186 2803 360 2843; x_wconf 71' lang='lat' dir='ltr'>*relz&#39;q111&#39;’,</span> <span class='ocrx_word' id='word_1_394' title='bbox 383 2805 503 2838; x_wconf 88' lang='lat' dir='ltr'>adesse</span> <span class='ocrx_word' id='word_1_395' title='bbox 524 2817 596 2839; x_wconf 90' lang='lat' dir='ltr'>eum</span> <span class='ocrx_word' id='word_1_396' title='bbox 617 2809 675 2840; x_wconf 80' lang='lat' dir='ltr'>be.</span> <span class='ocrx_word' id='word_1_397' title='bbox 869 2812 911 2844; x_wconf 77' lang='lat'>29</span> <span class='ocrx_word' id='word_1_398' title='bbox 931 2812 1049 2842; x_wconf 89' lang='lat' dir='ltr'>uidere</span> <span class='ocrx_word' id='word_1_399' title='bbox 1071 2812 1101 2842; x_wconf 86' lang='lat' dir='ltr'>b.</span> <span class='ocrx_word' id='word_1_400' title='bbox 1305 2812 1347 2843; x_wconf 85' lang='lat'>30</span> <span class='ocrx_word' id='word_1_401' title='bbox 1365 2823 1548 2853; x_wconf 85' lang='lat' dir='ltr'>proxumas</span> <span class='ocrx_word' id='word_1_402' title='bbox 1569 2814 1652 2846; x_wconf 76' lang='lat' dir='ltr'><strong><em>Al).</em></strong></span> 
     </span>
    </p>
   </div>
   <div class='ocr_carea' id='block_1_9' title="bbox 218 2855 1457 2957">
    <p class='ocr_par' dir='ltr' id='par_1_9' title="bbox 218 2855 1457 2957">
     <span class='ocr_line' id='line_1_46' title="bbox 323 2855 1131 2904; baseline 0.01 -19"><span class='ocrx_word' id='word_1_403' title='bbox 323 2855 494 2896; x_wconf 85' lang='lat' dir='ltr'>petierunt</span> <span class='ocrx_word' id='word_1_404' title='bbox 510 2859 542 2889; x_wconf 89' lang='lat' dir='ltr'><em>A</em></span> <span class='ocrx_word' id='word_1_405' title='bbox 556 2859 572 2890; x_wconf 82' lang='lat' dir='ltr'>b</span> <span class='ocrx_word' id='word_1_406' title='bbox 586 2870 603 2890; x_wconf 79' lang='lat' dir='ltr'>c</span> <span class='ocrx_word' id='word_1_407' title='bbox 615 2870 650 2899; x_wconf 74' lang='lat' dir='ltr'>e,</span> <span class='ocrx_word' id='word_1_408' title='bbox 673 2862 869 2902; x_wconf 85' lang='lat' dir='ltr'>petiuerunt</span> <span class='ocrx_word' id='word_1_409' title='bbox 888 2862 917 2893; x_wconf 92' lang='lat' dir='ltr'><em>B</em></span> <span class='ocrx_word' id='word_1_410' title='bbox 934 2867 967 2895; x_wconf 79' lang='lat' dir='ltr'>et</span> <span class='ocrx_word' id='word_1_411' title='bbox 984 2864 1131 2904; x_wconf 76' lang='lat' dir='ltr'>reliqui.</span> 
     </span>
     <span class='ocr_line' id='line_1_47' title="bbox 218 2908 1457 2957; baseline 0.005 -13"><span class='ocrx_word' id='word_1_412' title='bbox 218 2918 338 2952; x_wconf 70' lang='lat' dir='ltr'>Caesar,</span> <span class='ocrx_word' id='word_1_413' title='bbox 360 2919 404 2946; x_wconf 81' lang='lat' dir='ltr'>ed.</span> <span class='ocrx_word' id='word_1_414' title='bbox 428 2919 567 2957; x_wconf 84' lang='lat' dir='ltr'>Nipperd.</span> <span class='ocrx_word' id='word_1_415' title='bbox 1404 2908 1457 2949; x_wconf 72' lang='grc'>25</span> 
     </span>
    </p>
   </div>
  </div>
 </body>
</html>
