1835 3240
701 169 1125 210 -104—

172 282 329 322 bantur.
365 279 444 322 Sed
467 287 505 322 et
525 282 572 322 de
594 282 695 321 uiuis
718 288 757 321 et
778 282 824 322 de
846 282 1102 322 cadaueribus
1125 284 1163 322 id
1184 283 1344 322 uerbum
1368 285 1495 335 posuit
1516 281 1656 323 Liuius

173 347 337 399 XXIV,
368 347 422 389 39
456 350 688 389 ‘caeduntur
708 348 946 389 Hennenses
969 363 1090 389 cauea
1122 349 1262 389 inclusi
1294 357 1657 402 coaceruanturque

174 430 254 457 non
276 416 394 457 caede
415 416 540 456 solum
557 448 566 465 ,
601 416 669 456 sed
700 416 815 455 etiam
840 417 929 468 fuga
945 446 955 465 ,
990 430 1076 456 cum
1105 416 1171 456 alii
1202 430 1322 469 super
1343 417 1507 457 aliorum
1531 418 1658 470 capita

171 491 334 524 ruerent
372 490 488 535 atque
521 483 667 536 integri
708 483 878 531 sauciis,
925 482 1003 522 uiui
1038 483 1204 522 mortuis
1236 483 1454 524 incidentes
1486 485 1658 525 cumula-

173 552 340 592 rentur'.

288 615 384 656 Non
426 623 610 656 constant
647 617 719 656 sihi
738 619 760 666 ,⁵
798 631 897 670 quae
945 630 979 655 c.
1019 615 1098 663 73,
1140 615 1168 655 2
1208 616 1248 655 in
1297 616 1409 655 codd.
1450 616 1656 670 leguntur:

177 682 368 723 ‘Truncis
391 683 574 722 arborum
597 691 665 723 aut
685 684 889 724 admodum
913 683 1033 723 firmis
1056 683 1176 722 ramis
1198 683 1364 723 abscisis
1386 690 1502 736 atque
1524 684 1659 724 horum

175 749 376 790 delibratis
399 763 442 789 ac
464 751 684 802 praeacutis
708 750 975 794 cacuminibus
998 757 1209 804 perpetuae
1231 751 1362 791 fossae
1383 751 1522 803 quinos
1543 752 1661 805 pedes

174 817 279 857 altae
311 816 569 856 ducebantur.
615 816 703 857 Huc
735 817 791 857 illi
824 817 979 871 stipites
1010 817 1168 858 demissi
1191 825 1230 857 et
1251 818 1297 857 ab
1319 818 1451 857 infimo
1473 819 1658 868 reuincti,

175 898 224 924 ne
246 883 384 924 reuelli
407 890 591 935 possent,
624 884 672 923 ab
702 885 821 924 ramis
854 885 1102 925 eminebant'.
1162 884 1268 926 Nam
1293 893 1455 925 truncos
1478 886 1661 925 arborum

174 965 306 991 ramos
330 950 513 991 habuisse
534 950 706 1004 itemque
735 951 775 990 in
804 951 926 990 firmis
956 952 1074 991 ramis
1106 953 1204 992 alios
1235 967 1365 992 ramos
1397 953 1520 993 fuisse
1544 967 1662 1007 supra

174 1031 253 1057 non
275 1025 619 1058 commemoratum
642 1025 726 1058 est:
760 1018 917 1070 itaque,
954 1020 1273 1071 quemadmodum
1304 1020 1358 1060 illi
1390 1020 1543 1073 stipites
1566 1021 1660 1060 emi—

175 1097 271 1124 nere
293 1085 339 1124 ab
362 1085 481 1124 ramis
505 1086 728 1138 potuerint,
763 1099 841 1125 non
863 1086 1121 1139 intellegitur.
1164 1085 1209 1127 Id
1231 1102 1325 1128 uero
1349 1101 1660 1128 commemoran-

176 1152 262 1192 dum
287 1158 373 1192 erat
394 1153 638 1203 necessario,
663 1167 752 1193 eum
774 1153 814 1193 in
835 1153 884 1193 iis
906 1154 1042 1203 ramis,
1068 1155 1131 1208 qui
1154 1155 1391 1205 eminebant,
1418 1162 1497 1195 tota
1518 1156 1576 1195 rei
1597 1169 1662 1195 ra-

175 1218 230 1259 tio
252 1226 500 1259 uerteretur:
535 1220 688 1274 reliqua
719 1221 821 1261 enim
854 1221 997 1275 stipitis
1031 1236 1120 1275 pars
1143 1230 1250 1263 terra
1272 1222 1523 1262 obruebatur.
1586 1221 1664 1262 Est

175 1286 237 1326 hic
258 1287 360 1326 idem
382 1288 580 1338 mendum,
606 1289 707 1341 quod
730 1289 816 1329 hor.
842 1303 982 1329 comm.
1008 1288 1062 1338 II,
1089 1288 1143 1330 19
1160 1322 1170 1340 ,
1195 1288 1219 1330 5
1244 1294 1309 1343 (p.
1334 1288 1418 1343 64)
1449 1290 1663 1343 reprehen—

176 1354 318 1395 dimus.
381 1352 553 1408 Scripsit
575 1356 677 1396 enim
701 1353 854 1397 Caesar
881 1359 892 1380 ⁶
907 1356 1080 1396 Truncis
1110 1357 1291 1397 arborum
1314 1358 1518 1397 admodum
1540 1357 1661 1396 firmis

174 1422 294 1462 ramis
316 1422 514 1462 absoisis'.
543 1422 726 1463 Truncos
750 1424 871 1464 firmis
893 1423 1011 1463 ramis
1035 1424 1124 1473 dici,
1151 1424 1214 1476 qui
1236 1424 1367 1463 firmos
1390 1438 1520 1464 ramos
1545 1424 1663 1464 habe÷

175 1489 284 1539 bant,
310 1497 487 1544 apertum
510 1498 584 1531 est.
626 1490 671 1531 Id
693 1506 778 1531 cum
802 1506 880 1531 non
903 1491 1217 1543 intellegeretur,
1256 1493 1366 1531 ‘aut'
1388 1491 1663 1545 interpositum

176 1564 252 1597 est.
295 1557 427 1611 Atque
449 1558 503 1598 ita
525 1559 677 1599 demum
699 1566 807 1599 recte
830 1559 971 1598 habent
996 1558 1115 1598 uerba
1140 1563 1278 1610 ‘atque
1301 1559 1437 1598 horum
1461 1559 1664 1598 delibratis

175 1638 222 1665 ac
244 1626 464 1678 praeacutis
487 1626 782 1666 cacuminibus'.
833 1625 977 1678 Neque
1000 1625 1100 1664 enim
1124 1632 1348 1666 truncorum
1372 1625 1572 1664 cacumina
1597 1625 1662 1664 de-

176 1691 421 1732 librabantur
442 1700 509 1732 aut
530 1707 727 1732 ramorum
752 1693 876 1732 uicem
900 1706 1033 1731 eorum
1057 1692 1338 1740 obtinentium,
1372 1693 1438 1732 sed
1462 1705 1662 1732 ramorum

175 1758 327 1799 truncis
349 1759 662 1809 adhaerentium,
689 1761 751 1812 qui
775 1760 847 1799 soli
870 1760 1109 1799 eminebant.

291 1824 341 1866 C.
366 1826 420 1866 74
442 1827 537 1867 haec
558 1828 598 1867 in
621 1828 733 1867 codd.
758 1828 968 1880 leguntur:
1017 1825 1105 1866 ‘His
1128 1827 1245 1867 rebus
1268 1826 1450 1881 perfectis
1473 1827 1660 1879 regiones

176 1900 335 1934 secutus
358 1908 472 1947 quam
494 1895 621 1948 potuit
643 1894 899 1947 aequissimas
922 1908 991 1948 pro
1024 1894 1099 1933 loci
1130 1902 1269 1934 natura
1299 1891 1399 1933 XIV
1435 1894 1540 1934 milia
1573 1908 1662 1947 pas-

177 1974 287 2000 suum
317 1963 544 2015 complexus
576 1975 690 2015 pares
724 1963 897 2002 eiusdem
929 1962 1087 2015 generis
1110 1962 1371 2010 munitiones,
1409 1961 1585 2001 diuersas
1614 1961 1662 2001 ab

177 2027 252 2078 his,
279 2035 418 2069 contra
440 2030 680 2069 exteriorem
705 2029 854 2069 hostem
879 2029 1064 2082 perfecit,
1090 2036 1133 2069 ut
1154 2043 1201 2068 ne
1225 2043 1365 2083 magna
1387 2029 1540 2081 quidem
1563 2029 1662 2069 mul-

176 2095 358 2146 titudine,
383 2097 415 2136 si
437 2097 491 2136 ita
513 2097 681 2147 accidat,
707 2097 789 2137 eius
814 2097 992 2137 discessu
1014 2096 1274 2136 munitionum
1288 2096 1484 2149 praesidia
1497 2096 1661 2136 circum-

177 2162 285 2202 fundi
307 2171 493 2216 possent3
519 2171 584 2204 aut
607 2179 691 2205 cum
715 2164 888 2218 periculo
911 2178 962 2204 ex
985 2164 1127 2204 castris
1150 2164 1284 2217 egredi
1308 2171 1486 2218 cogatur,
1511 2164 1662 2204 dierum

177 2227 308 2269 XXX
339 2231 520 2284 pabulum
552 2232 865 2285 frumentumque
908 2232 1053 2272 habere
1088 2245 1223 2271 omnes
1255 2238 1490 2272 conuectum
1521 2231 1659 2270 iubet'.

177 2296 254 2337 Hic
275 2298 396 2337 uerba
429 2299 538 2339 ‘eius
567 2299 765 2340 discessu'
798 2307 907 2340 recte
939 2313 1016 2339 non
1050 2299 1195 2339 habere
1225 2298 1351 2338 sensit
1371 2296 1657 2350 Elberlingius.

178 2362 256 2416 Qui
279 2365 381 2404 enim
404 2366 605 2407 discedere
626 2368 812 2421 potuerit,
838 2381 951 2407 nemo
973 2374 1130 2420 praeter
1152 2364 1364 2407 Caesarem
1389 2365 1555 2418 cogitari
1578 2371 1663 2418 pot-

177 2438 252 2472 est.
297 2429 377 2472 Sed
405 2432 439 2472 is
470 2447 594 2486 neque
617 2435 819 2475 discedere
842 2434 1000 2475 uolebat
1022 2441 1074 2483 et,
1101 2448 1150 2475 ne
1172 2440 1396 2486 cogeretur,
1421 2446 1556 2472 omnes
1581 2433 1661 2472 fru-

178 2506 353 2543 mentum
375 2508 552 2553 paratum
576 2501 720 2543 habere
751 2502 921 2543 iubebat.
983 2501 1127 2554 Neque
1162 2501 1264 2541 enim
1297 2514 1348 2540 ex
1380 2514 1452 2546 eo,
1487 2500 1589 2552 quod
1620 2500 1661 2539 in

179 2567 291 2607 codd.
316 2567 500 2620 scriptum
523 2576 583 2609 est
614 2574 706 2610 ‘aut
728 2584 811 2610 cum
835 2570 1026 2622 periculo'
1051 2576 1164 2618 cett.,
1190 2567 1430 2608 contrarium
1452 2566 1556 2606 ellici
1577 2572 1662 2620 pot-

178 2641 253 2676 est.
295 2633 400 2675 Nam
432 2636 615 2677 frumenti
647 2637 854 2677 connectio
876 2637 953 2677 alio
975 2644 1155 2691 spectare
1178 2649 1258 2676 non
1278 2641 1446 2689 poterat,
1477 2648 1590 2686 quam
1613 2647 1663 2673 ne

179 2699 332 2742 Caesar
352 2701 586 2743 discederet.
630 2703 764 2757 Atque
789 2709 799 2728 ⁴
814 2705 901 2745 ant'
925 2705 1012 2745 ideo
1034 2704 1074 2744 in
1096 2703 1208 2744 codd.
1233 2703 1399 2757 positum
1423 2716 1512 2742 esse
1528 2734 1538 2750 ‚
1573 2701 1663 2755 quia

179 2768 278 2809 haec
299 2769 420 2810 uerba
442 2783 527 2809 cum
549 2771 817 2824 superioribus
838 2772 1113 2826 coniungenda
1141 2771 1400 2820 uidebantur,
1435 2783 1570 2810 omnes
1600 2769 1662 2809 in-

181 2836 436 2878 tellexerunt.
480 2835 524 2877 Id
546 2838 715 2878 dubitari
738 2847 882 2893 potest,
907 2846 1038 2881 utrum
1063 2839 1186 2889 ‘neu',
1212 2839 1314 2892 quod
1335 2838 1479 2888 editur,
1512 2835 1664 2878 Caesar
