1835 3240
95 180 176 223 316
614 180 688 223 DE
719 180 909 224 BELLO
941 180 1187 225 GALLICO

124 294 149 334 3
172 294 311 348 potuit,
336 294 384 334 ad
405 295 623 335 exercitum
647 295 861 335 contendit.
903 293 1049 335 Veneti
1069 296 1318 350 reliquaeque
1346 297 1438 338 item
1462 297 1642 338 ciuitates

171 362 327 415 cognito
340 359 525 402 Caesaris
548 363 718 402 aduentu
738 361 948 415 [certiores
971 362 1100 416 sacti]‚
1125 363 1239 403 simul
1257 366 1372 416 quod,
1397 372 1582 419 quantum
1604 367 1645 406 in

170 442 212 469 se
246 430 396 470 facinus
426 430 702 478 admisissent,
742 427 1047 482 intellegebant,
1081 429 1260 482 legatos,
1297 433 1395 483 quod
1426 448 1567 473 nomen
1599 433 1647 474 ad

171 510 305 537 omnes
329 498 508 537 nationes
528 495 1028 549 sanctuminuiolatumque
1050 510 1206 550 semper
1227 497 1382 547 fuisset,
1406 507 1584 540 retentos
1599 500 1645 540 ab

169 578 213 605 se
235 572 272 605 et
295 566 335 604 in
358 565 486 604 uincla
509 563 708 603 coniectos
725 593 736 613 ,
769 577 838 616 pro
870 564 1137 615 magnitudine
1160 564 1321 618 periculi
1340 564 1481 606 bellum
1504 582 1645 620 parare
1676 576 1693 607 5

172 638 211 671 et
232 632 401 671 maxime
424 645 484 677 ea,
511 644 609 683 quae
631 631 677 670 ad
700 644 811 670 usum
834 631 992 670 nauium
1015 632 1240 684 pertinent,
1267 633 1473 685 prouidere
1493 634 1649 674 institu-

124 697 151 737 4
172 706 258 749 unt,
285 699 355 738 hoc
378 698 525 737 maiore
548 712 631 751 spe,
657 699 758 751 quod
780 698 939 738 multum
963 706 1102 739 natura
1126 700 1203 739 loci
1226 701 1488 740 confidebant.
1525 699 1651 742 Pede-

172 766 268 805 stria
291 779 378 805 esse
401 765 544 805 itinera
566 766 723 805 concisa
746 766 954 806 aestuariis
970 797 980 816 ,
1015 768 1305 821 nauigationem
1329 768 1539 822 inpeditam
1561 782 1651 822 pro-

125 831 150 872 5
172 838 258 885 pter
278 833 524 872 inscientiam
547 833 721 873 locorum
744 834 1055 887 paucitatemque
1076 843 1254 888 portuum
1291 836 1492 886 sciebant,
1528 849 1651 888 neque

172 906 329 939 nostros
354 900 555 940 exereitus
578 908 735 955 propter
756 901 940 941 frumenti
963 901 1132 955 inopiam
1157 904 1300 944 diutius
1323 904 1423 957 apud
1445 917 1486 943 se
1508 903 1655 943 morari
1686 910 1726 943 10

125 964 152 1006 6
173 980 287 1020 posse
311 968 581 1008 confidebant:
616 983 662 1008 ac
692 969 768 1008 iam
792 976 831 1009 ut
854 969 984 1009 omnia
1007 977 1139 1011 contra
1165 971 1386 1023 opinionem
1409 971 1650 1020 acciderent,

171 1040 301 1074 tamen
325 1049 366 1075 se
389 1036 592 1089 plurimum
617 1036 783 1076 nauibus
807 1051 948 1090 posse,
980 1036 1181 1078 Romanos
1204 1053 1329 1091 neque
1353 1038 1466 1078 ullam
1489 1038 1653 1078 faculta—

172 1107 250 1141 tem
273 1102 417 1143 habere
449 1103 606 1143 nauium
629 1118 754 1156 neque
778 1117 912 1143 eorum
935 1105 1108 1145 locorum
1126 1137 1136 1155 ,
1171 1106 1235 1145 ubi
1257 1106 1396 1146 bellum
1421 1106 1569 1159 gesturi
1592 1118 1654 1145 es-

125 1166 152 1208 7
173 1176 277 1218 sent,
302 1170 415 1220 uada,
441 1178 593 1224 portus,
618 1171 766 1211 insulas
790 1171 972 1223 nouisse3
1007 1187 1052 1212 ac
1082 1173 1198 1226 longe
1233 1173 1346 1213 aliam
1381 1188 1468 1214 esse
1491 1173 1653 1226 nauiga-

174 1236 321 1276 tionem
352 1238 392 1276 in
424 1239 613 1277 concluso
645 1239 744 1278 mari
775 1246 892 1292 atque
924 1240 962 1279 in
995 1240 1220 1280 uastissimo
1253 1248 1369 1293 atque
1406 1240 1654 1293 apertissimo
1689 1247 1727 1280 15

125 1301 152 1344 8
174 1301 333 1344 Oceano
357 1304 659 1357 perspiciebant.
724 1305 796 1346 His
826 1306 934 1346 initis
966 1308 1140 1347 consiliis
1172 1307 1309 1360 oppida
1339 1308 1546 1356 muniunt,
1577 1309 1657 1347 fru-

126 1368 153 1410 9
173 1378 304 1410 menta
327 1385 377 1410 ex
401 1372 506 1425 agris
529 1372 568 1411 in
591 1374 729 1426 oppida
753 1381 1002 1427 conportant,
1029 1389 1150 1414 naues
1172 1373 1450 1424 inVenetiam,
1475 1373 1657 1414 nbiCae-

174 1451 302 1478 sarem
333 1439 496 1492 primum
527 1453 615 1480 esse
646 1441 788 1480 bellum
820 1448 1023 1494 gesturum
1058 1442 1286 1491 constabat,
1325 1456 1438 1495 quam
1470 1442 1655 1496 plurimas

100 1503 154 1546 10
175 1513 364 1559 possunt,
397 1515 555 1561 cogunt.
620 1506 761 1548 Socios
792 1508 865 1548 sibi
887 1509 934 1548 ad
956 1508 992 1548 id
1023 1509 1166 1549 bellum
1190 1507 1371 1550 Osismos
1388 1539 1398 1559 ,
1431 1508 1653 1559 Lexouios,

172 1572 411 1624 Namnetes,
429 1575 680 1625 Ambiliatos,
698 1575 896 1625 Morinos,
912 1575 1173 1624 Diablintres,
1190 1575 1395 1630 Menapios
1408 1577 1655 1628 adsciscunt3
1688 1583 1730 1618 20

174 1641 322 1681 auxilia
345 1656 398 1682 ex
421 1641 627 1682 Britannia
645 1675 654 1690 ,
680 1657 778 1697 quae
801 1651 938 1684 contra
961 1657 1027 1684 eas
1050 1645 1234 1698 regiones
1257 1645 1387 1698 posita
1408 1651 1491 1694 est,
1525 1658 1658 1684 arces-

98 1706 155 1751 10
177 1715 282 1748 suut.
318 1708 443 1749 Erant
465 1710 535 1750 hae
558 1711 803 1751 difficultates
825 1710 916 1751 belli
938 1712 1116 1764 gerendi,
1142 1726 1235 1764 quas
1258 1726 1375 1766 supra
1397 1712 1653 1761 ostendimus,

127 1774 155 1816 2
177 1776 245 1816 sed
266 1777 388 1817 multa
412 1775 626 1819 Caesarem
657 1785 788 1818 tamen
818 1779 866 1818 ad
895 1779 933 1818 id
963 1778 1105 1818 bellum
1137 1779 1378 1819 incitabant:
1403 1779 1570 1820 iniuriae
1594 1792 1657 1819 re-

321 1890 335 1922 1
358 1891 547 1934 contendit]
567 1893 738 1935 peruenit,
759 1893 822 1924 sed
839 1893 901 1924 z'llo
921 1893 998 1924 ead.
1019 1904 1064 1925 m.
1085 1895 1346 1935 suprascripto,
1371 1895 1409 1926 C.
1529 1894 1550 1926 2
1569 1891 1659 1934 [cer-

178 1941 281 1973 tiores
304 1941 399 1984 facti]
418 1943 456 1974 P.
479 1944 535 1976 66.
705 1944 723 1976 3
743 1944 981 1983 intelllgebant
998 1955 1066 1976 sec.
1086 1955 1134 1976 m.
1153 1945 1195 1977 B.
1382 1945 1423 1975 ad
1442 1945 1475 1976 A
1488 1945 1518 1975 B
1533 1944 1603 1976 OD
1617 1944 1668 1982 E,

178 1992 266 2034 apud
285 1993 349 2034 ef.
545 1996 566 2027 4
584 1995 624 2026 ab
643 2005 679 2026 se
700 1994 887 2034 (.›1B)Ee,
910 2005 927 2026 a
946 1996 1029 2037 ses.
1216 1996 1233 2027 5
1253 1995 1367 2027 uincla
1386 1995 1512 2027 BCD.

175 2043 194 2076 6
213 2044 396 2077 instituere
414 2046 460 2077 D.
647 2047 667 2079 8
686 2047 871 2088 inpeditam
888 2047 930 2078 B.
1111 2047 1145 2079 ‘ll
1169 2048 1370 2079 acciderant
1386 2047 1460 2079 AB
1475 2045 1513 2078 C.

178 2096 219 2130 12
239 2101 349 2128 tamen
370 2098 486 2140 onus.
628 2109 729 2140 posse
749 2109 847 2140 quam
866 2098 1035 2130 Romanos
1056 2099 1156 2130 codd.
1177 2109 1310 2130 omnes.
1462 2097 1566 2128 ullam
1586 2107 1654 2128 om.

175 2156 223 2178 m.
238 2156 298 2189 pr.
318 2147 363 2179 A.
523 2147 562 2180 14
581 2158 680 2180 nosse
701 2149 760 2179 be.
926 2149 964 2181 15
984 2150 1017 2180 in
1038 2150 1197 2181 concluso
1216 2148 1412 2180 uastissimo
1430 2147 1514 2178 mari
1534 2146 1659 2186 bc(l1i

177 2197 337 2239 cluso)s.
540 2204 641 2241 atque
660 2199 692 2230 in
712 2199 908 2231 uastissimo
929 2205 1029 2241 atque
1049 2200 1267 2242 apertissimo
1287 2199 1483 2240 (BCDE),·
1504 2202 1603 2239 atque
1623 2197 1657 2229 in

177 2249 374 2281 uastissimo
393 2250 447 2290 A‚-
467 2255 568 2292 atque
589 2252 621 2282 in
642 2251 854 2294 apertissimo
874 2262 891 2282 e
910 2253 963 2292 (in
982 2255 1083 2284 euius
1101 2261 1215 2293 marg.
1232 2251 1309 2282 ead.
1324 2261 1371 2282 m.
1391 2250 1578 2282 iustissimo
1594 2260 1659 2290 po-

177 2300 265 2341 suit)
286 2303 321 2331 et
339 2303 466 2332 omisso
486 2302 571 2344 ins,
594 2307 695 2344 atque
713 2303 747 2334 in
766 2307 884 2345 aperto
905 2303 943 2343 b,
964 2308 1064 2345 atque
1084 2304 1115 2335 in
1135 2303 1351 2346 paratissimo
1370 2313 1400 2334 c.
1543 2300 1581 2332 16
1599 2311 1673 2342 per-

178 2351 382 2393 spiciebant]
404 2354 592 2395 respiciunt
613 2356 644 2385 b.
788 2355 827 2387 17
847 2359 1049 2397 conportant
1066 2355 1108 2387 B.
1266 2355 1305 2387 18
1329 2354 1470 2396 primum
1491 2363 1566 2384 esse
1586 2353 1657 2384 bel-

177 2402 247 2435 lum
266 2404 480 2445 ABGDE,
501 2406 641 2446 primum
662 2406 787 2438 bellum
807 2407 824 2437 b
839 2407 906 2448 clf.
1106 2406 1311 2438 constabant
1329 2404 1554 2446 conplurimas
1574 2407 1658 2435 ante

180 2465 272 2487 corr.
293 2456 335 2487 B.
479 2458 517 2489 19
537 2457 689 2490 Osismos
708 2459 826 2499 Asel
846 2458 965 2490 Orosz'i
980 2458 1294 2499 Langobar-diens,
1317 2456 1489 2488 Ossismos
1508 2455 1607 2487 BEd
1623 2457 1661 2486 et

178 2506 362 2538 Portensis
382 2507 519 2545 Orosz'i,·
540 2506 705 2539 Osismios
724 2519 759 2539 u.
877 2508 1049 2540 Lexouios
1072 2509 1088 2539 b
1101 2508 1141 2547 d,
1161 2507 1330 2539 Lexobios
1348 2508 1391 2537 B.
1529 2507 1572 2541 20
1589 2505 1657 2538 Na-

177 2562 308 2589 mnetes
327 2558 356 2588 B
375 2561 411 2589 et
428 2558 545 2589 Orusz'i
562 2558 860 2599 Langobarcliens
878 2562 985 2599 atque
1003 2559 1204 2596 Por-tensis,
1230 2556 1404 2589 Nannetes
1424 2567 1458 2588 u.
1581 2556 1657 2588 Am-

183 2609 317 2640 biliatos
337 2608 394 2648 (11⁹,
417 2608 597 2639 Ambianos
617 2619 636 2639 α
650 2610 667 2639 b
680 2610 892 2649 eefetpro
909 2619 988 2639 παν.
1004 2608 1086 2639 lect.
1100 2610 1114 2639 ?
1132 2608 1154 2639 d
1172 2608 1313 2649 (eontra
1327 2633 1334 2647 ,
1352 2608 1477 2649 puto)‚·
1498 2607 1656 2640 Ambiua-

183 2658 268 2691 ritos
289 2658 447 2690 Orosius.
539 2659 747 2690 Diablintres
760 2659 883 2699 ABE,
904 2657 1092 2689 Dialintres
1108 2659 1149 2698 C‚·
1169 2657 1369 2689 Diablindes
1385 2659 1443 2698 bc,
1464 2658 1656 2690 Diablintes

170 2712 228 2754 su
245 2712 280 2742 et
289 2710 385 2751 apud
396 2710 555 2742 Orosz'um
572 2709 868 2751 Langobar-dicus
887 2712 922 2741 et
940 2710 1138 2741 Portensis.
1279 2711 1319 2745 21
1341 2711 1509 2742 Brittania
1526 2711 1565 2742 B.

182 2762 377 2795 arcessiunt
397 2763 429 2795 b.
522 2763 567 2797 22
584 2761 662 2804 hae]
685 2762 787 2793 hecce
805 2762 854 2802 B,
877 2762 961 2793 heae
983 2762 1021 2801 C,
1043 2772 1081 2793 ee
1099 2762 1152 2802 I);
1173 2762 1265 2793 unde
1285 2772 1345 2794 eae
1365 2762 1557 2795 lVlzz'ttz‘us.

180 2816 406 2857 belligerandi
427 2816 459 2847 b.
633 2815 675 2849 23
696 2815 755 2846 sed
775 2819 884 2846 tamen
905 2814 1085 2846 Caesarem
1105 2814 1210 2846 multa
1232 2815 1322 2854 CI),
1344 2815 1403 2847 sed
1420 2814 1526 2846 multa
1545 2818 1656 2846 tamen

183 2868 367 2901 Caesarem
385 2868 433 2905 E,
453 2867 497 2899 sit
517 2871 629 2898 tamen
647 2866 752 2897 multa
772 2865 951 2897 Caesarem
963 2867 999 2908 s.
1142 2866 1312 2907 iniurias.
