1835 3240
78 166 160 209 326
607 165 682 207 DE
713 164 903 207 BELLO
936 162 1183 207 GALLICO

105 280 134 322 2
155 279 395 329 acciderent,
415 278 564 332 equites
577 279 791 319 circumitis
806 277 973 318 bostium
986 278 1127 317 castris
1141 275 1290 318 Crasso
1303 277 1635 318 renuntiauerunt

156 361 234 387 non
257 346 393 387 eadem
415 359 502 386 esse
526 346 726 399 diligentia
758 345 805 384 ab
839 345 1054 384 decumana
1084 352 1196 397 porta
1217 352 1343 385 castra
1367 346 1514 386 munita
1538 345 1632 386 faci-

78 413 135 458 26
156 414 310 467 lemque
342 414 486 454 aditum
520 414 679 453 habere.
744 410 916 452 Crassus
949 411 1119 464 equitum
1143 413 1362 465 praefectos
1385 413 1629 462 cohortatus,

154 488 198 522 ut
218 482 371 535 magnis
394 481 577 534 praemiis
601 479 1025 532 pollicitationibusque
1047 493 1140 519 suos
1163 479 1412 529 excitarent,
1437 480 1526 533 quid
1549 480 1634 520 fieri

106 548 135 590 2
156 549 265 599 uelit,
291 549 476 588 ostendit.
537 546 626 596 Illi,
664 554 707 586 ut
729 554 814 586 erat
835 547 1092 600 imperatum,
1127 547 1276 586 eductis
1307 545 1356 585 iis
1389 547 1628 596 cohortibus,
1663 554 1683 585 5

155 630 255 669 quae
278 615 471 669 praesidio
485 614 630 654 castris
653 614 814 654 relictae
835 615 996 654 intritae
1019 615 1066 654 ab
1088 614 1221 655 labore
1243 620 1372 662 erant,
1397 620 1436 652 et
1456 614 1635 668 longiore

154 684 298 723 itinere
321 682 612 731 circumductis,
639 696 687 722 ne
701 696 751 722 ex
765 682 933 722 hostium
955 682 1095 722 castris
1117 681 1290 734 conspici
1312 687 1490 734 possent,
1515 682 1638 721 omni-

156 765 221 790 um
245 750 368 790 oculis
388 749 660 803 mentibusque
683 750 730 789 ad
753 764 922 803 pugnam
943 749 1106 789 intentis
1129 749 1314 790 celeriter
1335 749 1382 789 ad
1413 762 1479 788 eas
1496 779 1506 798 ‚
1541 762 1638 801 quas

110 818 135 859 3
159 818 344 866 diximus,
369 816 608 857 munitiones
631 825 899 871 peruenerunt
922 825 1036 870 atque
1060 817 1119 857 his
1142 817 1313 870 prorutis
1336 816 1442 870 prius
1464 815 1641 856 inhosti-

158 901 222 927 um
246 885 387 926 castris
411 885 684 932 constiterunt,
709 899 822 937 quam
844 885 957 938 plane
979 884 1025 925 ab
1049 885 1106 925 liis
1130 884 1255 924 uideri
1276 891 1356 933 aut,
1383 883 1471 936 quid
1493 884 1552 924 rei
1573 897 1642 937 ge·
1673 890 1714 922 10

109 952 137 994 4
157 960 329 1000 reretur,
355 952 539 1006 cognosci
562 960 709 1006 posset.
773 952 875 993 Tum
909 967 1003 993 nero
1036 953 1206 992 clamore
1238 952 1285 992 ab
1309 965 1354 992 ea
1375 958 1484 1004 parte
1507 950 1640 991 audito

159 1020 287 1061 nostri
308 1020 588 1073 redintegratis
610 1021 778 1068 uiribus,
804 1022 904 1074 quod
926 1021 1151 1074 plerumque
1172 1020 1213 1060 in
1236 1034 1303 1073 spe
1324 1018 1517 1059 uictoriae
1539 1018 1640 1058 acci-

113 1086 137 1129 5
161 1089 254 1129 dere
278 1088 498 1138 consueuit,
524 1088 655 1128 acrius
676 1089 892 1141 inpugnare
915 1095 1144 1142 coeperunt.
1202 1087 1350 1127 Hostes
1373 1087 1542 1139 undique
1565 1086 1641 1126 cir-

161 1157 355 1197 cumuenti
387 1156 603 1209 desperatis
634 1156 813 1195 omnibus
844 1156 964 1196 rebus
995 1170 1038 1196 se
1071 1169 1139 1208 per
1159 1155 1398 1194 munitiones
1426 1154 1581 1194 deicere
1604 1159 1643 1193 et

113 1222 140 1264 6
161 1225 251 1277 suga
284 1224 450 1263 salutem
489 1230 624 1276 petere
660 1223 926 1263 intenderunt.
993 1222 1102 1275 Quos
1146 1222 1341 1275 equitatus
1383 1220 1641 1274 apertissimis
1676 1227 1715 1259 15

162 1292 308 1345 campis
332 1298 581 1331 consectatus
605 1304 658 1330 ex
679 1291 824 1330 milium
849 1300 875 1331 L
897 1305 1078 1340 numero,
1105 1304 1203 1343 quae
1225 1303 1278 1329 ex
1299 1288 1513 1341 Aquitania
1537 1285 1645 1327 Can-

163 1359 359 1411 tabrisque
391 1360 625 1399 conuenisse
658 1359 890 1409 constabat,
933 1360 1004 1399 uix
1035 1365 1170 1411 quarta
1212 1364 1322 1410 parte
1357 1355 1494 1395 relicta
1524 1354 1646 1394 multa

83 1428 138 1472 27
158 1433 273 1466 nocte
295 1440 337 1466 se
360 1426 397 1465 in
421 1433 551 1466 castra
573 1427 728 1479 recipit.
768 1425 853 1466 Hac
876 1427 1007 1466 audita
1029 1439 1159 1480 pugna
1180 1425 1352 1464 maxima
1376 1437 1464 1477 pars
1478 1423 1645 1476 Aquita-

161 1495 250 1534 niae
273 1507 363 1534 sese
387 1492 536 1534 Crasso
569 1495 714 1534 dedidit
745 1494 979 1547 obsidesque
1011 1495 1114 1534 ultro
1137 1493 1267 1542 niisit3
1303 1506 1378 1545 quo
1410 1492 1450 1531 in
1482 1504 1645 1531 numero

161 1563 322 1602 fuerunt
341 1561 532 1611 Tarbelli,
557 1560 833 1615 Bige1Tiones,
862 1561 1008 1602 Ptianii
1025 1593 1034 1609 ,
1060 1561 1234 1603 Vocates
1250 1592 1259 1610 ,
1284 1559 1502 1600 Tarusates
1518 1590 1528 1609 ,
1553 1557 1648 1598 Elu-
1677 1564 1722 1599 20

113 1630 140 1672 2
162 1637 284 1680 sate-s,
311 1628 449 1679 Gates,
473 1629 613 1678 Ausci,
639 1628 851 1679 Garunini,
878 1628 1115 1679 Sibuzates,
1141 1626 1384 1669 Cocosates:
1421 1639 1567 1679 paucae
1588 1625 1645 1665 ul-

164 1699 281 1738 timae
304 1698 485 1737 nationes
507 1698 600 1737 anni
622 1704 798 1752 tempore
821 1699 1006 1747 conlisae,
1033 1697 1134 1750 quod
1156 1697 1279 1737 hiems
1295 1695 1469 1745 suberat,
1493 1694 1565 1734 hoc
1589 1694 1645 1733 sa-

163 1780 255 1807 c-ere
278 1765 554 1818 neglexerunt.

86 1833 144 1878 28
280 1832 430 1873 Eodem
454 1833 537 1872 scre
566 1840 741 1887 tempore
765 1831 940 1884 Caesar,
975 1833 1049 1873 etsi
1081 1846 1200 1887 prope
1232 1838 1375 1871 exacta
1405 1830 1480 1870 iam
1513 1835 1646 1870 aestas

310 1983 323 2015 1
346 1981 553 2013 accederent
569 1982 601 2013 D
616 1982 665 2021 Ε,
687 1982 853 2014 accedere
871 1983 943 2014 AB
956 1982 993 2014 C.
1159 1983 1240 2012 ante
1259 1980 1392 2022 equites
1411 1978 1495 2010 add.
1515 1977 1650 2009 sisuba-

162 2033 261 2074 tesf.
403 2033 692 2064 renunciauerunt
710 2032 784 2073 (B).
923 2035 943 2064 2
962 2032 1139 2072 diligentia
1159 2041 1236 2063 esse
1257 2031 1287 2062 1).
1392 2031 1408 2061 5
1429 2029 1515 2060 uelit
1534 2028 1646 2069 (Art),

162 2085 263 2116 uellit
281 2095 355 2116 cum
370 2088 507 2126 puncto
525 2085 726 2126 subpriore
745 2086 754 2116 l
773 2087 827 2125 B;
848 2085 953 2116 uellet
971 2085 1002 2116 D
1016 2084 1183 2125 Es7716i
1204 2083 1267 2115 10‘.
1408 2082 1449 2112 iis
1468 2081 1500 2112 A
1519 2084 1553 2111 el
1571 2090 1650 2111 cum

157 2139 296 2178 puncto
316 2137 377 2167 sab
392 2139 516 2178 priore
535 2137 543 2168 i
564 2137 613 2176 B,
636 2137 664 2168 is
687 2137 735 2176 Ο,-
754 2137 832 2168 inde
851 2137 943 2177 DE;
963 2147 1013 2168 1111
1032 2148 1051 2167 a
1066 2137 1082 2167 b
1097 2135 1223 2176 edes.
1372 2131 1581 2174 cohortibus]
1602 2132 1652 2164 le-

165 2188 321 2228 gionibus
341 2198 375 2220 α.
540 2188 558 2219 6
578 2188 739 2219 interitae
756 2188 835 2227 Ee,
858 2188 1037 2219 interritae
1056 2187 1126 2219 AB
1142 2187 1169 2218 C
1188 2186 1259 2226 (hie
1277 2186 1343 2215 int.
1364 2185 1473 2225 vers.)
1491 2184 1522 2215 D
1536 2183 1578 2222 d,
1600 2183 1650 2213 in-

164 2240 329 2280 tegracs.
471 2239 489 2272 7
510 2239 725 2281 circumspici
746 2245 885 2281 possent
905 2241 936 2271 b.
1079 2240 1098 2271 8
1118 2239 1282 2270 celeriter
1299 2237 1418 2277 onus.
1537 2235 1554 2267 9
1574 2245 1651 2277 per-

162 2294 332 2320 uenerant
350 2289 394 2320 A.
597 2290 748 2332 prorutis
766 2290 951 2330 Faernus,-
972 2289 1143 2332 proruptis
1161 2289 1232 2320 AB
1247 2288 1274 2320 E
1294 2298 1309 2318 e
1332 2286 1485 2326 ‘'onmes⁷,
1508 2295 1649 2327 praeru-

164 2340 230 2382 ptis
241 2342 278 2382 s.
422 2341 462 2373 10
483 2341 534 2372 his
554 2342 639 2383 As,
661 2342 726 2373 hiis
745 2342 791 2382 E,
813 2345 860 2374 iis
880 2342 940 2384 (Β)
955 2353 989 2374 ιι.
1154 2341 1196 2375 12
1219 2339 1342 2381 nostri]
1363 2339 1447 2370 nihil
1464 2348 1511 2369 m.
1528 2347 1587 2379 pr.
1607 2338 1649 2369 B.

312 2392 352 2425 13
372 2392 558 2434 inpugnare
578 2395 621 2425 B.
770 2395 807 2426 15
828 2394 1124 2435 contenderunts.
1244 2393 1283 2424 16
1308 2390 1553 2433 quinquaginta
1572 2388 1648 2430 (B).

310 2445 350 2477 18
371 2445 492 2486 recipit
510 2445 583 2477 AB
598 2447 686 2487 CD,
709 2447 840 2488 recepit
859 2457 893 2480 ιι.
1058 2444 1135 2487 hac]
1155 2455 1194 2476 ac
1214 2446 1256 2475 Β.
1432 2443 1472 2475 19
1492 2442 1589 2474 dedit
1606 2442 1651 2474 A.

308 2497 415 2539 misit]
437 2498 559 2529 obtulit
581 2499 617 2539 b,
640 2500 810 2541 detulitf.
1034 2498 1078 2532 20
1096 2497 1222 2529 Ptianii
1240 2494 1414 2533 ABDE,
1436 2493 1547 2525 Ptiani
1570 2494 1596 2525 C
1610 2494 1650 2534 d,

163 2547 392 2589 Pthicianis3
411 2547 567 2579 Preciani
588 2559 621 2580 u.
808 2548 969 2581 Elusates
988 2549 1027 2588 d,
1050 2548 1226 2579 Elustates
1247 2546 1350 2577 dubie
1367 2546 1431 2576 Art
1445 2570 1452 2582 ,
1475 2544 1650 2576 Flustates

164 2599 321 2641 BEset
344 2602 467 2630 ‘celeri
485 2600 541 2631 uel
558 2599 764 2632 Frustates'.
1006 2600 1046 2634 21
1069 2598 1172 2630 Gatcs
1191 2597 1263 2629 AD
1278 2597 1309 2628 E
1325 2596 1400 2636 df,
1423 2595 1555 2628 Gaiites
1575 2606 1655 2627 cum

158 2656 297 2695 punc-lo
315 2653 379 2684 sub
391 2655 516 2694 priore
535 2653 544 2683 i
563 2653 612 2692 B,
635 2652 758 2684 Gartcs
781 2651 827 2691 Ο,-
847 2651 986 2684 Garitcs
1005 2662 1039 2683 u.
1185 2649 1337 2681 Garunni
1355 2648 1397 2680 B.
1556 2648 1655 2679 Sibu-

168 2709 265 2737 zates
284 2705 397 2745 Abe,
428 2704 627 2736 Sibutzates
646 2706 738 2737 BE:
767 2704 970 2736 Liberones.
1001 2703 1141 2735 Saniua.
1164 2701 1317 2733 Catesta.
1339 2705 1490 2732 rusates.
1513 2700 1653 2732 auscisi.

171 2757 348 2797 bulatess
370 2757 419 2788 (Ιι.
439 2766 469 2788 e.
503 2755 715 2795 Liberones‚
745 2755 849 2794 Sani,
868 2752 1038 2795 vacates,
1069 2752 1278 2792 Tarusates,
1308 2751 1434 2792 Ausci,
1463 2751 1654 2784 Sibulates'

168 2807 337 2839 Sclznez'd.
569 2807 614 2843 22
631 2804 801 2848 nationes]
822 2804 984 2837 ciuitates
1004 2814 1033 2837 c,
1267 2803 1395 2846 hiemps
1414 2803 1456 2835 B.

169 2861 249 2901 hoc]
269 2860 302 2892 id
322 2870 351 2892 c.
