1835 3240
91 886 130 917 10

95 1225 132 1256 15

90 1564 135 1598 20

90 1903 132 1935 25

549 153 735 197 COMM.
760 153 858 197 VIII
881 151 1005 196 CAP.
1031 151 1149 193 34—-
1165 153 1231 193 37.
1636 154 1715 195 481

164 286 250 314 nem
271 284 322 310 ex
345 282 392 309 eo
414 282 578 309 numero
601 269 729 309 uiuum
752 269 835 323 capi
859 268 1076 322 patiuntur.
1125 264 1308 318 Profugit
1328 266 1416 305 inde
1441 281 1524 307 cum
1550 283 1642 322 pau-

162 340 217 380 cis
238 337 450 378 Lucterius
474 350 546 377 nec
568 351 610 377 se
632 337 772 391 recipit
793 337 833 376 in
856 342 999 376 castra.
1045 333 1106 374 Re
1129 335 1228 373 bene
1250 340 1360 386 gesta
1376 330 1567 374 Caninius
1592 350 1643 376 ex
1659 336 1717 380 36

163 405 327 459 captiuis
350 405 540 458 comperit
561 412 709 459 partem
732 405 931 457 copiarum
955 417 1039 443 cum
1061 400 1261 456 Drappete
1284 415 1374 441 esse
1396 401 1434 440 in
1457 404 1598 442 castris
1621 418 1644 443 a

162 474 316 513 milibus
339 473 455 527 longe
479 487 557 513 non
579 473 743 526 amplius
764 479 844 512 XII.
890 469 978 523 Qua
1009 485 1051 510 re
1083 484 1134 510 ex
1172 469 1434 523 compluribus
1468 470 1641 522 cognita,

166 555 251 581 cum
274 541 524 595 intellegeret
555 541 686 594 fugato
719 539 816 578 duce
850 539 973 578 altero
994 538 1226 591 perterritos
1249 537 1422 590 reliquos
1444 537 1556 576 facile
1580 552 1646 591 op-

161 608 275 663 primi
298 622 427 662 posse‚
452 622 619 661 magnae
634 606 831 647 felicitatis
855 619 944 646 esse
966 605 1235 645 arbitrabatur
1258 605 1450 645 neminem
1465 619 1515 645 ex
1529 606 1647 645 caede

161 677 358 730 refugisse
379 677 421 716 in
443 683 599 725 castra,
635 675 701 727 qui
731 675 778 714 de
808 680 969 727 accepta
1001 672 1224 713 calamitate
1256 673 1433 712 nuntium
1457 671 1646 727 Drappeti

163 746 370 798 perferret.
397 744 477 785 Sed
497 744 539 784 in
561 742 807 796 experiundo
830 756 915 781 cum
940 741 1155 794 periculum
1180 740 1323 780 nullum
1348 741 1515 790 uideret,
1541 741 1649 794 equi·
1671 741 1697 781 2

163 818 285 851 tatum
309 825 461 852 omnem
486 809 785 863 Germanosque
806 810 956 863 pedites
971 840 980 858 ‚
1011 822 1186 849 summae
1209 808 1430 848 uelocitatis
1453 809 1645 859 homines,

163 880 208 919 ad
232 886 363 919 castra
387 879 556 919 hostium
578 879 819 932 praemittit3
850 878 934 931 ipse
963 877 1158 930 legionem
1192 890 1307 915 unam
1332 877 1369 915 in
1394 878 1496 917 trina
1520 885 1648 917 castra

164 947 387 997 distribuit,
427 947 590 987 alteram
614 960 745 986 secum
769 946 992 999 expeditam
1015 944 1137 984 ducit.
1203 941 1303 983 Cum
1337 946 1496 998 propius
1529 946 1653 986 hostis
1672 946 1697 986 3

162 1015 416 1063 accessisset,
442 1014 489 1053 ab
513 1014 848 1068 exploratoribus,
875 1027 971 1067 quos
995 1013 1269 1067 praemiserat,
1295 1013 1500 1067 cognoscit
1521 1021 1651 1053 castra

164 1095 301 1122 eorum
316 1113 326 1132 ,
358 1089 402 1122 ut
423 1082 678 1122 barbarorum
703 1083 784 1123 fere
807 1082 1051 1122 consuetudo
1074 1088 1134 1121 est
1149 1111 1158 1128 ,
1182 1081 1333 1121 relictis
1355 1081 1452 1120 locis
1476 1082 1653 1134 superio-

164 1150 272 1190 ribus
295 1151 342 1191 ad
363 1151 470 1204 ripas
494 1150 664 1190 fluminis
687 1164 776 1191 esse
798 1150 993 1199 demissa3
1029 1156 1068 1189 at
1090 1147 1313 1189 Germanos
1344 1149 1572 1201 equitesque
1594 1150 1653 1189 in-

165 1218 421 1271 prudentibus
454 1218 634 1258 omnibus
667 1219 713 1258 de
744 1218 947 1272 inprouiso
970 1217 1179 1258 aduolasse
1202 1218 1470 1271 proeliumque
1494 1218 1654 1257 commi-

167 1286 284 1326 sisse.
330 1284 419 1338 Qua
450 1300 495 1327 re
529 1287 686 1341 cognita
717 1287 911 1340 legionem
935 1293 1124 1326 armatam
1147 1287 1456 1337 instructamque
1480 1285 1652 1325 adducit.
1676 1286 1703 1325 4

164 1352 226 1393 Ita
247 1361 410 1407 repente
433 1355 612 1394 omnibus
635 1368 687 1394 ex
710 1354 886 1408 partibus
916 1354 1030 1408 signo
1053 1354 1141 1395 dato
1164 1354 1251 1394 loca
1271 1353 1473 1406 superiora
1497 1353 1656 1407 capiun-

169 1429 244 1462 tur.
291 1420 407 1475 Quod
430 1422 497 1462 ubi
518 1422 686 1471 accidit,
711 1420 901 1462 Germani
933 1422 1162 1475 equitesque
1194 1422 1319 1474 signis
1360 1421 1525 1474 legionis
1559 1421 1655 1461 uisis

167 1489 512 1530 uehementissime
534 1491 793 1544 proeliantur.
830 1487 1050 1530 Confestim
1074 1491 1257 1530 cohortes
1281 1490 1447 1541 undique
1470 1489 1654 1542 impetum
1679 1489 1703 1529 5

168 1558 317 1598 faciunt
338 1558 596 1611 omnibusque
618 1565 686 1598 aut
706 1559 929 1598 interfectis
952 1565 1019 1598 aut
1042 1558 1164 1612 captis
1178 1572 1320 1612 magna
1336 1558 1481 1611 praeda
1504 1558 1658 1610 potiun-

167 1632 245 1665 tur.
291 1623 458 1679 Capitur
477 1625 563 1679 ipse
585 1640 630 1666 eo
653 1626 802 1679 proelio
825 1625 1022 1680 Drappes.
1059 1624 1255 1666 Caninius
1280 1625 1505 1665 felicissime
1526 1638 1570 1664 re
1593 1639 1660 1678 ge·
1680 1625 1735 1669 37

167 1699 227 1732 sta
249 1693 334 1733 sine
356 1693 435 1733 ullo
458 1706 583 1747 paene
605 1693 741 1733 militis
764 1694 930 1734 uulnere
953 1695 1000 1734 ad
1023 1694 1258 1734 obsidendos
1282 1694 1498 1747 oppidanos
1521 1707 1659 1734 reuer-

168 1760 263 1800 titur
283 1768 532 1815 externoque
556 1761 668 1801 hoste
691 1761 818 1801 deleto
833 1793 842 1811 ‚
877 1762 987 1802 cuius
1012 1762 1150 1802 timore
1173 1768 1290 1802 antea
1312 1762 1486 1801 diuidere
1509 1762 1659 1814 praesi-
1681 1764 1706 1802 2

171 1828 231 1868 dia
256 1836 296 1869 et
317 1829 536 1870 munitione
559 1830 774 1883 oppidanos
798 1830 1044 1870 circumdare
1067 1830 1286 1883 prohibitus
1309 1836 1422 1879 erat,
1447 1843 1566 1882 opera
1588 1843 1659 1869 un-

166 1896 281 1950 dique
303 1896 469 1951 imperat
490 1897 773 1939 administrari.
818 1897 944 1939 Venit
973 1899 1107 1940 eodem
1141 1912 1225 1938 cum
1250 1897 1331 1938 suis
1355 1896 1476 1950 copiis
1498 1904 1657 1951 postero
1681 1898 1705 1937 ὃ

170 1964 231 2004 die
254 1962 378 2006 Gaius
400 1963 549 2006 Fabius
572 1974 799 2021 partemque
821 1967 951 2022 oppidi
972 1966 1093 2008 sumit
1114 1967 1161 2006 ad
1184 1965 1453 2006 obsidendum.

316 2080 330 2113 1
352 2080 505 2123 profugit
521 2082 552 2114 B
572 2082 727 2124 ‘ceter-2⁴2
750 2083 868 2125 effugit
885 2095 943 2116 ee.
978 2102 982 2105 -
1128 2083 1266 2124 410nge
1286 2085 1369 2114 ante
1386 2092 1451 2113 non
1472 2081 1658 2122 collocam',

168 2131 264 2173 quod
280 2134 317 2163 z'n
334 2132 365 2164 B
383 2136 419 2164 et
435 2134 586 2176 reliquis
602 2139 688 2177 post
705 2146 783 2167 eam
801 2147 924 2169 uocem
943 2137 1098 2179 legitur,
1130 2138 1168 2167 in
1189 2136 1206 2166 b
1222 2147 1238 2166 c
1250 2135 1300 2166 de
1319 2137 1516 2166 omittitur.

170 2193 206 2216 re
224 2194 294 2216 om.
315 2184 345 2216 B
365 2186 460 2217 ‘mssa
481 2186 527 2219 4⁹.
668 2188 823 2230 pluribus
844 2190 875 2221 b.
1017 2190 1035 2220 5
1057 2188 1244 2230 perterreri
1263 2187 1412 2228 reliquos
1433 2186 1534 2218 facile
1554 2191 1589 2218 et
1605 2197 1661 2228 op-

169 2237 267 2278 primi
288 2238 305 2268 b
318 2248 334 2269 e
352 2237 439 2279 (pro
460 2237 564 2271 facile
582 2244 669 2273 ante
687 2251 783 2273 corr.
804 2241 920 2273 faeere
933 2241 991 2281 B).
1135 2240 1154 2272 6
1174 2239 1393 2271 infelicitatis
1403 2239 1601 2271 Davisius:
1623 2243 1663 2271 tn

169 2290 357 2329 sequentia
374 2291 425 2321 sic
443 2291 611 2332 amplicat
634 2292 662 2324 si
684 2303 780 2324 nemo
798 2311 844 2316 ——
861 2293 1061 2332 refugisset.
1226 2291 1378 2323 nemines
1398 2292 1441 2323 A.
1621 2302 1661 2323 ex

171 2341 276 2374 caede
296 2341 426 2383 fugisse
439 2343 487 2382 C‚·
508 2354 549 2375 ex
563 2345 668 2376 caede
681 2344 840 2386 refugere
857 2346 873 2376 b
887 2355 914 2385 c,
937 2344 1106 2376 excedere
1127 2342 1246 2384 fugere
1260 2354 1290 2374 e.
1431 2342 1451 2374 8
1466 2341 1616 2374 referret
1629 2343 1659 2374 b.

314 2392 334 2424 9
354 2393 566 2436 uelocitatis]
588 2395 768 2427 felicitatis
788 2397 832 2428 A.
1056 2394 1208 2426 homines
1227 2394 1258 2426 B
1273 2394 1405 2426 CDab
1419 2404 1498 2425 ceu
1518 2394 1668 2436 (suerat

175 2445 318 2482 omues).
462 2444 502 2477 10
522 2445 554 2476 in
575 2447 666 2477 trina
685 2457 746 2487 ae,
768 2447 858 2478 intra
877 2447 906 2478 B
924 2450 960 2478 et
975 2446 1112 2487 reliqui
1123 2446 1302 2487 plerique.
1446 2445 1483 2477 11
1508 2447 1663 2488 proprius

174 2494 216 2525 B.
357 2497 463 2529 hostis
477 2498 647 2539 ABCD,
671 2499 786 2531 hostes
806 2510 823 2530 e
844 2499 1021 2541 ‘rele'qai'.
1167 2497 1204 2530 13
1219 2498 1292 2529 fere
1312 2498 1522 2529 consuetudo
1542 2498 1665 2530 estBe

176 2544 354 2586 ‘reliqui'‚
378 2547 447 2579 fert
465 2550 677 2581 consuetudo
697 2561 775 2581 eum¹
794 2550 887 2582 And.
912 2550 1027 2582 Oxou.
1048 2560 1084 2580 u.
1246 2548 1285 2582 14
1304 2549 1442 2580 dimissa
1463 2549 1519 2579 be.

176 2596 375 2638 equitesque
394 2599 452 2639 (B)
467 2599 548 2639 CD,
569 2601 701 2642 equites
720 2601 752 2633 A
764 2601 781 2632 b
795 2611 825 2632 e.
969 2600 1233 2643 inprudentibus
1246 2600 1287 2631 B.
1433 2600 1473 2632 15
1494 2600 1661 2641 omnihus}

176 2647 366 2679 hominibus
387 2650 475 2681 boe.
628 2653 802 2695 inprouiso
821 2653 864 2685 B.
1020 2653 1255 2696 proeliumque
1275 2653 1305 2684 B
1319 2664 1335 2684 e
1357 2653 1451 2683 ‘tn-35.
1473 2653 1658 2694 pler-z’que',

176 2703 210 2729 et
227 2698 392 2740 proelium
413 2710 447 2731 ιι.
587 2703 819 2735 commississe
839 2703 881 2734 B.
1022 2703 1062 2736 18
1082 2704 1284 2746 equitesque
1303 2702 1363 2744 (B)
1377 2703 1460 2742 CI),
1482 2704 1613 2745 equites
1632 2705 1664 2735 A

177 2749 194 2779 b
209 2748 270 2780 de.
413 2749 457 2782 22
475 2759 582 2791 poene
601 2753 644 2784 B.
798 2754 840 2788 23
860 2759 962 2785 antea
982 2754 1136 2786 diuidere
1154 2754 1259 2786 ABd
1279 2754 1457 2794 ‘1·el1‘qaz··‚·
1479 2754 1587 2785 dinire
1606 2755 1666 2786 uel

176 2799 286 2831 diuire
306 2809 344 2838 e,
375 2809 501 2840 augere
519 2802 613 2834 And.
637 2805 753 2837 0³:071.
775 2808 809 2836 et
826 2815 894 2837 sec.
915 2815 962 2836 m.
985 2805 1025 2846 d,
1058 2809 1096 2837 et
1109 2807 1148 2838 lu‘
1166 2809 1202 2837 et
1219 2816 1236 2836 e
1255 2807 1384 2837 omisso
1404 2809 1518 2836 antea.

177 2850 219 2882 25
239 2849 344 2882 Gaius
364 2852 403 2891 B,
425 2851 462 2883 C.
483 2862 517 2883 u.

213 2899 323 2927 Caesar
354 2901 397 2928 ed.
423 2901 564 2938 NIpperd.
1411 2906 1459 2946 31
