1835 3240
689 159 1112 199 ——231—

157 274 331 327 Pompeii
352 279 513 326 praeter
534 279 719 325 quattuor
739 273 916 325 legiones
940 286 1017 312 non
1041 272 1171 324 magni
1194 274 1380 312 momenti
1404 275 1540 316 fuisse.
1565 275 1644 317 Ita-

159 355 246 394 que,
271 354 320 381 ne
342 341 426 393 quis
449 340 683 389 miraretur,
719 341 819 392 quod
841 338 1049 392 Pompeius
1081 346 1212 379 tamen
1235 339 1375 379 bellum
1399 340 1553 395 longius
1576 344 1644 383 du-

156 408 309 457 xisset,
342 407 590 459 quamobrem
620 407 658 446 id
687 408 909 457 accidisset,
945 408 1172 447 declarauit.
1217 405 1496 460 Adiunguntur
1517 417 1644 450 autem

155 475 234 515 illis
257 474 388 515 uerbis
413 475 531 514 haec:
561 474 677 514 ‘Nam
694 475 774 514 fere
790 475 906 514 totius
921 474 1118 514 ulterioris
1132 473 1348 527 Hispaniae
1362 475 1647 529 regiopropter

157 550 288 583 terrae
318 543 595 583 fecunditatem
627 543 781 596 inopem
815 543 1084 594 dillicilemque
1116 542 1230 581 habet
1253 543 1582 596 oppugnationem
1607 553 1645 584 et

155 625 234 650 non
257 610 383 650 minus
407 611 601 663 copiosam
625 610 905 662 aquationem'.
948 609 1022 648 Hic
1050 610 1182 662 inepte
1213 616 1343 649 terrae
1367 611 1645 650 fecunditatem

155 677 197 716 in
227 692 344 717 causa
377 678 497 718 fuisse
529 677 629 726 dici,
665 684 708 716 ut
739 677 977 730 oppugnatio
1007 677 1119 729 inops
1158 683 1264 716 esset
1295 683 1333 716 et
1372 677 1527 730 aquatio
1567 692 1646 718 non

156 745 284 784 minus
325 745 483 797 copiosa
499 775 508 792 ,
548 743 711 797 Lipsius
753 745 966 784 intellexit.
1018 743 1123 784 Nam
1156 742 1460 798 Oudendorpius
1494 745 1646 798 quidem

156 826 235 851 non
257 812 400 852 leuiter
421 819 605 866 nugatur,
631 812 696 864 qui
719 811 766 851 ob
791 819 920 852 terrae
942 812 1218 851 secunditatem
1243 813 1435 852 culturam
1457 812 1646 854 siluarum

156 881 373 933 neglectam
406 886 517 933 putat
546 879 710 932 ideoque
741 894 806 920 res
839 881 886 919 ad
916 880 1246 934 oppugnationem
1271 881 1518 921 necessarias
1541 881 1648 922 dese-

156 948 275 988 cisse.
311 945 544 988 Coniciebat
565 954 693 987 autem
709 945 870 1001 Lipsius
896 952 1046 987 ‘terrae
1062 947 1395 987 insecunditatcm'
1410 949 1645 1003 etdeinceps

159 1022 214 1056 ‘et
245 1030 322 1056 non
354 1016 468 1055 nimis
501 1016 698 1069 copiosam
722 1016 985 1069 aquationem'
1015 1015 1262 1055 scribendum
1287 1028 1389 1056 csse.
1436 1016 1584 1057 Verum
1609 1025 1647 1057 et

156 1084 430 1124 fecunditatem
456 1083 671 1137 Hispaniae
693 1084 893 1123 ulterioris
917 1080 1062 1123 Strabo
1085 1090 1125 1123 et
1147 1081 1297 1122 Plinius
1321 1084 1433 1136 (hist.
1460 1092 1540 1124 nat.
1568 1084 1643 1135 III,

159 1151 197 1204 l,
221 1152 265 1204 7)
289 1152 471 1202 laudant,
503 1166 629 1205 neque
660 1152 700 1191 in
731 1166 777 1192 ea
799 1165 923 1204 aquae
946 1151 1094 1205 copiam
1119 1151 1342 1201 desideres,
1376 1158 1490 1205 atque
1512 1152 1553 1191 in
1575 1153 1647 1193 hac

156 1226 291 1273 parte,
323 1219 387 1259 ubi
408 1219 547 1259 bellum
572 1220 782 1273 gerebatur
798 1251 807 1266 ‚
841 1220 982 1260 flumen
1006 1217 1162 1259 Salsum
1196 1219 1242 1259 ab
1275 1226 1439 1259 auctore
1462 1219 1554 1260 belli
1576 1219 1649 1260 Hi-

157 1288 379 1341 spaniensis
403 1294 745 1327 commemoratur.
780 1286 923 1341 Neque
945 1300 1040 1327 uero
1062 1286 1100 1326 id
1122 1287 1246 1326 solum
1261 1286 1433 1340 ineptum
1447 1294 1521 1337 est,
1548 1287 1649 1340 quod

158 1354 318 1408 Lipsius
330 1356 596 1408 reprehendit,
622 1355 689 1395 sed
701 1356 833 1405 etiam,
852 1355 951 1407 quod
966 1355 1267 1408 oppugnationis
1283 1355 1485 1394 difficultas
1510 1362 1548 1395 et
1570 1369 1649 1395 non

158 1424 286 1462 minus
309 1423 467 1476 copiosa
490 1422 647 1476 aquatio
670 1423 989 1473 coniunguntur,
1015 1435 1114 1473 quae
1135 1435 1200 1461 res
1222 1421 1515 1462 diuersissimae
1537 1429 1644 1462 sunt.

159 1490 295 1543 Itaque
318 1491 410 1530 mihi
434 1498 572 1530 auctor
593 1490 650 1530 sic
672 1490 826 1529 uidetur
847 1488 1078 1542 scripsisse:
1108 1488 1230 1529 ‘Nam
1254 1496 1335 1528 tota
1352 1490 1434 1529 fere
1447 1490 1648 1530 ulterioris

158 1558 374 1611 Hispaniae
405 1558 516 1611 regio
548 1565 708 1611 propter
739 1565 870 1597 terrae
903 1557 1180 1596 fecunditatem
1205 1564 1245 1596 et
1265 1571 1344 1595 non
1367 1556 1493 1597 minus
1517 1558 1648 1610 copio-

157 1640 241 1666 sam
264 1626 514 1681 aquationem
538 1625 693 1677 longam
716 1624 987 1676 difficilemque
1012 1623 1128 1663 habet
1149 1624 1511 1676 oppugnationem'.
1546 1624 1650 1664 Ter-

157 1707 225 1735 rae
248 1694 351 1734 enim
374 1693 611 1732 fecunditate
641 1699 681 1731 et
712 1692 870 1745 copiosa
892 1691 1101 1744 aquatione
1124 1690 1365 1730 efficiebatur
1380 1722 1389 1740 ,
1424 1699 1466 1731 ut
1497 1691 1650 1732 obsessi

158 1775 283 1815 neque
306 1762 407 1801 fame
430 1774 555 1813 neque
578 1760 641 1799 siti
665 1759 781 1800 facile
803 1760 851 1799 ad
867 1759 1102 1799 deditionem
1118 1758 1461 1812 compellerentur.
1497 1758 1652 1799 Trans-

158 1830 425 1883 ponendorum
449 1836 579 1868 autem
603 1828 813 1868 uerborum
843 1827 1015 1868 remedio
1050 1840 1121 1866 nos
1153 1834 1263 1867 recte
1293 1827 1333 1866 in
1364 1826 1436 1866 hoc
1467 1826 1566 1868 libro
1597 1827 1651 1867 uti

160 1897 305 1950 insigni
328 1897 559 1936 documento
582 1904 690 1945 sunt,
716 1909 816 1947 quae
840 1910 874 1934 c.
900 1894 926 1934 9
948 1895 1149 1947 leguntur.

269 1963 465 2004 Extremo
487 1977 522 2002 c.
547 1962 573 2002 8
594 1963 761 2002 relatum
785 1969 844 2003 est
864 1963 902 2002 in
927 1963 1025 2002 colle
1048 1962 1229 2015 quodam,
1255 1963 1319 2015 qui
1343 1959 1485 2003 Castra
1508 1961 1653 2003 Postu-

160 2032 289 2072 miana
321 2030 589 2084 appellabatur
620 2037 660 2071 et
689 2045 710 2070 a
733 2028 909 2084 Pompeii
944 2030 1085 2071 castris
1117 2030 1223 2069 milia
1255 2044 1441 2083 passuum
1466 2038 1653 2084 quattuor

159 2099 318 2149 aberat,
354 2095 568 2139 Caesarem
601 2099 805 2139 castellum
838 2099 1093 2139 constitutum
1129 2098 1327 2138 habuisse.
1376 2096 1505 2150 ‘Quod
1534 2097 1652 2138 Pom-

161 2166 301 2220 peius',
331 2166 460 2222 inquit
490 2174 628 2207 auctor
661 2181 695 2207 c.
721 2166 747 2207 9
778 2166 853 2216 in.,
889 2167 1014 2219 ‘quod
1047 2166 1182 2206 eodem
1214 2166 1308 2220 iugo
1341 2166 1547 2219 tegebatur
1576 2167 1653 2207 loci

160 2241 301 2275 natura
334 2241 373 2274 et
402 2241 595 2274 remotum
627 2241 714 2274 erat
743 2249 764 2274 a
796 2236 939 2273 castris
962 2231 1176 2284 Caesaris,
1211 2234 1549 2275 animaduertebat
1576 2235 1653 2274 loci

160 2302 419 2342 difficultatem
443 2310 496 2352 et,
523 2303 610 2355 quia
634 2303 790 2342 flumine
813 2299 929 2342 Salso
952 2301 1304 2352 intercludebatur,
1334 2317 1412 2342 non
1436 2317 1526 2344 esse
1548 2317 1654 2343 com-

160 2371 366 2410 missurum
391 2367 629 2420 Caesarem,
654 2377 698 2409 ut
718 2370 756 2410 in
781 2377 887 2410 tanta
912 2370 988 2409 loci
1011 2370 1234 2409 difficultate
1258 2370 1305 2410 ad
1326 2370 1540 2411 subsidium
1564 2371 1652 2411 mit-

164 2438 317 2478 tendum
347 2452 390 2478 se
423 2438 717 2478 committeret'.
772 2436 840 2478 Sic
881 2438 983 2477 enim
1026 2445 1207 2478 extrema
1246 2438 1366 2478 uerba
1409 2439 1650 2479 emendanda

164 2512 299 2554 erant,
326 2520 410 2545 cum
432 2506 470 2545 in
493 2506 673 2545 omnibus
696 2507 779 2545 fere
802 2506 914 2545 codd.
931 2505 1132 2559 legeretur
1156 2507 1219 2545 ‘ad
1242 2506 1458 2546 subsidium
1474 2506 1652 2546 commit-

166 2572 318 2610 tendum
341 2587 383 2613 se
396 2574 609 2613 mitteret':
638 2574 678 2613 in
701 2588 779 2613 uno
802 2575 888 2613 cod.
908 2572 1046 2613 Vrsini
1069 2574 1257 2627 scriptum
1281 2581 1356 2623 est,
1383 2575 1484 2626 quod
1508 2574 1649 2621 editur,

169 2638 231 2677 ‘ad
255 2639 463 2679 subsidium
488 2640 792 2681 submittendum
815 2655 857 2681 se
880 2641 1084 2691 mitteret',
1110 2642 1149 2681 in
1168 2640 1254 2682 Pet.
1272 2649 1311 2681 et
1328 2641 1456 2681 Noru.
1472 2642 1651 2681 ellectum

166 2711 225 2743 est
249 2706 318 2744 ‘ad
340 2707 551 2747 subsidium
576 2709 759 2749 ueniret'.
795 2707 877 2749 Iam
899 2708 1166 2763 Glandorpius
1190 2709 1415 2749 coniecerat
1439 2709 1501 2748 ‘ad
1524 2707 1652 2747 subsi-

168 2770 269 2809 dium
300 2772 596 2815 submittendum
626 2790 669 2815 se
701 2777 992 2817 committeret'.
1047 2776 1239 2830 Reliqua,
1275 2784 1317 2816 ut
1339 2775 1473 2830 posui,
1506 2774 1652 2825 scripta

166 2838 318 2879 suntin
339 2837 431 2880 Par.
457 2855 538 2882 sec.
563 2850 616 2893 et,
644 2850 685 2883 ut
705 2850 796 2898 puto
812 2875 822 2894 ,
847 2845 887 2884 in
910 2844 1030 2887 Vind.
1056 2859 1134 2899 pr.,
1159 2859 1244 2886 cum
1269 2842 1534 2885 Schneiderus
1558 2855 1652 2894 quo-
