1835 3240
78 160 164 203 460
612 160 686 203 DE
710 160 898 203 BELLO
923 160 1176 204 GALLICO

154 273 375 315 Minucium
407 273 580 315 Basilum
619 290 705 315 cum
745 274 965 328 legionibus
1005 275 1152 316 duabus
1183 276 1222 316 in
1256 275 1394 316 Remis
1433 276 1637 325 conlocat,

107 342 134 382 6
156 356 206 383 ne
238 356 350 397 quam
382 343 429 384 ab
460 343 648 383 finitumis
679 340 904 382 Bellouacis
936 342 1198 383 calamitatem
1233 343 1441 396 accipiant.
1496 341 1638 384 Gaium

154 411 370 451 Antistium
394 410 589 464 Reginum
614 410 651 448 in
676 408 965 459 Ambilaretos,
997 409 1130 450 Titum
1154 408 1336 450 Sextium
1358 411 1398 450 in
1420 408 1638 464 Bituriges,

155 475 296 518 Gaium
321 476 528 519 Caninium
553 477 737 517 Rebilum
760 477 800 516 in
815 475 991 517 Rutenos
1014 492 1100 517 cum
1123 477 1288 531 singulis
1310 477 1531 532 legionibus
1554 479 1642 518 mit-

109 544 134 585 7
156 546 215 586 tit.
276 544 467 598 Quintum
488 543 659 584 Tullium
683 541 917 585 Ciceronem
942 552 982 586 et
1001 544 1181 586 Publium
1206 542 1420 599 Sulpicium
1443 542 1639 586 Cabilloni
1670 555 1688 586 5

155 621 195 654 et
215 613 441 654 Matiscone
463 613 502 652 in
526 611 701 652 Haeduis
730 613 776 652 ad
798 612 960 653 Ararim
984 613 1041 653 rei
1067 613 1346 653 frumentariae
1368 626 1487 653 causa
1508 615 1641 654 conlo-

107 680 134 721 8
156 688 233 721 cat..
296 680 384 735 Ipse
406 678 592 721 Bibracte
615 681 787 721 hiemare
810 680 1031 721 constituit.
1056 682 1085 734 †
1110 680 1179 722 His
1202 681 1345 722 litteris
1367 681 1537 735 cognitis
1560 679 1641 721 Ro-

153 763 240 790 mae
262 750 412 790 dierum
436 749 574 803 uiginti
596 749 826 804 supplicatio
846 749 1034 790 redditur.

598 1174 657 1216 A.
756 1171 1195 1216 HlRTll

258 1314 411 1382 DE
490 1314 898 1383 BELLO
971 1312 1535 1382 GALLIGO

503 1482 968 1526 COMMENTARIVS
1011 1482 1294 1527 OCTAVVS.

264 1766 438 1809 Coactus
461 1770 633 1810 adsiduis
657 1770 732 1809 tuis
756 1770 919 1810 uocibus
935 1801 944 1818 ‚
972 1767 1110 1816 Balbe,
1142 1784 1226 1809 cum
1251 1769 1448 1809 cotidiana
1470 1782 1554 1809 mea
1577 1783 1640 1809 re-

152 1836 303 1876 cusatio
326 1851 403 1876 non
427 1837 662 1877 difficultatis
686 1837 985 1878 excusationem
1002 1868 1011 1886 ‚
1044 1838 1113 1878 sed
1145 1838 1312 1878 inertiae
1343 1838 1545 1877 uideretur
1575 1837 1640 1876 de-

104 1903 130 1942 2
152 1904 420 1957 precationem
453 1905 623 1955 habere,
666 1920 749 1946 rem
778 1906 1037 1946 difficillimam
1070 1906 1242 1959 suscepi.
1296 1902 1483 1945 Caesaris
1514 1904 1639 1944 nostri

300 2053 311 2084 1
336 2052 515 2085 Minutium
535 2055 575 2086 B.
721 2054 869 2086 Basilum
888 2066 957 2087 om.
977 2054 1216 2087 Flodoardus.
1358 2053 1548 2094 legionibus
1559 2052 1640 2082 dua-

151 2104 212 2136 bus
233 2104 263 2136 B
279 2105 517 2147 Flodoardus,
540 2107 670 2139 duabus
690 2107 881 2147 legionibus
900 2118 935 2139 u.
1077 2107 1235 2138 conlocat
1252 2106 1293 2138 B.
1437 2106 1458 2137 2
1475 2104 1516 2135 ab
1536 2103 1594 2144 (B)
1612 2102 1640 2134 C

150 2154 182 2186 Ι)
196 2155 226 2195 b,
249 2165 316 2187 nou
337 2166 367 2188 a.
511 2158 675 2190 finitumis
694 2158 783 2190 AD.
925 2157 1045 2190 Gaium
1064 2157 1106 2198 B,
1129 2156 1166 2188 C.
1187 2167 1222 2188 u.
1379 2154 1639 2188 3Ambilaretos

151 2205 181 2236 B
202 2206 324 2247 ‘mss.',
346 2206 582 2240 Ambiuaretos
602 2220 634 2240 u.
658 2209 697 2240 P.
721 2209 797 2242 106.
962 2207 1077 2240 Titum
1096 2207 1136 2247 B,
1160 2206 1201 2238 T.
1222 2217 1256 2238 u.
1417 2207 1438 2237 4
1457 2204 1576 2236 Gaium
1594 2203 1637 2243 B,

152 2255 189 2287 C·
211 2267 246 2287 τι·
411 2260 428 2291 5
449 2258 610 2301 Quintum
629 2260 671 2300 B,
692 2259 732 2302 Q.
753 2270 789 2292 u.
955 2257 1109 2291 Publium
1129 2258 1169 2298 B,
1192 2256 1228 2289 Ρ.
1249 2268 1283 2288 u.
1467 2255 1638 2287 Cabilloni

154 2308 453 2351 ‘mss.pleriq1(e'‚
476 2311 725 2351 CabillonniB‚
748 2311 904 2344 Cabiloni
927 2310 1042 2351 ‘alit’5
1061 2309 1232 2342 Cauilloni
1253 2309 1284 2339 b.
1426 2306 1445 2338 ὃ
1466 2306 1506 2337 ad
1525 2306 1566 2336 ad
1576 2304 1634 2337 Ar.

151 2358 193 2389 Β.
336 2362 494 2394 conlocat
505 2364 547 2395 B.
690 2363 709 2395 7
728 2364 779 2395 bis
798 2363 925 2395 litteris
945 2363 1091 2402 cognitis
1106 2363 1135 2394 A
1147 2362 1177 2393 Β
1191 2362 1218 2393 C
1230 2361 1262 2392 D
1276 2371 1304 2399 c,
1327 2360 1426 2391 buius
1439 2359 1517 2391 anni
1538 2359 1639 2390 rebus

151 2412 298 2452 cognitis
317 2424 337 2445 a
350 2414 367 2444 b
380 2424 419 2454 ε,-
439 2415 490 2446 his
510 2416 609 2447 rebus
630 2415 756 2447 litteris
775 2415 935 2448 Caesaris
954 2415 1101 2455 cognitis
1123 2424 1156 2445 ιι.
1320 2412 1340 2444 8
1358 2422 1401 2442 xx
1423 2411 1493 2452 (B)-

151 2465 306 2497 redditur
324 2467 439 2507 codd„
462 2468 626 2500 indicitur
645 2479 678 2499 u.
823 2467 929 2500 lulius
943 2467 1066 2498 Celsus
1078 2465 1324 2497 Constantinus
1344 2474 1377 2495 u.
1397 2474 1427 2494 c.
1448 2463 1529 2503 legi.
1544 2462 1641 2494 Com-

152 2517 341 2550 mentarius
362 2518 519 2550 Caesaris
546 2520 635 2551 liber
661 2519 826 2561 septimus
846 2517 986 2561 explicit
1003 2518 1045 2549 B.
1073 2516 1225 2559 Explicit
1251 2515 1340 2547 liber
1358 2514 1522 2556 septimus
1541 2524 1562 2544 a
1581 2516 1635 2553 el,

152 2579 214 2611 qm
233 2579 279 2601 vn
293 2593 301 2609 ,
322 2579 352 2600 e.

294 2707 335 2739 A.
357 2706 458 2738 Hirtii
478 2707 559 2746 Ac‚·
579 2706 617 2737 A.
635 2705 735 2737 Hirtii
756 2705 865 2736 Panse
885 2714 997 2735 rerum
1017 2708 1189 2745 gestarum
1203 2703 1238 2735 C.
1262 2703 1423 2734 Caesaris
1441 2714 1474 2741 a,
1496 2706 1533 2733 et
1550 2701 1637 2733 ‘Hir-

152 2760 199 2790 tio
219 2757 350 2790 Pansae
371 2759 464 2789 lianc
482 2757 610 2788 librum
631 2756 818 2788 ascribunt
835 2766 917 2787 mss.
939 2755 1079 2797 aliquot
1097 2756 1325 2793 vetustiores,
1342 2752 1638 2795 praenomenAu—

151 2811 173 2841 li
193 2810 275 2842 add.
299 2809 342 2840 b'.
364 2808 487 2851 lncipit
505 2807 591 2838 liber
609 2812 750 2838 octauus
773 2806 924 2838 feliciter
941 2807 982 2838 B.
1006 2805 1126 2848 lncipit
1146 2817 1203 2837 vni
1223 2817 1251 2836 e.
1271 2806 1310 2837 P.
1332 2806 1362 2837 9.
1547 2805 1555 2836 l
1581 2803 1639 2834 ad—

154 2862 263 2894 siduis
282 2861 325 2893 B.
469 2861 488 2892 3
508 2870 576 2892 rem
596 2871 664 2891 om.
685 2860 715 2891 B
735 2861 830 2891 ‘mss.
853 2858 897 2898 δ’,
914 2862 997 2900 post
1014 2858 1244 2890 difficillimam
1260 2862 1400 2900 ponunt
1415 2858 1493 2889 edd.
