1835 3240
103 159 184 201 366
626 160 699 203 DE
730 160 919 204 BELLO
951 159 1201 204 GALLICO

177 271 408 326 Ambiorige
430 272 634 314 consilium
656 274 785 314 datum
801 305 811 323 ,
836 273 1066 326 longissimo
1089 275 1241 327 agmine
1263 273 1524 327 maximisque
1544 273 1653 328 inpe-

101 339 155 384 32
177 340 372 380 dimentis.
416 339 472 381 At
493 341 625 381 hostes
641 373 651 391 ,
688 348 942 393 posteaquam
965 354 1017 381 ex
1039 348 1229 380 nocturno
1253 342 1409 382 fremitu
1432 341 1653 395 uigiliisque

179 408 226 448 de
246 408 488 462 profectione
510 415 886 458 eorumsenserunt,
913 409 1127 448 conlocatis
1148 408 1300 448 insidiis
1322 408 1503 461 bipertito
1521 409 1563 449 'in
1587 409 1654 449 sil-

176 476 237 515 uis
260 482 478 529 opportuno
501 483 615 527 atque
637 476 788 515 occulto
811 476 896 516 loco
919 489 940 516 a
971 476 1125 516 milibus
1158 489 1343 529 passuum
1373 475 1531 516 circiter
1561 477 1654 516 duo-

130 541 157 583 2
178 542 249 583 bus
280 542 550 582 Romanorum
581 543 791 583 aduentum
826 544 1113 597 expectabant,
1151 550 1190 582 et
1219 557 1306 582 eum
1337 556 1379 582 se
1407 544 1532 583 maior
1561 558 1650 597 pars

178 611 344 664 agminis
367 610 405 649 in
429 623 608 663 magnam
631 611 849 652 conuallem
872 611 1118 660 demisisset,
1150 624 1202 650 ex
1233 617 1397 663 utraque
1428 619 1538 665 parte
1570 613 1654 652 eius

178 678 292 718 uallis
315 677 441 718 subito
465 691 509 717 se
531 679 788 719 ostenderunt
810 679 1125 732 nouissimosque
1148 692 1326 732 premere
1341 685 1379 718 et
1400 679 1545 732 primos
1568 694 1656 733 pro·

178 746 311 786 hibere
333 758 499 785 ascensu
521 751 636 798 atque
658 746 904 799 iniquissimo
928 747 1074 787 nostris
1096 747 1181 786 loco
1204 745 1391 799 proelium
1413 747 1657 787 committere

104 812 163 857 33
187 819 415 866 coeperunt.
456 811 556 852 Tum
581 813 733 853 demum
754 814 949 865 Titurius,
975 814 1039 867 qui
1063 814 1157 854 nihil
1179 820 1269 854 ante
1292 813 1552 867 prouidisset,
1578 820 1657 854 tre-

179 881 312 934 pidare
335 887 373 920 et
405 894 645 922 concursare
667 881 928 935 cohortesque
951 882 1158 935 disponere
1174 912 1184 931 ,
1218 881 1312 921 haec
1343 888 1473 921 tamen
1503 881 1590 934 ipsa
1611 881 1659 921 ti-

178 948 279 988 mide
302 954 420 1001 atque
443 955 485 988 ut
506 962 594 989 eum
617 950 745 989 omnia
769 950 937 990 delicere
958 949 1213 999 uiderentur3
1239 949 1339 1002 quod
1361 949 1588 1002 plerumque
1609 948 1658 988 iis

178 1015 359 1056 accidere
381 1015 600 1066 consueuit,
626 1016 689 1069 qui
712 1017 751 1056 in
772 1017 857 1070 ipso
879 1018 1038 1071 negotio
1061 1017 1267 1057 eonsilium
1290 1030 1429 1070 capere
1447 1023 1653 1070 coguntur.

130 1082 158 1126 2
179 1082 235 1123 At
256 1080 400 1133 Cotta,
436 1083 501 1136 qui
533 1084 745 1138 cogitasset
778 1085 872 1125 haee
904 1099 1018 1138 posse
1040 1085 1080 1124 in
1102 1084 1245 1124 itinere
1268 1084 1448 1124 accidere
1471 1091 1585 1136 atque
1609 1083 1657 1123 ob

179 1164 263 1191 eam
287 1164 444 1190 causam
466 1152 721 1204 profectionis
744 1159 881 1192 auctor
903 1167 980 1193 non
1003 1153 1141 1192 fuisset
1156 1183 1165 1201 ,
1199 1152 1303 1191 nulla
1337 1151 1376 1191 in
1399 1165 1442 1191 re
1465 1151 1659 1192 communi

179 1218 297 1259 saluti
320 1219 454 1258 deerat
475 1226 514 1258 et
535 1219 575 1258 in
597 1220 837 1272 appellandis
861 1218 1389 1272 cohortandisquemilitibus
1413 1218 1660 1272 imperatoris

131 1284 156 1326 3
179 1293 219 1326 et
239 1286 278 1326 in
302 1299 429 1340 pugna
460 1286 594 1326 militis
625 1287 747 1326 officia
772 1287 1009 1340 praestabat.
1062 1285 1163 1327 Cum
1191 1293 1350 1340 propter
1377 1285 1660 1338 longitudinem

179 1353 346 1407 agminis
377 1353 505 1392 minus
538 1353 653 1393 facile
684 1355 813 1393 omnia
845 1368 913 1407 per
935 1368 977 1394 se
1000 1354 1110 1394 obire
1133 1361 1186 1404 et,
1211 1355 1300 1407 quid
1324 1367 1474 1406 quoque
1497 1353 1582 1393 loco
1605 1353 1662 1392 fa-

179 1421 358 1461 ciendum
382 1427 510 1470 essct,
536 1421 744 1473 prouidere
767 1429 956 1475 possent,
981 1422 1182 1462 iusserunt
1203 1421 1486 1475 pronuntiare,
1520 1428 1563 1460 ut
1590 1421 1662 1460 im-

130 1488 157 1528 4
178 1488 399 1542 pedimenta
422 1488 693 1541 relinquerent
715 1496 830 1542 atque
851 1489 891 1529 in
914 1490 1048 1529 orbem
1072 1489 1355 1530 consisterent.
1418 1486 1532 1541 Quod
1567 1502 1661 1528 eon-

179 1555 307 1595 silium
330 1555 404 1595 etsi
426 1555 466 1595 in
488 1556 675 1596 eiusmodi
700 1571 794 1597 c-asu
816 1558 1182 1611 reprehendendum
1214 1572 1290 1598 non
1321 1564 1407 1607 est,
1442 1564 1572 1597 tamen
1602 1557 1662 1596 in-

133 1623 157 1664 5
180 1623 380 1664 commode
401 1624 567 1664 accidit:
602 1639 690 1664 nam
723 1632 760 1666 et
792 1626 938 1665 nostris
970 1625 1155 1665 militibus
1179 1640 1285 1679 spem
1309 1625 1448 1665 minuit
1470 1631 1508 1665 et
1529 1624 1661 1665 hostes

179 1690 226 1731 ad
249 1704 415 1744 pugnam
438 1692 652 1732 alacriores
677 1693 829 1743 effecit,
864 1694 964 1746 quod
996 1707 1074 1733 non
1096 1694 1180 1733 sine
1202 1707 1352 1733 summo
1375 1693 1513 1732 timore
1536 1698 1575 1731 et
1597 1691 1662 1731 de-

133 1757 159 1799 6
181 1758 406 1812 speratione
430 1759 467 1798 id
490 1760 632 1799 factum
656 1760 876 1800 uidebatur.
920 1759 1138 1801 Praeterea
1161 1760 1325 1810 accidit,
1363 1760 1463 1813 quod
1485 1760 1570 1799 fieri
1593 1773 1662 1799 ne-

181 1839 292 1867 eesse
315 1833 422 1873 erat,
454 1833 498 1866 ut
528 1828 648 1880 uulgo
680 1828 821 1869 milites
844 1828 889 1868 ab
913 1828 1036 1883 signis
1061 1828 1331 1877 discederent,
1367 1841 1466 1880 quae
1498 1827 1661 1880 quisque

182 1907 318 1934 eorum
340 1894 543 1934 carissima
566 1894 751 1946 haberet,
787 1897 833 1936 ab
864 1897 1151 1950 impedimentis
1184 1903 1316 1950 petere
1350 1902 1466 1948 atque
1488 1895 1664 1948 arripere
1720 1901 1734 1908 '

326 2076 339 2108 1
364 2076 602 2117 inpedimentis
622 2078 664 2109 B.
827 2080 848 2112 2
867 2078 922 2120 ex]
943 2079 982 2110 de
1004 2079 1035 2110 b.
1206 2078 1224 2110 3
1244 2076 1372 2119 eorum]
1393 2078 1464 2108 eius
1486 2077 1517 2108 b.

182 2127 387 2168 (conlocatis
406 2127 451 2168 B)
470 2127 616 2160 conlatis
636 2139 681 2160 m.
700 2139 757 2170 pr.
781 2129 821 2161 C.
1000 2130 1159 2172 bipertito
1181 2130 1227 2170 B,
1250 2140 1319 2161 non
1338 2128 1515 2171 bipartito.

183 2181 200 2211 5
220 2179 448 2221 expectabant
465 2179 506 2210 B.
648 2185 682 2212 et
700 2191 767 2212 om.
791 2182 808 2212 b
823 2192 878 2212 ee.
1035 2182 1143 2213 maior
1161 2192 1227 2212 om.
1252 2182 1339 2212 hee.
1503 2179 1520 2210 6
1540 2178 1663 2210 demis-

182 2231 287 2262 sisset
304 2232 352 2270 B,
375 2229 565 2262 dimisisset
585 2231 680 2263 ‘mss.
695 2231 885 2272 plerique&
1029 2231 1046 2263 7
1067 2231 1320 2273 nouissimoque
1343 2231 1383 2262 C.
1505 2229 1524 2261 8
1543 2238 1663 2260 aseen-

182 2293 221 2314 su
238 2283 285 2322 B,
308 2293 376 2314 non
395 2282 576 2313 adscensu.
719 2283 845 2314 nostris
866 2284 883 2314 b
897 2293 914 2313 e
927 2282 977 2314 de
990 2307 998 2322 ,
1022 2288 1213 2315 nostrorum
1231 2283 1261 2313 B
1283 2279 1432 2313 ‘ceter—2⁶.
1569 2280 1587 2312 9
1606 2279 1663 2311 Ti-

183 2333 309 2373 turius,
330 2333 384 2374 qui
403 2333 433 2363 B
454 2331 607 2372 ‘ceteri’5
627 2332 795 2370 Titurius,
817 2333 926 2374 utqui
947 2334 1035 2364 boe.
1148 2333 1188 2365 10
1209 2337 1243 2364 et
1259 2342 1335 2363 cam
1357 2342 1425 2363 ano
1445 2331 1514 2363 det.
1535 2341 1604 2361 om.
1624 2340 1659 2361 u.

327 2383 365 2415 ⁴11
387 2387 423 2414 ut
442 2383 471 2413 ei
491 2383 548 2414 be.
691 2384 830 2416 dificere
848 2386 890 2415 B.
1034 2385 1075 2418 12
1094 2384 1258 2416 accedere
1278 2384 1308 2415 B
1322 2383 1403 2415 OD.
1548 2382 1587 2414 13
1607 2393 1662 2413 co-

183 2437 312 2477 gitasse
330 2435 509 2467 uideretur
527 2436 608 2467 haee
628 2436 689 2467 de.
848 2436 886 2468 16
907 2446 980 2468 cum
998 2437 1028 2468 B
1049 2436 1240 2477 ‘mss.sere
1258 2434 1401 2473 omne-5⁹,-
1422 2434 1510 2476 quod
1530 2444 1601 2465 cum
1623 2434 1662 2474 b,

185 2498 326 2529 cumque
345 2497 379 2519 ιι.
525 2487 563 2519 17
582 2488 691 2519 minus
712 2487 814 2519 facile
833 2499 867 2528 e,
889 2498 952 2518 non
975 2488 1074 2519 facile
1096 2488 1137 2527 b‚-
1157 2487 1265 2518 minus
1288 2485 1401 2517 facere
1420 2486 1450 2517 B
1466 2485 1560 2516 ‘yn-ss.
1578 2485 1663 2527 plu-

184 2539 299 2571 rimi’.
442 2537 553 2568 omnia
571 2547 631 2579 per
649 2548 685 2569 se
705 2538 776 2569 AB
790 2537 879 2576 OD,
901 2547 961 2578 per
979 2547 1015 2568 se
1036 2537 1144 2568 omnia
1164 2536 1276 2568 Aldus
1295 2546 1329 2567 τι.
1459 2535 1565 2577 obii-c]
1585 2536 1662 2567 obe-

184 2587 257 2619 dire
275 2587 322 2618 D.
464 2587 504 2618 18
524 2586 721 2629 prouidere]
742 2587 831 2618 scire
850 2597 870 2618 a
884 2597 913 2618 e.
1054 2585 1244 2627 iusserunt]
1266 2590 1375 2617 tamen
1396 2586 1478 2618 add.
1501 2587 1532 2618 b.

185 2636 408 2681 pronuntiare
427 2637 500 2668 AB
515 2637 585 2669 CD
598 2648 617 2668 a
634 2638 672 2677 b,
694 2636 907 2679 pronuntiari
926 2647 956 2667 e.
1154 2636 1197 2669 20
1214 2636 1458 2677 reprehenduin
1476 2647 1522 2668 m.
1539 2646 1598 2678 pr.
1618 2637 1661 2669 B.

327 2689 502 2720 incomode
522 2688 562 2720 B.
725 2689 764 2722 21
787 2688 916 2719 hostem
937 2688 966 2718 b.
1130 2688 1173 2721 22
1192 2687 1232 2718 ad
1251 2697 1394 2728 pugnam
1413 2688 1444 2719 A
1458 2689 1524 2728 be,
1546 2688 1586 2719 ad
1605 2698 1665 2730 pu-

187 2739 354 2781 gnandum
372 2739 403 2770 B
421 2741 457 2770 et
472 2739 617 2779 reliqui.
736 2738 937 2769 alacriorem
958 2738 989 2769 b.
1133 2737 1214 2769 fecit
1234 2739 1250 2769 b
1265 2738 1327 2770 de.
1468 2739 1510 2771 23
1529 2743 1663 2781 propte-

189 2802 246 2824 rea
267 2792 298 2824 b.
454 2791 497 2823 24
516 2794 552 2821 ut
569 2790 691 2822 orm-b.
848 2799 934 2831 quae
953 2789 1095 2832 quisque
1113 2790 1161 2831 A,
1185 2800 1336 2833 quaeque
1355 2791 1496 2833 quisque
1515 2790 1660 2831 reliqui.

329 2842 371 2879 25
391 2842 544 2885 abripere
562 2852 639 2874 cum
658 2844 832 2884 quattuor
850 2841 936 2874 dett.
956 2851 991 2873 tl.

1691 889 1732 921 10

1696 1225 1733 1258 15
